2542 3842
301 166 381 212 nnn.
395 165 486 212 nien.
500 165 563 212 xrr.
581 161 699 216 14-16.
717 152 871 233 (aa-35.)
1026 151 1088 228 ato

155 322 203 382 15.
228 318 313 397 (33.)
336 317 460 380 Murram
487 320 515 378 in
535 319 638 380 iisdem
656 319 739 380 suris
759 321 929 398 permixtam
950 317 1132 384 arborcmbti

88 407 168 468 nasci
185 403 329 472 tradidere
346 402 451 480 aliqui,
472 403 572 481 plures
588 405 760 481 separatim,
776 405 885 482 qnippe
901 401 998 462 multis
1016 403 1090 462 locis
1158 434 1162 445 κ

89 489 215 551 Arabiae
236 489 378 564 gignitur,
405 495 434 546 nt
456 485 608 565 adperebit
629 488 658 546 in
674 487 842 564 generibus.
875 486 1046 550 convehitur
1061 496 1090 550 et

89 593 127 638 ex
141 573 241 634 insulis
258 571 386 646 laudata,
412 580 569 649 petuntque
591 588 658 632 eam
677 574 764 634 etlam
785 572 822 632 aul
837 570 1023 648 Trogodytas
1037 572 1089 632 Sa·

60 659 156 719 abaci
171 655 289 718 transitu
304 656 412 728 maris„
433 657 526 717 sativa
543 671 660 734 qnoque
675 657 812 734 prouenit
828 655 946 718 multum
962 655 1090 716 siluestri

88 742 229 821 praelata.
259 739 367 816 gaudet
387 740 487 800 rastris
504 748 590 818 atque
612 739 900 818 ablaqueationibus‚
921 737 1026 801 molior
1044 755 1089 803 ra·

88 827 153 886 dice
169 823 352 900 rolrigerata.

153 908 236 986 (34.)
262 906 369 966 Arbori
385 905 503 967 altitudo
523 907 560 967 ad
578 907 704 985 qqinque
721 906 833 982 cubita,
848 925 904 966 nec
918 908 982 967 nine
995 908 1132 984 spinc‚6‘l

89 993 209 1054 caudice
228 991 300 1052 duro
316 1000 346 1050 et
366 991 490 1067 intorto,
511 992 658 1052 crassiore
672 1009 758 1070 quarn
773 993 860 1066 turis,
884 999 914 1050 et
934 989 971 1053 ab
991 991 1090 1055 radice

49 1091 79 1132 10
90 1078 175 1137 etiam
196 1093 280 1154 qnam
306 1073 418 1152 reliqua
439 1077 482 1134 sni
504 1083 598 1153 parte.
635 1077 776 1137 corticem
794 1075 891 1136 leuem
909 1074 1090 1152 similemque

89 1159 216 1220 unedoni
229 1157 362 1220 scabrum
377 1158 425 1220 ulii
439 1159 648 1237 spinosumque
663 1159 782 1234 dixere,
796 1159 897 1220 lolium
911 1159 1024 1233 olivae,
1041 1177 1089 1218 ue·

89 1262 150 1304 rum
167 1243 290 1320 crispius
302 1251 331 1302 et
346 1242 518 1318 aculeatum,
535 1241 605 1304 Iuba
618 1243 751 1304 olusatri.
779 1243 868 1321 aliqui
882 1243 1006 1304 similans
1018 1243 1089 1303 iuni·
1122 1236 1128 1248 “

89 1328 171 1404 piro,
195 1326 374 1387 scabriorem
400 1335 507 1387 tantum
529 1328 678 1406 spinisque
703 1326 865 1402 borridum,
891 1326 964 1386 lolio
992 1335 1089 1387 rotun·

89 1411 188 1485 diora,
204 1409 257 1470 sed
272 1427 379 1488 sapore
395 1412 517 1488 iunipiri.
550 1429 605 1470 nec
625 1428 684 1470 non
698 1411 782 1472 luere
797 1413 846 1488 qui
862 1425 879 1470 e
895 1412 965 1471 turis
983 1409 1089 1470 arbore

50 1503 239 1571 inultumque
255 1495 334 1554 nasci
349 1496 545 1559 mentirentur.

151 1577 235 1656 (35.)
259 1576 424 1640 inciduntur
439 1577 484 1638 bis
500 1587 529 1636 et
548 1580 631 1657 ipsae
647 1577 806 1658 iisdemque
822 1577 1020 1656 temporibus,
1036 1577 1131 1642 selca

88 1679 104 1720 a
126 1662 224 1722 radice
245 1679 338 1740 nsque
358 1662 394 1724 ad
412 1679 509 1724 ramos
529 1664 579 1740 qui
599 1662 708 1722 ualent.
743 1663 846 1726 sudant
868 1671 963 1723 antem
985 1670 1090 1738 sponte

89 1745 169 1823 prius
184 1763 267 1822 quam
289 1745 448 1821 incidantur
470 1754 584 1810 stacten
605 1747 726 1819 dictam,
748 1749 795 1806 eui
813 1746 894 1808 nulla
915 1744 1087 1824 praefertur.

87 1827 130 1914 ab¹
139 1827 193 1890 hac
206 1831 300 1890 sativa
314 1838 343 1888 et
358 1831 387 1890 in
401 1829 528 1892 silvestri
541 1847 658 1910 quoque
675 1831 780 1890 melior
796 1832 917 1892 sectivo.
945 1827 1090 1891 Nondum

46 1929 127 1972 acen
147 1931 241 1988 murra
268 1915 417 1991 portiones
442 1915 515 1989 deo„
544 1915 677 1991 qnoniam
700 1924 730 1974 et
753 1916 830 1993 apud
852 1907 930 1976 alios
951 1914 1088 1974 nascitur.

86 1995 152 2070 regi
167 2005 262 2055 tamen
278 1993 477 2056 Gebanitarum
492 2007 609 2076 quartas
625 1999 715 2073 partis
735 2000 799 2063 eins
821 1998 958 2075 pendunt
987 2006 1089 2056 cetero
1161 2058 1165 2070 ,

87 2077 195 2156 passim
210 2097 226 2136 a
243 2079 333 2154 volgo
348 2089 511 2157 coemptam
527 2080 556 2138 in
569 2080 650 2139 follia
665 2079 856 2154 conferciunt,
873 2082 1024 2158 nostrique
1039 2098 1089 2139 nn-

87 2163 232 2238 gueutarii
250 2162 384 2238 digerunt
411 2163 480 2224 bant
500 2162 658 2224 difficulter
679 2163 780 2224 odoris
800 2173 887 2241 atque
907 2164 1089 2241 pinguedinis

88 2246 275 2320 argumentis.
1018 2276 1021 2282 ,

50 2343 79 2381 25
141 2329 203 2390 ‚to
232 2327 345 2390 Genera
371 2331 529 2408 conplura:
559 2329 757 2408 Trogodytica
785 2329 961 2392 silvestrium
986 2333 1131 2408 primatia

88 2427 216 2489 sequens
231 2409 355 2487 Minoes,
370 2415 398 2476 in
415 2432 471 2493 qua
487 2415 653 2478 Atramitica
667 2423 754 2476 estet
769 2413 937 2477 Gabonitica
952 2423 981 2473 et
994 2414 1087 2474 Ausa·

88 2494 150 2554 ritis
172 2489 373 2558 Gebanitarum
397 2516 508 2577 regno,
529 2501 612 2561 tertia
633 2498 772 2574 Dianitis,
797 2507 898 2576 quarta
922 2498 1087 2574 conlaticiu,

88 2579 185 2658 quinta
198 2580 393 2642 Sembracena
407 2600 423 2642 a
438 2583 553 2650 civitate
567 2585 650 2661 regni
660 2583 841 2645 Sabaeorum
853 2584 1087 2661 nemptonum,

88 2671 172 2722 senta
184 2682 268 2740 quarn
283 2664 430 2729 busiritim
444 2676 558 2728 vocant.
587 2678 673 2728 estet
686 2666 1087 2741 caueidounotaotnmloco,

50 2761 162 2824 aequae
178 2746 206 2804 in
223 2743 379 2810 Messalum
395 2750 531 2828 oppidum
547 2749 705 2814 coniertnr.
734 2749 874 2828 probatur
891 2745 1087 2826 Trogodytica

87 2829 261 2904 pinguedine
283 2841 311 2890 et
329 2833 409 2910 quod
428 2833 568 2912 adspectu
584 2836 691 2895 aridior
706 2843 752 2894 est
771 2831 947 2910 sordidaque
965 2849 1001 2892 ac
1020 2833 1086 2894 bar·

87 2907 176 2986 bara,
193 2913 245 2972 sed
261 2916 357 2974 acrior
374 2918 491 2978 ceteris.
522 2918 718 2978 Sembracena
732 2916 889 2995 praedictis
905 2917 1086 2991 carcanum,

88 3001 153 3052 ante
168 2993 239 3056 alias
254 2997 365 3074 hilaris,
378 3001 432 3062 sed
448 2999 555 3060 viribus
570 3000 732 3064 tenuis.‘ln
745 3001 864 3078 plenum
876 3010 970 3062 autem
983 2998 1130 3078 prebe-to

88 3076 129 3136 tio
150 3087 195 3140 eut
213 3082 326 3142 minutis
340 3083 455 3158 glaebis
483 3103 539 3144 noc
559 3085 704 3160 rotundis,
726 3086 755 3147 iu
774 3093 915 3146 concretu
934 3083 1087 3147 albicantis
1134 3129 1140 3138 ,

51 3161 151 3220 munci
176 3172 205 3222 et
231 3163 424 3243 tabescentia,
450 3177 538 3246 utque
563 3168 655 3231 tracta
677 3168 816 3231 eudidoa
841 3169 943 3244 unguis
961 3162 1086 3242 'omma

89 3254 174 3322 gustu
190 3246 294 3308 leniter
317 3267 420 3310 amara.
457 3252 584 3314 secunda
602 3252 717 3316 bonitas
736 3254 811 3313 intus
832 3253 928 3326 varia,
949 3269 1086 3329 pessuma

87 3328 163 3392 intus
177 3333 271 3410 nigra,
284 3334 383 3411 peior,
401 3336 425 3394 si
440 3336 524 3394 etiam
539 3335 621 3396 loris.
656 3336 748 3414 pretia
764 3353 802 3394 ex
816 3337 974 3398 occasione
989 3353 1086 3397 omen·

88 3413 156 3472 tium
175 3417 270 3494 varia,
286 3426 428 3479 stactaea
448 3416 476 3478 X
494 3432 535 3480 111
554 3420 591 3480 ad
605 3419 633 3479 X
649 3433 690 3496 n,
706 3419 816 3480 sativae
835 3435 973 3492 summum
988 3417 1016 3479 X
1034 3432 1085 3497 xl,
