2542 3842
294 191 374 266 uun.
390 218 482 266 msc.
498 219 558 265 v11.
583 214 702 269 16—19.
721 206 875 285 (rs—18.)
1041 208 1078 268 15

81 373 294 454 sesquipedalis
308 373 404 451 gigni,
428 373 566 452 quosdam
584 374 749 449 longiores,
767 374 795 431 in
817 374 929 435 trimatu
946 376 1081 457 implentis

79 462 156 519 vitae
173 477 301 533 cursum,
320 458 387 516 haut
402 459 529 534 quotum
544 466 599 517 est.

142 543 227 622 (17.)
275 540 437 600 Invenimus
464 543 491 599 in
516 542 696 599 monimentis
724 540 867 600 Salamine
895 538 1126 617 Euthymeuisltt
1205 590 1209 598 .

80 627 166 687 lilium
178 627 207 684 iu
218 628 272 685 tria
283 625 379 685 cubus
391 626 514 685 triennio
523 625 705 699 adolevisse,
722 627 838 683 incessu
851 626 977 701 tardum,
995 644 1081 686 sensu

53 730 66 768 s
80 710 232 784 hebetem,
251 710 392 787 puberem
408 711 493 769 etium
510 710 631 784 laetum,
655 726 730 767 voce
746 708 881 783 robuste,
903 710 1081 789 absumptum

80 794 279 854 contractione
289 793 482 853 meuubmrum
498 793 590 852 subita
602 795 725 851 triennio
739 794 924 853 circumacto.
954 795 1008 871 ipsi
1024 810 1080 855 non

79 877 191 957 pridem
215 877 335 936 vidimus
357 878 457 936 eadem
479 879 571 937 ferme
594 878 686 936 omnia
709 886 826 954 praeter
847 877 1026 955 pubertatem
1053 880 1083 937 in
1153 892 1156 895 ·

79 962 140 1020 lilio
157 957 275 1019 Corneli
291 961 383 1021 Taciti
405 963 508 1040 equitis
531 961 651 1020 Romani
667 960 806 1038 Belgicae
824 960 935 1021 Galliae
952 964 1079 1021 rationes

79 1046 269 1124 procurantis.
299 1042 521 1125 ἐκτραπέλους
535 1043 644 1104 'Graeci
660 1053 767 1104 vocant
782 1060 851 1120 eos,
875 1047 903 1104 in
920 1042 999 1104 Latio
1024 1063 1080 1104 non

44 1128 187 1190 rohubeut
203 1145 315 1187 nomeu.

145 1213 192 1271 17.
224 1212 310 1286 Quod
330 1213 368 1271 sit
388 1213 495 1271 homiui
515 1212 636 1289 spatium
660 1212 815 1289 evestigio
833 1211 868 1271 nd
889 1214 1029 1271 verticem
1050 1212 1076 1272 id
1088 1220 1121 1278 vt

82 1314 149 1355 esse
165 1296 261 1375 peusis
276 1295 404 1355 munibus
419 1298 493 1354 inter
508 1296 693 1373 longissimos
706 1296 811 1371 digitos
826 1294 1010 1356 observatum
1023 1306 1078 1373 est,

82 1380 165 1438 sicuti
181 1381 251 1439 viris
267 1380 367 1440 dentre
386 1388 468 1457 parte
479 1380 619 1453 maiores,
637 1379 806 1457 quibusdam
824 1396 932 1457 aequas
948 1390 1079 1457 utruque,

83 1462 185 1541 aliquis
208 1464 292 1523 laeva
312 1480 394 1522 mauu
417 1465 605 1541 praecipuae,
632 1482 689 1522 nec
714 1463 742 1522 id
764 1481 894 1541 umquem
911 1464 938 1521 in
954 1464 1077 1523 feminis.

45 1560 69 1599 1⁵
82 1546 166 1624 (18.)
192 1548 278 1606 meris
298 1557 449 1625 praestare
464 1546 612 1625 pondere,
635 1556 664 1607 et
679 1546 814 1606 defuncta
836 1548 998 1609 viventibus
1015 1564 1077 1607 cor-

80 1648 152 1708 pora
168 1632 289 1689 omnium
306 1632 484 1706 animalium,
504 1640 534 1689 et
548 1630 716 1691 dormientia
729 1630 930 1707 vigilantibus,
954 1634 1079 1691 virorum

80 1714 221 1773 cadavera
238 1717 338 1792 supina
354 1715 482 1789 duitare,
505 1715 673 1774 feminarum
690 1732 795 1793 prona,
814 1716 894 1775 velut
909 1716 1013 1793 pudori
1030 1716 1078 1775 de·

80 1798 238 1857 iunctarum
256 1808 396 1877 parcente
410 1808 519 1858 nature.

144 1880 192 1941 18.
215 1879 366 1942 Ooncretis
387 1883 525 1961 quosdam
548 1882 662 1941 ossibus
685 1900 719 1942 ac
744 1884 806 1943 sine
824 1884 956 1944 medullis
978 1885 1133 1948 vivereid.

40 1966 253 2042 souccopimus.
290 1967 401 2043 signum
424 1978 522 2026 eorum
539 1983 607 2025 esse
622 1982 678 2025 neo
700 1967 774 2027 sitim
793 1970 900 2027 sentire
921 1984 977 2027 nec
993 1968 1078 2027 sudo·

76 2066 141 2107 rem
162 2051 310 2123 sonuere,
333 2068 502 2128 quamquam
524 2059 554 2108 et
573 2050 722 2108 voluntate
746 2050 851 2109 scimus
872 2053 946 2109 sitim
962 2053 1077 2125 vietum,

77 2133 263 2211 equitemque
281 2132 438 2191 Romanum
455 2132 554 2191 lulium
569 2133 716 2191 Viatorem
730 2151 746 2191 e
761 2132 971 2193 Vocontiorum
990 2144 1078 2209 geute

77 2216 228 2277 foederata
244 2216 473 2294 in'pupillaribus
488 2217 568 2275 anuis
583 2234 658 2293 aqua
672 2214 771 2274 subter
787 2226 881 2277 eutem
898 2217 961 2276 lusa
977 2217 1077 2280 morbo

77 2300 253 2378 prolriliitum
268 2316 369 2359 umore
391 2318 407 2359 a
429 2299 548 2359 medicis
567 2308 695 2359 usturam
711 2298 819 2360 fecisse
842 2300 1079 2361 consuetudinem

39 2393 168 2463 euntque
188 2385 216 2442 iu
239 2392 359 2443 senecta
382 2386 512 2444 caruisse
528 2394 608 2462 potu.
640 2402 695 2443 nec
717 2401 774 2443 non
795 2386 891 2445 stolii
914 2384 1001 2445 multa
1025 2384 1078 2443 sibi

78 2470 271 2545 imperavere.
833 2492 834 2499 κ

145 2550 193 2610 19.
227 2550 335 2610 Ferunt
356 2549 491 2611 Crassum
510 2568 594 2612 uvom
611 2549 710 2611 Crassi
733 2552 760 2614 ln
782 2552 892 2613 Parthis
913 2526 1122 2633 intdrempti‘lli
1152 2578 1155 2587 ¹

76 2651 229 2712 numquam
245 2636 361 2710 risisse,
383 2636 421 2695 oli
436 2636 464 2695 id
478 2636 648 2712 Agelastum
661 2645 810 2711 vocatum,
830 2640 904 2696 sicut
919 2654 974 2695 use
990 2638 1078 2697 llesse

75 2718 193 2777 multos.
238 2718 388 2779 Socratem
411 2720 519 2779 clarum
545 2722 686 2798 sapientie
714 2721 817 2780 eodem
842 2738 959 2798 semper
986 2724 1077 2781 visum

33 2810 65 2858 *so
75 2803 175 2877 voltu,
194 2820 249 2863 nec
264 2812 312 2862 aut
326 2804 418 2863 hilaro
431 2804 524 2881 magis
540 2813 588 2863 aut
600 2803 724 2864 turbato.
755 2802 824 2863 um
840 2803 886 2863 lric
899 2804 982 2862 animi
995 2812 1079 2863 tenor

75 2887 231 2963 aliquunde
249 2887 277 2945 in
294 2888 421 2965 rigorem
439 2887 578 2965 quendem
598 2890 821 2965 torvitatemque
842 2896 959 2947 naturae
981 2888 1078 2947 durem

75 2980 106 3029 et
121 2970 325 3045 inflexibilem,
342 2970 531 3051 adfectusque
545 2972 683 3031 lrumuuos
696 2972 807 3047 adimit,
828 2971 920 3049 qualis
937 2962 1078 3042 ἀπαθεῖς

75 3053 183 3114 Graeci
204 3064 310 3114 vocant
328 3055 432 3113 multos
450 3057 511 3113 eius
529 3056 647 3131 generis
669 3054 800 3133 experti,
826 3054 960 3133 quodque
978 3057 1122 3116 mirumuo

74 3138 132 3212 sit,
157 3146 291 3198 auctores
309 3156 440 3198 ruaxume
457 3139 633 3216 sapientiae,
656 3137 810 3215 Diogenen
830 3136 985 3215 Cynicum,
1009 3138 1077 3213 Pyr·

37 3236 195 3295 seronem,
216 3220 411 3297 Heraclitum,
432 3221 597 3298 Timonem,
619 3222 694 3281 hunc
714 3222 830 3300 quidem
845 3225 929 3283 etiam
948 3224 974 3281 iu
989 3223 1077 3283 totius
1183 3270 1187 3279 f

76 3304 175 3364 odium
197 3307 314 3381 generis
337 3305 449 3364 humani
472 3314 612 3365 evectum.
662 3307 721 3367 Sed
749 3305 823 3367 haee
844 3324 933 3385 parva
958 3312 1076 3365 naturae

74 3390 199 3466 iusignia
222 3390 251 3449 in
271 3390 366 3449 maltis
388 3391 466 3449 veria
491 3399 721 3467 cognoscuntur,
748 3400 778 3449 ut
802 3392 829 3451 in
850 3391 973 3451 Antonia
991 3388 1077 3448 Drusi

74 3489 228 3553 numquam
244 3476 412 3552 exspuisse,
434 3475 463 3533 in
478 3474 636 3553 Pomponio
657 3475 800 3536 consulari
822 3483 909 3554 poeta
927 3491 1077 3553 numquam
