2542 3842
322 183 402 230 nar.
419 182 509 229 nrsr.
525 180 614 230 vuar.
626 178 746 233 sr—ss.
762 171 915 251 (cr—sc.)
999 217 1002 229 ,
1060 174 1120 234 105

115 340 182 401 illas
198 332 301 399 beluas
317 336 384 397 talis
407 343 576 415 tantasque,
594 352 666 415 quas
684 336 821 412 diximus,
840 356 895 416 per
907 347 951 399 tot
965 341 1055 400 maria
1069 357 1144 401 vec
1191 409 1194 419 Ι

114 424 236 497 nientis,
260 430 317 481 tam
338 422 427 498 longo
449 430 590 480 terrarum
611 429 704 479 tractu
721 437 746 479 e
766 425 852 481 tantis
867 421 940 482 solis
957 423 1119 485 ardoribus.
1179 434 1183 437 ’

116 517 204 587 atquc
218 506 296 567 India
316 521 434 584 qnoque
450 506 478 563 in
498 504 607 563 insulas
624 513 761 583 petuntur
778 515 806 565 ct
824 504 974 567 admodum
1001 527 1119 587 paucas.

114 586 291 653 fertilissima
308 600 354 649 est
368 588 540 667 Taprobane
559 597 588 646 et
603 588 730 662 Stoidis,
746 597 778 648 ut
792 589 914 649 diximus
929 594 958 650 in
972 594 1093 652 circuitu
1106 592 1159 668 ᾖξ’

92 676 220 751 emundi,
235 676 305 733 item
320 673 462 733 Perimula
474 674 702 752 promontorium
713 672 821 733 Indiae.
849 676 1009 753 praecipue
1024 685 1121 737 autem

108 760 266 821 laudantur
282 759 360 817 circa
375 757 510 817 Arabiam
527 759 555 816 in
573 757 692 817 Persico
710 759 772 816 sinu
790 760 876 818 maris
892 758 991 818 liubri.
1015 759 1105 839 Origo
1113 770 1163 825 107

114 850 202 921 atque
225 844 356 919 genitura
381 841 580 929 conchae-est!
598 842 667 901 haut
689 842 807 902 mulmnr
825 851 986 903 ostrearum
1002 846 1123 905 conchis

115 928 263 989 differens.
291 926 345 986 has
363 925 561 1003 ubigenitalis
577 928 642 985 anni
658 925 808 985 stimularit
822 927 905 1002 hora,
922 927 1073 1005 pandentis
1087 947 1121 988 se
1205 945 1208 952 ’

116 1012 237 1091 quadam
254 1012 426 1070 oscitatione
445 1008 552 1088 inpleri
569 1009 687 1069 roscido
709 1019 854 1089 conceptu
873 999 1004 1086 tradubt,
1026 1016 1121 1090 gravi-

78 1115 107 1157 ao
118 1097 171 1158 das
187 1103 289 1174 postca
312 1096 396 1170 eniti,
420 1104 590 1173 partumque
605 1094 780 1153 concharum
800 1114 868 1154 esse
883 1097 1052 1174 margaritas
1067 1114 1121 1176 pro

116 1169 254 1259 qualitate
277 1178 493 1256 rorisaccepti.
528 1179 556 1237 si
576 1196 665 1257 purus
686 1178 847 1255 induxerit,
872 1182 1028 1241 candorem
1053 1198 1121 1240 con·

116 1265 202 1343 spici,
219 1266 330 1323 sivero
346 1262 486 1340 turbidus,
503 1270 532 1321 et
546 1264 635 1322 ictum
650 1264 837 1323 sordescere.
868 1265 991 1325 eundem
1006 1264 1141 1343 pallere»

115 1342 200 1409 caelo
216 1349 341 1407 minante
355 1348 536 1425 conceptum.
568 1364 605 1407 ex
628 1365 670 1406 eo·
683 1349 791 1426 quippe
808 1356 964 1424 constare,
987 1348 1121 1429 caelique

116 1434 159 1493 cis
175 1434 312 1503 maiorem
334 1433 506 1491 societatem
526 1448 593 1490 esse
609 1449 693 1508 quam
708 1433 806 1507 maris,
822 1433 889 1492 inde
903 1433 1030 1493 nubilum
1047 1435 1121 1493 trahi

77 1516 248 1577 sicciorem
265 1524 313 1575 aut
327 1532 381 1594 pro
399 1515 530 1576 claritate
545 1516 680 1575 matutina
703 1531 847 1583 serenum.
886 1519 912 1576 si
927 1520 1102 1595 tempestive
1113 1528 1165 1582 108

116 1603 265 1676 satientur,
281 1602 478 1677 grandescere
501 1610 530 1659 et
547 1607 657 1679 partus.
686 1602 711 1658 si
726 1599 864 1678 iulgurct,
887 1603 1026 1681 conprimi
1047 1618 1121 1661 con·

116 1684 186 1745 chus
213 1702 248 1745 ac
272 1702 325 1763 pro
352 1685 440 1743 ieiuni
464 1684 550 1744 modo
577 1686 673 1743 minui.
711 1685 735 1743 si
767 1701 839 1745 vero
868 1688 954 1745 etiam
982 1689 1120 1760 tonuerit,

28 1820 31 1824 .
116 1765 237 1848 pavidas
256 1787 291 1829 ac
313 1776 435 1847 repente
457 1786 633 1847 conpressas
650 1785 725 1847 qnae
748 1778 856 1829 vocant
873 1770 1042 1849 physemata
1059 1772 1122 1831 eill-
1182 1778 1190 1794 ³

116 1871 205 1928 cere,
234 1854 335 1932 specie
358 1852 444 1913 modo
463 1856 538 1913 inani
573 1850 685 1913 inflatas
711 1854 774 1913 sine
806 1869 942 1932 corpore.
969 1854 1025 1914 hos
1054 1873 1122 1914 esse

76 1936 291 1998 2⁰concharum
312 1937 440 2003 abortus.
471 1939 533 1997 sani
552 1938 667 2016 quidem
688 1947 789 2015 partus
812 1938 965 2016 multiplici
990 1949 1123 1999 constant

116 2030 194 2097 cute,
209 2038 267 2080 non
282 2022 431 2098 inproprie
449 2021 554 2081 callum
568 2031 599 2080 ut
614 2022 780 2080 existumari
794 2024 928 2099 corporis
945 2024 1049 2099 possit.
1069 2024 1120 2082 ita-
1203 2077 1208 2080 .

115 2125 172 2185 que
188 2113 385 2183 expurgantur
399 2120 416 2163 a
432 2106 543 2182 peritis.
568 2106 657 2162 miror
671 2105 736 2183 ipso
752 2113 858 2164 tantum
872 2122 923 2163 eas
937 2105 1020 2165 caelo
1036 2115 1165 2183 gau-109
1221 2149 1229 2154 -

116 2190 199 2263 dere,
227 2188 291 2247 sole
303 2186 455 2247 rufescere
474 2187 688 2265 candoremque
709 2188 834 2267 perdere
846 2197 878 2247 ut
901 2205 1009 2268 corpus
1024 2189 1121 2249 huma·
1233 2206 1239 2215 ·

115 2290 191 2333 num.
223 2278 311 2349 quare
335 2273 521 2351 praecipuum
546 2272 709 2331 custodiunt
724 2273 879 2350 pelagiae,
901 2272 987 2332 altius
1007 2288 1122 2333 mersae

77 2366 201 2437 tiquam
217 2364 249 2415 ut
263 2364 416 2436 penetrent
437 2356 529 2415 radii..
552 2354 712 2417 flavescunt
732 2366 827 2417 tamen
850 2364 882 2416 et
904 2355 974 2417 illae
1001 2367 1121 2417 senecta

107 2440 263 2519 'rugisque
272 2448 454 2519 torpescunt,
465 2458 521 2500 nec
534 2440 587 2499 nisi
598 2441 626 2499 in
641 2442 756 2501 iuventa
769 2449 883 2501 constat
898 2440 950 2501 ille
968 2443 1017 2521 qui
1033 2457 1121 2521 quaeb

115 2528 187 2584 ritur
201 2526 295 2603 vigor.
328 2534 513 2584 crassescunt
535 2526 619 2584 etiam
634 2524 663 2583 in
678 2535 798 2586 senecta
816 2525 996 2605 conchisque
1013 2525 1120 2587 adhae-

47 2614 50 2623 ’
109 2619 252 2685 noscunt,
275 2625 330 2669 nec
352 2608 395 2669 his
411 2608 498 2669 avelli
519 2618 626 2689 qucum
641 2611 696 2668 nisi
716 2610 793 2670 lima.
825 2601 928 2688 quibrls
944 2619 1122 2669 unatantum

117 2700 164 2753 est
177 2693 269 2752 iacies
287 2692 362 2753 etah
377 2710 411 2753 ea
426 2694 596 2768 rotunditas,
613 2696 725 2753 aversis
743 2695 889 2775 planities,
908 2692 947 2751 oh
960 2691 989 2753 id
1010 2703 1121 2773 tympa-

79 2774 164 2835 soiria
185 2778 372 2838 nominantur.
409 2776 592 2837 cohaerentis
622 2777 752 2837 videmus
778 2778 807 2837 in
830 2777 950 2836 conchis
971 2776 1028 2836 hac
1053 2779 1122 2838 dote
1152 2809 1154 2817 ·

116 2870 263 2937 unguenta
287 2860 566 2923 circumferentibus.
602 2870 703 2920 cetero
717 2862 746 2919 in
762 2878 836 2940 aqna
852 2859 949 2923 milis
961 2862 1048 2938 nnio,
1072 2880 1122 2922 ex·

118 2938 555 3025 emptusprotinusdnrescit.'
775 2947 778 2951 “

117 3090 120 3097 ,
181 3028 266 3109 (55.)
289 3026 408 3088 Concha
435 3030 514 3107 ipsa,-
534 3044 597 3088 cum
618 3046 730 3089 manum
749 3028 837 3107 vidit,
861 3031 1014 3108 conprimit
1037 3041 1166 3094 sesello

106 3114 271 3192 operitque
297 3131 371 3191 opes
387 3130 453 3171 suas
470 3130 559 3189 gnara
575 3119 697 3191 propter
711 3112 778 3172 illas
795 3133 827 3173 se
840 3116 920 3193 peti,
940 3126 1120 3191 manumque,

81 3214 108 3257 sn
119 3198 146 3256 si
158 3196 336 3275 praeveniat,
359 3196 422 3256 acie
438 3214 488 3255 sua
510 3196 735 3257 abscidat‘nulla
748 3198 868 3258 iustiore
884 3215 996 3277 poena,
1012 3204 1042 3257 et
1057 3196 1122 3257 aliis

117 3282 222 3341 munita
239 3280 400 3361 suppliciis,
418 3281 526 3359 quippe
544 3281 618 3340 inter
633 3280 772 3359 scopulos
787 3284 877 3343 maior
887 3299 957 3361 pars
969 3282 1120 3341 invenitur.
1166 3337 1170 3342 .

117 3366 146 3425 in
161 3364 219 3423 alto
235 3381 352 3445 quoque
367 3366 537 3425 comitantur
558 3366 673 3423 marinis
691 3365 825 3443 canibus,
849 3386 905 3427 nec
925 3377 1019 3426 tamen
1035 3379 1121 3426 aures

113 3448 287 3522 'feminarum
308 3456 452 3510 arcentur.
484 3448 604 3523 Quidam
625 3449 740 3510 tradunt
769 3452 844 3511 sicut
862 3451 964 3529 apibus
979 3452 1018 3511 ita
1034 3468 1102 3509 con·
1112 3460 1161 3513 111
