2542 3842
170 151 246 218 ,226
455 167 459 190 ·
511 159 820 210 c.rnnr1suourm1

183 319 268 394 niger
284 317 331 378 ait.
355 313 521 376 damnantur
536 313 605 375 albi.
634 316 739 375 melior
748 331 808 394 quo
822 314 940 374 brevior
955 318 1153 395 crassiorque
1167 329 1202 378 et

184 401 279 462 lentas
291 401 320 458 in
334 397 506 475 frangendo.
527 399 639 459 calamo
650 399 773 476 pretium
788 401 817 459 in
828 397 919 459 libras
931 398 960 458 X
970 413 994 476 1,
1010 402 1097 461 iuuoo
1113 400 1148 462 X
1162 417 1198 464 v.

183 483 356 562 traduntque
373 484 487 542 iuuoum
500 483 652 543 odoratum
667 491 697 542 et
714 483 742 542 iu
759 480 914 560 Campania
928 484 1059 544 inveniri.

141 577 191 634 rot
255 568 338 646 (49.)
360 565 555 626 Disoesaimus
570 585 586 627 a
604 567 691 626 terris
702 583 842 643 ooeauum
857 567 1106 645 speotantibasad
1118 587 1196 630 oon-

183 668 273 714 vexas
288 652 316 710 in
333 659 431 710 nostra
446 650 563 710 maria·
587 649 639 710 23.
661 667 735 726 ergo
750 649 924 728 hetlriopiae
938 650 1070 712 subieota
1084 651 1214 716 Africae

183 735 372 798 hammoniaoi
396 733 514 794 laorima
536 733 624 794 stillat
644 734 672 793 in
695 734 811 793 harenis
826 735 901 809 suis,
923 769 965 782 -
978 735 1046 797 inde
1068 740 1193 797 nomine

184 821 269 880 etiarn
280 817 444 878 Hammonis
456 817 587 891 oraoulo,
601 819 680 877 iuxta
694 818 771 895 qaod
785 818 912 894 gignitur
928 818 1016 878 arbor
1026 817 1116 898 qnam
1127 839 1191 881 me·

183 911 274 980 topon
295 893 445 980 appallau't
458 936 499 946 -
512 903 628 962 resinae
644 903 731 962 modo
746 911 795 960 aut
808 903 967 962 cummium.
991 921 1107 980 genera
1125 908 1190 966 eius

182 986 255 1060 duo:
282 986 430 1046 thrauston
443 985 565 1045 maseuli
581 987 652 1045 turis
666 984 860 1060 similitudine,
876 983 955 1064 quod
970 1003 1106 1049 mannae
1119 1007 1188 1067 pro·

181 1069 281 1145 batur,
302 1069 422 1130 alterum
445 1069 553 1146 pingue
573 1078 602 1130 et
617 1071 796 1144 resinosum,
824 1071 900 1148 qood
921 1070 1064 1148 pirano
1082 1072 1216 1150 appel-ro

108 1193 109 1198 κ
183 1155 251 1216 lant.
284 1151 590 1215 adulteraturharenis
604 1154 684 1214 velut
702 1154 850 1222 nascendo
865 1153 1066 1232 adprehensis.
1100 1157 1188 1233 igitur

135 1257 140 1268 ·
183 1256 267 1317 quam
282 1237 411 1296 minumis
426 1235 540 1314 glaebis
558 1236 698 1315 probatur
713 1246 742 1296 et
759 1254 844 1315 quaro
858 1239 1027 1316 purissimis.
1058 1243 1187 1316 pretium

182 1322 290 1402 optumi
306 1321 334 1379 in
350 1319 439 1380 libras
454 1339 538 1382 asses
555 1335 612 1394 xm.

62 1431 65 1438 v
141 1415 191 1471 108
254 1404 338 1482 (50.)
361 1403 515 1482 sphagnos
537 1404 685 1465 iniraeos
705 1405 778 1466 situs
799 1406 828 1464 in
847 1401 1008 1480 cyrenaica
1031 1407 1186 1483 providoia

180 1505 312 1550 manuum
328 1486 481 1566 probatur,
501 1489 548 1548 alli
564 1488 659 1565 bryon
673 1497 788 1547 uooant.
820 1489 977 1549 seeundum
994 1489 1093 1550 looum
1111 1493 1211 1570 opti-o

181 1582 229 1634 net
247 1570 387 1649 Cyprius,
404 1573 518 1630 tertium
533 1571 716 1632 Phoenicius.
740 1572 877 1632 fertur-'et
891 1573 1073 1652 iuhegppto
1091 1578 1184 1651 nasei,

181 1659 248 1734 quin
270 1664 299 1714 et
321 1655 348 1712 in
363 1653 465 1714 Gallia.
495 1673 550 1714 neo
572 1655 772 1716 dubitaverim.
800 1660 868 1714 'suut
888 1658 963 1717 euim
988 1657 1047 1717 hoo
1066 1662 1186 1720 nornine

181 1739 244 1800 uani
259 1736 393 1796 arborum
413 1736 491 1813 villi,
509 1737 602 1816 qualis
624 1739 652 1796 in
675 1757 784 1817 querou
802 1757 933 1798 maxume
954 1740 1106 1818 videmus,
1130 1744 1187 1803 sed

107 1837 115 1856 ¹
181 1820 272 1881 odore
288 1828 479 1897 praestantes.
510 1820 572 1880 lans
586 1822 678 1899 prima
695 1823 901 1882 candidissimis
918 1832 1004 1901 atque
1023 1826 1183 1901 altissimis,

180 1903 308 1964 secunda
330 1903 437 1980 rutilis,
459 1904 537 1964 nulla
552 1905 651 1981 nigris.
682 1915 711 1964 et
732 1906 759 1964 in
776 1906 877 1965 insulis
897 1911 1048 1986 petrisque
1062 1912 1123 1970 nati
1140 1912 1216 1973 imao

179 1987 348 2068 probantur,
361 2005 520 2068 omnesque
527 1988 794 2067 quibuspalmarum
802 1998 888 2068 atque
900 2009 958 2051 non
971 2011 1040 2054 suus
1051 1994 1182 2054 odorsit.
1247 2050 1249 2061 ,

138 2079 189 2136 109
252 2069 301 2132 24.
327 2071 411 2151 (51.)
426 2070 554 2152 ‘Cypros
574 2075 602 2132 in
624 2072 763 2151 Aegypto
785 2083 831 2135 est
857 2074 944 2134 arbor
963 2077 1068 2154 aiulphi
1087 2078 1182 2154 iuliis,

179 2155 289 2216 semiue
313 2157 473 2233 coriandri,
495 2156 633 2234 candido,
655 2158 789 2218 odorato.
822 2159 955 2237 coquitur
977 2160 1035 2220 hon
1056 2163 1086 2220 in
1110 2163 1183 2222 oleo

179 2239 376 2318 premiturque
389 2249 508 2320 postea,
532 2240 609 2320 quod
632 2257 738 2318 cyprus
753 2250 882 2302 vocatur.
913 2244 1036 2321 pretium
1059 2246 1129 2303 siin
1143 2247 1181 2303 li-

179 2320 246 2382 bras
268 2321 295 2381 X
316 2337 347 2381 v.
379 2332 524 2402 optumum
545 2342 561 2384 e
584 2323 732 2402 Canopica
757 2327 786 2384 in
805 2327 876 2403 ripis
892 2325 950 2386 Nili
972 2335 1052 2401 nata,
1072 2345 1219 2391 saeuo-as

180 2404 244 2466 dum
259 2404 407 2466 hsoalone
424 2405 565 2483 ludaeae,
586 2409 699 2468 tertium
716 2406 813 2486 Cypro
831 2411 932 2471 insula.
962 2409 1060 2470 odonis
1082 2414 1182 2471 suavi-

179 2496 224 2548 tas
246 2487 393 2564 quaedam.
420 2489 493 2550 bano
515 2510 582 2550 esso
599 2492 698 2552 dieunt
715 2491 847 2552 arborem
869 2511 943 2572 quae
955 2497 983 2554 io
1002 2493 1084 2552 ltalia
1100 2495 1184 2570 ligu-

179 2579 267 2630 strum
281 2580 412 2633 vooatur.

137 2664 189 2717 110
252 2651 334 2733 (52.)
347 2653 379 2715 ln
390 2657 494 2718 eodem
510 2665 602 2717 traotu
614 2659 781 2735 aspalathos
793 2661 936 2737 naseitur,
954 2660 1035 2738 spina
1052 2661 1184 2725 eandida

178 2734 372 2810 magnitudine
393 2739 505 2800 arboris
528 2740 676 2818 modicae,
702 2742 776 2803 dore
793 2761 889 2804 rosae.
921 2744 1004 2805 radix
1023 2751 1213 2821 unguentium

48 2859 57 2886 ,
151 2855 153 2861 ,
178 2819 333 2894 expetitur·
364 2823 476 2884 tradunt
494 2825 523 2884 in
540 2841 722 2904 quocumque
740 2826 845 2888 frutice
860 2838 995 2888 curvetur
1008 2846 1097 2888 arens
1110 2849 1182 2892 eae·

178 2899 260 2962 lestis
279 2903 399 2964 eandem
414 2923 487 2983 quae
511 2908 547 2968 sit
564 2910 705 2986 aspalathi
721 2914 891 2972 suavitatem
906 2912 1003 2972 odoris
1020 2913 1182 2995 exsistere,

177 2983 231 3044 sed
255 2986 326 3044 siin
346 2989 512 3066 aspalatho,
539 2991 759 3054 inenarrabilem
781 2996 931 3074 quandam.
964 2995 1082 3072 quidam
1114 3017 1183 3062 eum

178 3068 403 3146 erysisceptrum
418 3085 537 3154 uocant,
555 3075 602 3134 alii
617 3085 772 3153 sceptrum.
803 3077 936 3156 probatio
952 3079 1016 3138 eius
1031 3081 1061 3140 in
1073 3083 1181 3144 oolore
1247 3094 1249 3151 l

177 3151 241 3210 ruso
264 3149 311 3209 vel
324 3152 414 3229 igne'o
432 3162 567 3237 tactuque
590 3160 686 3237 spisso
703 3169 731 3219 et
752 3161 844 3221 odore
861 3162 996 3226 oastorei.
1028 3156 1213 3242 permuta-u

42 3283 46 3289 .
177 3232 457 3296 mmffimxm

135 3321 185 3376 111
248 3314 330 3395 (53.)
353 3313 392 3379 ln.-
400 3317 537 3396 Aegypto
551 3325 679 3383 nussiam
693 3335 723 3386 et
731 3344 830 3387 maron
845 3331 928 3406 palus
945 3345 1030 3406 quarn
1041 3330 1179 3412 Lydium,

176 3396 330 3457 maioribus
345 3397 424 3467 toliis
439 3403 585 3462 somariis.
617 3406 667 3467 illa
681 3407 780 3470 brevia
795 3429 830 3473 ao
843 3415 948 3472 minuta
966 3421 995 3472 at
1011 3413 1150 3478 odorata.
