2542 3842
252 220 333 269 uun.
350 219 494 267 111sr.11.
511 187 666 270 tot-ssloo.
683 184 874 285 (iri—rra)
1037 206 1093 268 121

89 371 281 437 Corinthiaco
304 372 366 431 sinu
381 371 480 432 Patras
498 369 695 449 Peloponnesi
713 368 847 431 LXXXX
863 371 907 447 bl,
931 372 1097 435 Leucadem

91 455 263 519 LXXXVII.
280 454 317 529 D,
335 453 492 529 Corcyram
508 455 644 528 totidem,
662 455 878 514 Acroceraunia
894 454 1037 518 CXXXll.
1056 458 1095 533 D,

89 540 274 601 Brundisium
285 536 458 597 ¹LXXXVII.
482 538 525 611 D,
548 537 668 599 Romam
690 534 815 596 CCCLX
829 536 874 613 ll,
899 540 983 617 Alpis
1003 559 1096 620 usque

90 624 129 685 ad
144 624 369 697 scingomagum
386 622 486 679 vicum·
496 618 631 679 DXVllll
639 665 647 696 ,
671 638 726 698 per
744 619 866 679 Galliam
880 622 915 681 a'd
929 616 1097 696 Pyrenaeos

70 706 197 767 imcutis
220 704 358 764 Illiberim
381 700 636 779 uccocxxvu,
665 703 700 763 ad
722 719 864 763 oceanum
890 712 919 763 et
941 704 1097 782 Hispaniae

91 806 174 851 oram
192 784 382 861 cccxxxi,
402 787 526 844 traiectu
545 785 633 846 Gadis
647 785 711 845 Vll.
728 787 771 860 D,
796 804 872 864 quae
892 804 1025 849 mensura
1041 788 1096 848 Ar·

89 870 229 935 temidori
252 871 364 929 ratione
385 880 562 935 Lxxxvuri.
585 868 844 929 XXXXVeillcit.
874 869 1005 935 tatttuto
1027 880 1139 935 auida

89 966 150 1016 tem
171 962 271 1013 terrae
296 971 312 1012 a
335 953 493 1013 meridiano
517 954 572 1011 situ
595 952 631 1012 ad
653 954 870 1031 septentriones
891 954 1008 1014 dimidio
1032 954 1096 1013 iere

89 1040 186 1098 minor
201 1036 364 1111 colligitur,
387 1036 489 1103 ᾗῇ.
504 1034 639 1095 LXXXX
655 1036 747 1112 milia,
769 1052 827 1116 quo
849 1037 944 1114 palam
960 1036 992 1096 lit
1008 1055 1096 1116 quan·

58 1127 154 1183 1⁰tum
180 1127 210 1178 et
229 1118 296 1177 hinc
323 1136 417 1197 vapor
443 1116 594 1179 abstulerit
622 1127 652 1178 ct
675 1120 755 1179 illinc
780 1120 870 1196 rigor.
903 1138 999 1199 neque
1021 1121 1108 1194 enim,
1223 1124 1245 1155 ⁶

92 1206 203 1265 deesse
218 1202 305 1261 terris
321 1202 446 1263 arbitror
461 1211 581 1262 autnon
597 1219 665 1261 esse
679 1202 762 1278 globi
785 1202 923 1278 formam,
946 1203 1000 1264 sed
1016 1204 1095 1263 inha-

91 1285 225 1347 bitabilia
249 1285 391 1361 utrimque
414 1287 585 1362 inconperta
609 1302 687 1343 esse.
719 1284 800 1345 llaec
821 1300 955 1345 mensura
976 1287 1097 1345 currite

92 1371 180 1429 litore
202 1366 372 1444 Aethiopici
399 1369 517 1442 oceani,
545 1384 601 1445 qua
625 1368 711 1426 modo
735 1366 891 1445 habitatur,
917 1369 953 1430 ad
974 1367 1097 1428 bleroen

93 1452 215 1512 deciens
238 1458 361 1510 centena
381 1452 474 1525 milia,
503 1450 570 1509 iude
591 1449 798 1511 Alexandriam
816 1449 876 1521 iffi,
899 1450 936 1527 h,
964 1450 1096 1511 Rhodum

58 1532 224 1608 15DLXlll,
242 1531 360 1592 Gnidum
378 1532 545 1593 LXXXVll.
561 1532 605 1609 D,
627 1531 717 1593 Coum
732 1532 814 1593 XXV
829 1536 922 1610 milia,
940 1536 1053 1594 Samum
1072 1531 1096 1592 0

92 1616 181 1690 milia,
200 1614 301 1674 Chium
314 1614 503 1677 LXXXXllll
520 1617 607 1691 milia,
623 1614 782 1691 Mytilenen
797 1616 873 1676 LXV
889 1616 982 1692 milia,
999 1616 1095 1676 'l'ene-

94 1701 152 1761 don
166 1696 331 1761 XXXXllll
351 1699 443 1774 milia,
468 1700 586 1774 Sigeum
602 1698 829 1776 promontorium
843 1698 897 1759 Xll
916 1700 993 1761 milia
1014 1701 1094 1778 quin·

93 1784 190 1861 genti,
213 1800 247 1841 os
264 1782 346 1842 Ponti
362 1780 492 1842 cccxli
506 1782 582 1841 milia
599 1784 762 1859 quingenti,
782 1780 944 1860 Carambim
960 1800 1094 1861 promon-

93 1867 198 1925 torium
215 1861 328 1940 CCCL,
348 1882 381 1925 os
396 1864 549 1924 Maeotidis
564 1861 695 1924 GCGXll
709 1866 786 1925 milia
803 1867 966 1943 quingenti,
991 1867 1095 1925 ostium

57 1948 205 2023 w'lanais
217 1944 370 2006 CCLXXV
386 1948 478 2023 milia,
506 1949 553 2025 qui
570 1965 670 2007 cursus
689 1950 859 2026 conpendiis
872 1951 959 2009 maris
976 1948 1095 2008 brevior

1 2086 2 2103 ,
95 2031 159 2089 lieri
175 2038 273 2107 potest
286 2029 472 2090 LXXXVllll
492 2032 582 2089 milia:
610 2030 658 2091 Ab
680 2033 754 2091 ostio
771 2031 875 2102 Tanais
892 2031 961 2091 nibil
982 2031 1072 2091 modi·
1084 2037 1137 2091 246

1 2126 2 2133 ’
94 2130 161 2173 com
186 2112 396 2187 diligentissimi
420 2122 555 2176 auctores
581 2113 694 2172 iecere.
730 2114 931 2171 Artemidorus
956 2113 1094 2172 ulteriora

93 2198 264 2273 inconperta
283 2191 473 2271 existumavit,
488 2212 551 2254 cnm
569 2196 648 2252 circa
663 2193 780 2253 Tanaim
794 2195 984 2254 Sarmatarum
998 2195 1095 2271 gentis

95 2280 207 2355 degere
230 2276 369 2338 fateretur
394 2278 430 2339 ad
454 2278 669 2356 septentriones
694 2293 806 2335 versus.
839 2276 966 2336 Isidorus
989 2274 1095 2335 adiecit

57 2377 85 2417 25
94 2360 274 2422 duodeciens
287 2370 408 2420 centena
419 2361 497 2420 milia
512 2358 716 2439 quinquaginta
728 2376 820 2437 usque
832 2359 868 2434 ad
881 2358 1002 2434 Thylen,
1020 2374 1094 2436 quae

95 2444 263 2503 coniectura
281 2442 460 2503 divinationis
479 2451 533 2503 est.
564 2442 629 2519 Ego
645 2459 701 2501 non
722 2443 833 2502 minore
855 2460 938 2521 quam
955 2457 1094 2520 proxume

94 2524 172 2587 dicto
200 2526 293 2603 spatio
322 2528 512 2587 Sarmatarum
538 2526 601 2585 linis
631 2526 712 2585 nosci
745 2525 896 2603 intellego.
932 2534 962 2585 et
986 2522 1095 2601 alioqui

94 2616 230 2688 quantum
253 2624 319 2666 esse
342 2608 429 2669 debet
451 2608 529 2687 quod
549 2608 763 2668 innumerabilis
787 2611 883 2684 gentis
905 2606 1026 2667 subinde
1048 2622 1093 2663 se·
1133 2605 1138 2614 ‘

96 2692 163 2751 dem
179 2692 315 2749 mutantis
328 2690 442 2769 capiat?
457 2692 533 2753 unde
549 2692 717 2752 ulteriorem
728 2709 889 2751 mensnram
901 2687 1095 2749 inhabitabilis

56 2775 203 2853 sopiagae
219 2773 307 2831 multo
324 2786 390 2833 esse
407 2774 696 2837 maiorem'arbitror.
722 2791 788 2832 nam
810 2781 839 2831 et
855 2791 871 2831 a
887 2770 1093 2831 Germaniam·

94 2872 210 2915 mensas
231 2856 339 2915 insulas
360 2874 419 2915 non
432 2858 544 2935 pridem
560 2867 715 2935 conpertas
731 2856 875 2931 cognitum
888 2853 994 2911 habeo.
1028 2852 1073 2910 De
1084 2855 1135 2909 ast

93 2938 274 3013 longitudine
293 2956 327 2997 ac
342 2939 491 3007 latitudine
506 2940 581 2999 haec
597 2948 661 2997 sunt
676 2956 751 3016 quae
768 2939 853 3012 digna
868 2944 1026 2995 memorato
1042 2951 1093 3011 pu·

93 3032 163 3081 tem.
181 3022 346 3081 uuiversum
357 3032 452 3083 autern
463 3023 538 3082 hnnc
552 3024 699 3082 circuitum
710 3018 919 3079 Eratosthenes
933 3019 962 3077 in
974 3018 1095 3077 omnium

94 3102 212 3183 quidem
228 3104 385 3165 litterarum
401 3105 557 3165 subtilitate
572 3115 601 3164 et
614 3106 644 3163 in
659 3104 714 3163 hac
731 3104 828 3179 ntique
846 3110 963 3179 praeter
979 3110 1096 3161 ceteros

54 3206 86 3247 aa
96 3185 215 3259 sollers,
232 3203 318 3263 quem
334 3189 444 3247 cunctis
459 3186 578 3264 probari
591 3186 690 3261 video,
707 3181 806 3244 ocull
816 3182 846 3243 bl
857 3184 1012 3245 stadiorum
1026 3199 1094 3261 prc-
1146 3257 1150 3262 ·

95 3268 183 3340 didit,
202 3286 276 3345 quae
292 3284 426 3329 mensura
443 3268 570 3330 Romana
589 3269 793 3347 conputatione
811 3268 901 3327 eflicit
918 3268 1095 3327 trecentiens

95 3350 287 3430 quindeciens
303 3358 425 3411 centena
440 3352 516 3411 milia
532 3370 626 3431 pass,
643 3350 795 3429 inprobum
810 3366 1042 3425 ausumhverum
1056 3346 1095 3406 ita

94 3432 193 3499 subtili
208 3434 455 3511 argumentatione
472 3434 704 3515 conprehensum
716 3440 748 3495 tit
760 3434 868 3514 pudeat
887 3450 944 3494 noo
961 3430 1094 3492 credere.
1162 3435 1165 3440 ⁴
