2542 3842
163 152 203 217 86
503 161 534 207 c.
554 132 655 205 rarat·
673 158 823 205 sncunnr

160 318 216 381 bus
230 316 368 389 volvont,
389 323 420 375 et
435 314 507 375 alias
528 322 606 373 tanta
622 314 792 389 thynnorum
808 313 1002 387 multitudine,
1025 322 1055 371 ut
1069 311 1168 390 llagni

162 400 323 464 Alexandri
351 398 453 459 classis
479 398 547 458 lraut
567 399 625 457 alio
645 399 730 458 modo
748 416 831 475 quam
849 398 972 457 hostiurn
994 399 1057 456 acie
1080 397 1168 459 obuia

164 486 339 546 contrarium
354 500 458 560 agmen
470 483 596 542 adversa
610 482 706 542 lronte
722 482 872 543 direxerit.
896 482 981 541 aliter
993 482 1093 542 sarisis
1109 498 1168 541 nou

164 578 227 630 erat
253 568 391 628 evadere.
441 582 500 625 non
519 583 613 641 voce,
636 583 694 625 non
720 568 832 641 sonitu,
863 583 920 625 non
945 567 1018 639 ictus
1047 566 1167 641 fragore

133 661 319 727 dterrentur‚
335 646 392 711 'nec
406 652 461 709 uisi
475 649 555 710 ruina
571 648 729 709 turbantur.
768 648 880 709 Gadara
896 649 1060 727 appellatur
1074 648 1193 709 Rubris

163 739 249 797 maris
268 735 436 814 paeninsula
452 737 565 812 ingens.
597 734 680 793 buius
699 734 816 793 obiectu
827 744 926 793 vastus
944 734 1069 793 eflicitur
1087 735 1167 793 sinus

164 820 317 883 duodecim
344 820 453 878 dierum
475 828 504 877 et
519 819 644 877 noctium
665 819 786 895 remigio
808 820 976 895 enavigatus
996 818 1166 878 Ptolemaeo

162 906 238 982 regi,
256 904 369 983 quando
393 903 498 962 nullius
523 920 610 964 aurae
627 903 732 981 recipit
752 904 876 962 ilatum.t
891 902 973 962 buius
991 903 1050 962 loci
1068 904 1167 981 quiete

165 990 323 1069 praecipue
355 988 391 1046 ad
417 984 583 1046 inmobilem
605 988 827 1064 magnitudinem
852 984 957 1047 beluae
984 986 1165 1046 adulescunt.

135 1072 313 1137 illedrosos
329 1073 378 1149 qui
393 1070 512 1134 Arabim
528 1090 639 1132 amnem
654 1071 788 1131 adcolunt
803 1070 963 1132 Alexandri
979 1069 1075 1147 llagni
1092 1070 1166 1129 clas·
1176 1082 1201 1124 ro

163 1159 235 1217 sium
256 1156 399 1235 praefecti
415 1156 604 1234 prodiderunt
619 1158 647 1214 in
670 1156 802 1216 domibus
819 1154 1043 1215 iores-maxillis
1066 1154 1166 1213 belua-

162 1259 225 1302 rum
241 1241 358 1316 lacere,
382 1239 499 1299 ossibus
519 1250 596 1299 tecta
612 1242 796 1317 contignare,
820 1258 857 1299 ex
873 1240 975 1319 quibus
989 1238 1077 1299 multa
1096 1258 1166 1317 qua-

163 1325 321 1402 dragenum
341 1322 501 1384 cubitorum
517 1324 702 1401 longitudinis
722 1334 849 1401 reperta.
888 1324 1047 1384 exeunt‘et
1064 1325 1168 1400 pecori

163 1409 273 1468 similes
291 1408 397 1468 beluae
419 1409 458 1467 ibi
480 1408 509 1465 in
530 1416 638 1468 terram
654 1417 814 1487 pastaeque
833 1409 948 1469 radices
969 1408 1104 1467 fruticum
1120 1424 1166 1466 re·

162 1503 268 1566 meant,
286 1502 315 1550 et
331 1494 472 1569 quaedam
488 1508 645 1569 equorum‚
670 1492 830 1568 asinorum,
854 1501 998 1552 taurorum
1022 1491 1164 1570 capitibus
1177 1506 1199 1546 ιι

164 1595 240 1655 quae
260 1575 455 1653 depascuntur
469 1585 542 1634 sata

132 1666 153 1721 8
224 1660 255 1717 4.
279 1658 342 1738 (3.)
364 1658 526 1717 llaxumum
546 1659 682 1717 animal
672 1677 702 1717 ιιι
729 1658 827 1717 lndico
843 1659 913 1717 mari
946 1659 1044 1734 pristis
1062 1666 1091 1717 et
1113 1658 1164 1717 bo·

163 1744 248 1803 laena
268 1752 329 1823 est,
362 1743 390 1799 in
411 1740 523 1800 Gallico
553 1758 664 1801 oceano
691 1742 831 1817 physeter
862 1742 985 1816 ingentis
1014 1743 1168 1804 columnae

157 1822 248 1883 modo
272 1843 305 1883 se
326 1825 462 1884 attollens
486 1825 627 1903 altiorque
650 1826 761 1884 nauium
784 1825 858 1884 velis
874 1824 1008 1883 diluviem
1023 1826 1167 1901 quandum

163 1910 335 2007 eructans,¹
326 1928 355 1967 ιιι
373 1908 512 1969 Gaditano
531 1926 643 1970 oceano
660 1908 769 1967 arbor'
761 1928 789 1967 ιιι
805 1917 910 1967 tanturn
922 1909 1011 1967 vastis
1028 1907 1197 1986 dispansam

161 1994 249 2053 rumis
282 2004 313 2053 nt
335 2012 373 2053 en
397 2012 432 2053 ea
454 2012 543 2053 causa
566 1994 671 2052 fretum
695 2008 846 2071 numquam
869 1994 992 2053 intrasse
1019 1994 1165 2055 credatur

162 2076 305 2156 adparent
319 2087 349 2137 et
364 2088 447 2140 rotae
462 2078 629 2155 appellatae
645 2096 661 2137 a
675 2078 875 2153 similitudine,
902 2077 1049 2155 quaternis
1066 2076 1165 2135 distin-

162 2169 227 2221 ctae
250 2161 356 2239 radiis‚
377 2162 521 2223 modiolos
550 2181 648 2223 earum
673 2162 766 2221 oculis
778 2162 894 2223 duobus
920 2161 1063 2238 utrimque
1086 2160 1165 2221 clan-

162 2244 306 2306 dentibus.

133 2336 151 2389 9
230 2329 260 2390 5.
286 2330 349 2406 (4.)
374 2328 625 2408 Tiberioprincipi
640 2330 777 2389 nuntiavit
793 2328 1037 2407 olisiponensium
1054 2326 1202 2403 legatione

162 2413 201 2473 ob
218 2414 246 2473 id
263 2414 350 2478 missa
364 2414 457 2470 visum
470 2413 662 2490 auditumque
686 2415 714 2473 iu
733 2413 857 2491 quodam
878 2430 969 2489 specu
987 2412 1101 2472 concina*
1115 2428 1165 2469 oa·

162 2504 278 2557 nentem
293 2491 441 2553 'l'r'itonem
457 2513 512 2572 qua
527 2498 657 2557 noscitur
670 2498 772 2555 forma.
804 2506 834 2555 et
847 2495 1003 2555 Nereidum
1020 2495 1094 2555 falsa>
1106 2510 1168 2553 non

163 2589 218 2652 est,
236 2579 362 2656 squamis
371 2580 462 2639 'modo
481 2578 595 2657 hispido
610 2597 737 2657 corpore
754 2582 839 2641 etiam
862 2597 917 2656 qua
934 2578 1081 2639 humanato
1100 2577 1166 2635 elli-

161 2660 239 2741 giem
259 2661 375 2722 habent.
419 2680 541 2741 namque
563 2662 638 2723 haec
658 2665 686 2721 in
708 2664 812 2723 eodem
836 2672 969 2740 spectata
997 2664 1082 2721 litore
1106 2670 1166 2736 est,

164 2746 244 2808 cuius
253 2748 402 2807 morientis
410 2750 494 2808 etiam
506 2749 651 2824 gannitum
658 2748 769 2807 tristem
780 2748 902 2807 adcolae
915 2746 1052 2809 audivere
1062 2746 1162 2821 longe.
1175 2764 1200 2805 ao

163 2838 192 2887 et
207 2831 274 2890 divo
290 2830 421 2907 Augusto
437 2832 552 2909 legatus
569 2830 680 2893 Galliae
697 2832 877 2909 conpluris'
869 2850 898 2890 ro
913 2832 998 2891 litore
1023 2830 1167 2907 adparere

118 2916 299 2977 1oexanimis
317 2914 460 2977 Nereidas
481 2916 607 2994 scripsit
641 2916 786 2975 ductores
802 2915 924 2977 babeo
914 2932 942 2974 m
966 2915 1098 2995 equestri
1119 2930 1165 2972 or·

142 2990 226 3057 dine
249 2996 428 3075 splendentis
444 3003 537 3060 visum
557 2999 594 3059 ab
617 3001 694 3060 lris
686 3019 714 3060 ιιι
729 2999 869 3061 Gaditano
892 3015 1004 3059 oceano
1028 2999 1167 3057 marinum

160 3083 304 3143 hominem
320 3090 383 3143 tuto
402 3101 527 3162 corpore
542 3083 675 3144 absoluta
687 3083 879 3143 similitudine.
903 3083 1085 3143 adscendere
1101 3099 1167 3143 eum

160 3166 275 3242 navigia
292 3169 440 3227 nocturnis
458 3168 637 3245 temporibus
654 3170 807 3245 statimque
823 3167 976 3244 degravari
998 3184 1072 3243 quas
1087 3168 1200 3233 inse-as

162 3250 237 3311 derit
258 3252 349 3328 partis
363 3259 404 3325 et,
426 3252 451 3309 si
467 3252 572 3311 diutius
588 3260 772 3330 permaneat,
802 3253 887 3311 etiarn
909 3252 1010 3326 mergi.
1045 3249 1163 3311 'liberio

161 3333 294 3410 principe
314 3341 414 3391 contra
430 3332 631 3409 Lugdunensis
645 3337 813 3411 provinciae
834 3336 900 3395 litus
916 3336 945 3393 in
964 3333 1058 3393 insula
1081 3332 1166 3395 amul

159 3423 306 3475 trecentas
321 3415 444 3492 amplius
461 3415 564 3475 beluas
581 3419 770 3495 reciprocans
786 3419 914 3479 destituit
930 3434 1059 3479 oceanus
1073 3420 1164 3479 mirae
