2542 3842
144 178 186 240 36
477 186 509 235 c.
531 188 627 235 ιιιιιι
648 187 796 235 suenum
1123 190 1135 219 ο

145 344 306 422 praetorius
324 348 354 400 et
368 340 422 415 Qu.
438 340 573 401 liuterius
588 358 679 418 eques
702 339 846 399 Romanus
861 343 889 399 in
904 358 1012 399 venere
1028 340 1142 416 obiere,

145 437 174 485 et
189 443 264 505 quos
278 435 375 485 nostru
390 424 534 483 adnotavit
549 433 629 482 aetas
646 424 701 483 duo
719 426 860 501 equestris
877 424 984 483 ordinis
998 424 1027 481 iu
1038 424 1143 483 eodem

144 511 319 607 pantomimo
329 506 451 583 blastico
463 516 520 566 tum
534 507 625 566 lorma
642 508 850 583 praecellente.
880 509 1085 584 operosissima
1100 516 1142 565 ta·

144 612 209 652 men
223 594 364 652 securitas
381 594 480 650 mortis
496 593 524 648 iu
537 589 576 649 ll.
598 588 684 649 Ofilio
701 590 799 651 Hilaro
819 590 855 650 ab
876 593 998 667 antiquis
1013 590 1141 651 traditur.

101 686 155 743 185
163 676 378 736 comoediarum
392 674 516 735 Ιιίιιιίο
507 692 542 748 ιι,
557 693 620 733 cum
632 673 743 752 populo
757 674 907 733 admodum
921 675 1079 754 placuisset
1093 692 1144 733 na·
1158 694 1186 747 s,

143 760 194 819 tali
209 760 256 820 die
273 776 326 819 suo
343 760 563 835 conviviumque
584 756 721 831 baberet,
738 757 814 817 edita
832 776 904 817 cena
923 757 1033 817 caldam
1049 760 1144 836 potio

143 861 209 902 uem
224 844 253 903 iu
268 842 391 922 pultario
407 843 561 921 poposcit,
582 839 723 918 simulque
740 858 893 918 personam
909 844 970 901 eius
987 842 1043 901 diei
1059 858 1144 901 acce-

109 973 112 985 .
143 936 220 1005 ptam
234 928 347 985 intuens
361 943 498 985 coronam
515 944 531 983 ι
550 926 646 1001 capite
663 941 714 985 suo
730 926 757 984 in
776 942 839 983 earn
855 925 1012 999 transtulit,
1030 925 1079 984 tali
1095 925 1144 984 hu·

143 1008 204 1069 bitu
229 1012 328 1087 rigens
351 1008 431 1068 nullo
458 1010 616 1081 sentiente,
646 1008 739 1067 donec
763 1008 961 1067 accubantium
987 1026 1144 1086 proxumus

55 1111 58 1120 ’
101 1100 153 1156 186
164 1103 321 1171 tepescere
344 1095 492 1171 potionata
511 1090 689 1151 admoueret.
726 1091 805 1153 llaec
827 1093 923 1152 lelicia
942 1092 1092 1170 exempla,
1115 1101 1145 1151 at
1155 1108 1180 1148 ιι

143 1187 242 1236 contra
262 1177 438 1237 miseriarum
460 1178 622 1236 innumera:
645 1174 675 1234 1..
692 1175 834 1235 Domitius
850 1177 1027 1237 clarissimae
1048 1176 1152 1252 gentis

113 1291 115 1297 v
143 1260 217 1337 apud
232 1259 388 1321 Massiliam
402 1261 506 1335 rictus,
523 1257 631 1318 Corfini
647 1268 748 1337 captus
763 1258 799 1318 ab
817 1261 920 1320 eodem
937 1259 1075 1334 Caesare,
1093 1278 1144 1321 ιι-

141 1361 218 1404 neno
238 1352 308 1421 poto
330 1353 452 1422 propter
473 1342 597 1403 taedium
617 1345 712 1418 vitae,
736 1352 887 1421 postquam
911 1342 1042 1419 biberat,
1068 1344 1144 1403 omni

142 1444 200 1504 ope
221 1436 252 1487 ut
274 1427 385 1485 viveret
409 1428 524 1487 adnisus
547 1435 602 1485 est.
634 1428 775 1485 invenitur
795 1430 823 1487 iu
844 1430 916 1487 actis
933 1426 1034 1487 Felice
1048 1428 1145 1487 russei

142 1512 242 1591 auriga
261 1509 340 1573 elato
360 1512 388 1569 in
408 1528 511 1588 rogum
532 1510 595 1569 eius
614 1527 731 1567 uuume
752 1510 914 1569 laventibus
932 1512 1038 1571 iecisse
1062 1528 1142 1584 sese,
1154 1530 1180 1571 an

142 1599 276 1659 frivolum
292 1598 386 1670 dictu,
404 1614 440 1655 ιιι
457 1594 513 1653 boc
528 1593 641 1669 gloriae
657 1593 774 1665 artificis
792 1594 919 1669 daretur,
935 1594 1066 1671 adversis
1084 1604 1143 1653 stu·

142 1681 195 1741 diis
219 1680 303 1755 copia
325 1678 446 1737 odorum
469 1685 635 1752 corruptum
657 1676 877 1735 criminantibus.
915 1694 977 1735 cum
1001 1686 1067 1755 aute
1085 1694 1144 1735 nou

142 1762 230 1823 multo
242 1761 280 1821 bl.
298 1759 423 1838 Lepidus
438 1759 634 1818 nobilissimae
650 1760 759 1835 stirpis,
776 1777 861 1836 quem
877 1759 982 1818 divorti
998 1761 1145 1819 anxietate

102 1846 263 1907 mutamus
278 1853 429 1918 mortuum,
447 1842 576 1901 dammae
591 1844 619 1899 vi
635 1858 740 1919 erogo
759 1844 869 1901 eiectus
884 1842 1004 1901 recondi
1020 1852 1146 1921 propter
1258 1913 1259 1917 η

143 1922 275 1989 ardorem
297 1943 354 1987 uon
377 1929 536 2006 potuisset,
564 1927 641 1986 iuxta
660 1927 811 1985 sarmentis
832 1925 895 1985 aliis
915 1926 1006 1987 nudus
1030 1942 1183 1992 cremara
1258 1932 1259 1953 ¹

143 2022 189 2073 tus
206 2022 259 2072 ιιι.

101 2105 151 2162 187
202 2098 252 2159 54.
274 2097 358 2176 (55.)
387 2094 483 2174 Ipsum
500 2112 629 2158 cremare
646 2095 720 2173 apud
738 2093 884 2153 Romanos
898 2110 955 2153 nou
970 2094 1146 2155 luitveteris
1258 2120 1259 2127 ι

140 2181 269 2241 instituti.
285 2190 363 2241 terra
376 2180 581 2239 condebantur
607 2187 635 2238 at
647 2188 799 2257 postquam
813 2177 976 2263 longinquis
991 2177 1076 2237 bellis
1090 2178 1144 2239 ob·

142 2274 223 2325 rutos
240 2266 301 2325 erui
318 2281 503 2339 cognovere,
527 2272 595 2322 tunc
613 2264 778 2322 institutum.
812 2271 841 2321 et
862 2271 956 2321 tamen
972 2262 1078 2321 multae
1099 2262 1141 2321 la·

142 2349 238 2409 miliae
259 2349 372 2425 priscos
395 2362 551 2405 servavere
569 2348 655 2420 ritus,
680 2348 753 2406 sicut
774 2347 803 2404 in
824 2343 959 2405 Cornelia
976 2362 1059 2405 nemo
1076 2355 1181 2409 ιιιιιιι

143 2432 250 2493 Sullam
277 2430 446 2487 dictatorem
475 2429 595 2489 traditur
624 2438 777 2487 crematus.
819 2427 905 2505 idque
933 2429 1082 2489 voluisse
1091 2448 1142 2488 ve-

126 2517 225 2574 ἰἰιιιιιι
240 2512 374 2570 talionem
397 2519 480 2569 eruto
497 2509 529 2569 6.
546 2510 617 2570 blali
635 2511 788 2571 cadavere.
821 2512 953 2590 sepultus
972 2529 1042 2571 vero
1059 2513 1142 2575 intel·

143 2598 258 2673 legatur
270 2611 386 2672 quoquo
399 2595 485 2655 modo
499 2594 640 2668 conditus,
657 2594 787 2653 bonatus
798 2612 869 2654 vero
882 2595 966 2655 humo
979 2605 1141 2655 contectus.

104 2688 155 2743 188
207 2679 256 2737 55.
280 2678 364 2757 (56)
402 2679 471 2737 Post
502 2678 680 2756 sepulturam
711 2679 808 2737 variae
842 2681 963 2737 manium
991 2680 1140 2755 ambages.

144 2760 280 2821 Omnibus
295 2780 311 2821 a
326 2780 460 2838 suprema
474 2760 520 2819 die
539 2760 639 2821 eadem
657 2778 731 2860 quae
747 2770 811 2820 ante
828 2764 962 2839 primum,
978 2781 1034 2823 uec
1049 2765 1142 2841 magis
1152 2780 1180 2823 ao

144 2853 267 2905 amorts
284 2863 385 2903 sensus
401 2844 477 2905 ullus
493 2853 541 2905 aut
556 2846 673 2921 corpori
687 2854 738 2904 aut
754 2846 862 2905 animae
881 2864 964 2923 quam
981 2857 1047 2907 autc
1062 2856 1141 2907 nata-

144 2923 210 2987 lem.
241 2927 343 2987 eadem
359 2930 433 2987 euim
447 2930 556 2987 vanitas
572 2929 601 2986 iu
617 2928 740 2988 loturum
756 2931 841 2989 etiam
862 2948 895 2989 se
911 2941 1053 3009 propagat
1069 2940 1098 2989 et
1113 2933 1142 2991 iu

143 3013 242 3070 mortis
257 3028 373 3089 quoque
391 3021 523 3089 tempora
544 3012 601 3071 sibi
615 3014 701 3073 vitam
719 3015 866 3089 mentitur,
892 3014 964 3073 alias
985 3014 1140 3073 inmortali·

142 3103 229 3153 tatem
253 3095 378 3169 animae,
400 3096 470 3155 alias
490 3098 783 3172 transfigurationem,
806 3097 877 3156 alias
899 3114 1013 3159 sensum
1040 3099 1140 3157 inferis

144 3177 236 3237 dando
250 3185 279 3235 et
290 3178 378 3235 mauis
394 3177 518 3237 colendo
530 3178 671 3254 deumque
684 3180 816 3239 laniendo
830 3184 877 3257 qui
890 3183 944 3241 iam
956 3185 1040 3241 etiam
1052 3182 1138 3241 bomo
1149 3198 1177 3239 ιι

144 3277 211 3319 esse
227 3259 361 3334 desierit,
378 3278 431 3319 ceo
447 3278 517 3319 vero
535 3262 695 3320 ullomodo
717 3264 842 3360 spirandi
858 3267 930 3325 ratio
953 3267 1057 3326 ceteris
1079 3267 1137 3325 ani·

143 3342 264 3400 malibus
279 3340 382 3415 distet,
401 3352 448 3401 aut
463 3360 519 3401 uon
538 3344 739 3403 diuturniora
732 3365 760 3404 ιιι
777 3349 833 3405 vita
856 3348 942 3409 multa
957 3350 1138 3426 reperiantur

103 3423 263 3499 reoquttus
285 3440 370 3483 nemo
392 3425 514 3483 similem
536 3426 643 3487 divinat
668 3429 906 3489 inmortalitatem.
944 3431 1021 3509 qnod
1043 3441 1137 3491 autem
