2542 3842
175 198 234 259 142
500 210 529 259 c.
546 212 643 259 ruunt
658 209 807 259 sucorum

173 374 204 426 et
224 364 273 425 ubi
294 364 372 425 nulla
393 366 450 426 alia
468 382 528 425 vox
544 368 714 442 misceatur,
731 367 880 427 adsidente
901 369 950 447 qui
971 368 1076 429 crebro
1097 371 1179 433 dicat

174 466 209 509 ea
225 467 301 528 quae
313 450 428 509 condita
441 450 514 509 velit
532 468 566 509 ac
584 450 657 509 cibis
671 450 845 511 blandiente.

131 544 180 597 121
251 530 302 594 4'3.
327 534 411 613 (60.)
440 533 587 593 Reddatur
607 543 636 592 et
658 537 755 593 corvis
775 554 826 594 sua
846 535 956 612 gratia,
978 536 1178 615 indignatione

163 618 405 697 ,quoquepopuli
420 616 540 677 Romani
555 625 670 691 testata,
686 635 743 678 nou
758 619 849 679 solum
869 620 1055 681 couscientia.
1087 621 1176 683 'libe-

171 704 216 761 rio
238 702 431 780 principerex
446 702 508 761 letu
530 718 615 779 supra
643 699 793 762 Castomm
826 703 928 763 aedem
957 707 1056 780 genito
1077 706 1203 784 pulluss

173 788 201 845 in
220 788 383 864 oppositam
397 787 534 845 sutrinam
549 786 705 862 devolavit,
728 789 813 846 etiam
827 788 974 863 religione
993 791 1175 855 commcnda-
1202 841 1209 852 r

140 901 142 917 ι
173 878 218 929 tus
235 870 370 929 oiiicinae
393 869 518 929 donnino.
546 872 570 927 is
591 879 701 929 mature
721 872 848 930 sermoni
867 872 1062 948 adsuefactus,
1085 876 1174 933 omni·

173 953 227 1013 bus
240 954 383 1013 matutinis
406 954 527 1013 evolans
548 954 577 1011 in
598 963 693 1014 rostra
721 958 750 1015 in
772 956 865 1015 lorum
891 973 995 1015 versus
1016 956 1173 1034 Tiberium,

173 1036 241 1097 dein
256 1036 453 1097 Germanicum
470 1048 499 1097 et
513 1038 636 1097 Drusum
651 1036 795 1099 Caesares
813 1040 985 1115 nominatim,
999 1057 1067 1100 mox
1081 1049 1173 1101 trans·

173 1131 289 1181 euntem
308 1122 446 1199 populum
466 1120 624 1182 Romanurn
652 1124 812 1200 salutabat,
839 1132 943 1201 postea
966 1124 1002 1184 ad
1025 1124 1172 1185 tabernam
1182 1144 1211 1187 rc

131 1216 181 1269 111
189 1223 333 1280 remeans,
357 1206 479 1284 plurium
491 1220 628 1267 annorum
642 1208 763 1269 adsiduo
780 1208 879 1267 cilicio
893 1209 990 1267 mirus.
1020 1208 1174 1269 buncsive

172 1289 365 1351 aemulatione
404 1292 557 1352 vicinitatis
586 1308 725 1370 manceps
756 1309 914 1371 proxumae
952 1294 1079 1352 sutrinae
1111 1294 1173 1351 sive

172 1372 319 1437 iracundia
331 1374 432 1451 subita,
449 1386 479 1435 ut
491 1376 583 1435 voluit
600 1376 701 1448 videri,
717 1378 911 1435 excrementis
925 1378 986 1435 eius
1004 1376 1173 1456 posita'cal·

174 1460 235 1520 aeis
247 1458 369 1533 macula,
393 1460 565 1519 exanimavit
581 1468 657 1519 tanta
675 1458 775 1536 plebei
787 1462 1021 1520 consternatione
1037 1469 1069 1520 ut
1080 1463 1171 1539 primo

154 1540 273 1623 ¹pulsus
291 1560 328 1601 cx
344 1559 379 1601 ea
394 1544 526 1619 regione,
542 1560 610 1600 mox
625 1550 655 1599 et
672 1545 862 1621 interemptus
880 1546 927 1618 sit,
953 1544 1096 1624 funusque
1114 1544 1173 1604 aliti
1183 1554 1208 1596 tt

172 1626 326 1686 innumeris
353 1625 530 1684 celebratum
558 1626 722 1701 exsequiis,
751 1634 925 1685 constratum
948 1627 1056 1687 lectum
1083 1644 1175 1705 super

172 1706 346 1783 Aethiopum
366 1708 486 1765 duorum
509 1722 624 1766 umcros
645 1709 842 1784 praecedente
863 1708 982 1766 tibicine
1004 1720 1033 1768 et
1055 1712 1175 1774 coronis

155 1789 158 1801 '
173 1790 296 1850 omniunt
307 1806 445 1866 generum
457 1788 492 1848 ad
507 1806 608 1867 rogum
623 1808 717 1869 usque
728 1791 777 1868 qui
789 1799 971 1848 constructus
989 1792 1091 1851 dextra
1107 1797 1176 1855 viae

171 1874 287 1951 Appiae
308 1872 523 1933 adsecundum
545 1872 670 1951 lapidem
692 1875 720 1932 in
743 1889 845 1951 campo
865 1872 998 1933 llediculi
1020 1875 1177 1953 appellato
1212 1941 1215 1946 ,

130 1966 180 2021 113
191 1958 253 2017 iuit.
284 1957 358 2016 adeo
373 1958 445 2017 satis
467 1958 540 2017 iusta
561 1964 647 2018 causa
664 1957 774 2036 populo
793 1956 923 2016 Romano
939 1958 1001 2017 visa
1024 1968 1070 2018 est
1085 1977 1210 2020 exse-so

172 2042 300 2121 quianam
317 2042 460 2119 ingenium
471 2044 534 2102 avis
547 2050 594 2101 aut
606 2042 734 2121 supplici
745 2042 783 2101 de
795 2042 860 2100 cive
872 2040 1001 2101 Romano
1012 2042 1041 2100 iu
1054 2060 1089 2102 ea
1099 2044 1174 2103 urbe

172 2129 200 2187 in
216 2144 272 2207 qua
285 2126 437 2186 multorum
451 2128 612 2204 principum
631 2144 718 2185 neruo
735 2124 894 2186 deduxerat
909 2126 1002 2202 lunas,
1027 2127 1171 2206 Scipionis

171 2228 244 2271 vero
261 2210 412 2271 Aemiliani
431 2220 498 2289 post
519 2208 722 2287 Carthaginem
743 2209 978 2287 Numantiamque
994 2210 1113 2269 ‘deletas
1134 2210 1171 2269 ab

159 2314 210 2357 ,eo
230 2312 315 2355 neruo
338 2295 535 2354 vindicaverat
562 2304 694 2353 mortem.
721 2294 778 2353 boc
798 2303 911 2370 gestum
930 2293 967 2351 bl.
991 2295 1115 2354 Servilio
1134 2290 1165 2349 G.

132 2378 289 2443 lilCestio
302 2394 378 2436 coss.
388 2392 413 2435 a.
422 2378 449 2435 d.
457 2388 490 2434 v.
498 2377 614 2437 lralend.
628 2378 748 2455 Aprilis.
766 2376 848 2435 Nunc
860 2393 976 2456 quoque
988 2386 1050 2437 crat
1062 2380 1090 2435 in
1099 2372 1168 2435 urbe
1177 2393 1207 2435 25

172 2464 263 2523 Roma
279 2460 353 2519 baec
369 2460 512 2536 prodente
527 2478 573 2520 me
586 2462 692 2539 equitis
704 2460 824 2519 Romani
835 2462 937 2520 cornix
951 2480 968 2521 e
983 2458 1169 2539 Baetica'pri·

172 2564 246 2606 mum
259 2544 360 2602 colore
368 2544 439 2602 mira
450 2544 602 2604 admodum
609 2546 705 2621 nigro,
719 2544 823 2604 deiude
836 2546 919 2621 plura
932 2554 1067 2605 contexta
1078 2541 1171 2603 verba

174 2628 338 2705 exprimens
348 2634 380 2687 et
392 2628 447 2687 alia
459 2636 545 2705 atque
562 2628 617 2688 alia
633 2628 737 2687 crebro
750 2628 914 2688 addiscens.
945 2648 1001 2689 nec
1015 2640 1069 2689 nou
1081 2636 1111 2685 et
1120 2644 1171 2700 re-

153 2730 242 2796 ‘cens
259 2712 333 2773 larua
350 2710 463 2772 Crateri
474 2712 672 2771 Monocerotis
685 2713 858 2789 cognomine
869 2714 897 2770 in
909 2712 1032 2772 Erizena
1048 2711 1172 2787 regione

172 2797 261 2857 Asiae
278 2814 430 2857 corvorum
446 2812 537 2875 opera
557 2797 688 2855 venantis
710 2814 746 2855 eo
767 2796 844 2873 quod
860 2796 1024 2856 devehebat
1039 2798 1067 2855 in
1084 2794 1207 2854 silvasao

173 2898 226 2941 eos
243 2883 402 2942 insidentes
412 2880 572 2940 'corniculis
585 2882 762 2959 umerisque.
780 2879 822 2939 illi
833 2878 1019 2957 vestigabant
1033 2878 1171 2957 agebant-

173 2984 229 3044 que
244 2984 280 3025 eo
297 2964 661 3043 perductaconsuetudine
681 2974 712 3023 ut
726 2973 878 3024 exeuntem
901 2967 943 3023 sic
966 2966 1172 3023 comitarentur

132 3059 180 3113 125
189 3060 219 3109 et
229 3050 293 3109 leri.
321 3048 500 3109 Tradeudum
512 3058 651 3127 putavere
665 3050 822 3108 memoriae
836 3049 948 3127 quidam
959 3048 1052 3106 visum
1064 3063 1117 3125 per
1133 3046 1171 3102 si-

173 3134 223 3194 tim
238 3131 349 3213 lapides
366 3142 572 3209 congerentem
587 3136 615 3193 in
631 3133 745 3193 situlam
759 3134 938 3205 monimenti,
954 3132 983 3189 iu
1001 3149 1056 3209 qua
1074 3130 1173 3207 pluvia

173 3236 246 3297 aqua
262 3216 398 3291 durabat,
421 3218 473 3277 sed
498 3234 572 3296 quae
586 3219 691 3293 attingi
712 3235 769 3276 non
787 3226 897 3294 posset.
927 3217 966 3274 ita
989 3213 1209 3274 descenderere

173 3311 325 3382 paventem
339 3302 522 3377 expressisse
535 3302 735 3377 tali'oongerie
749 3308 882 3378 quantum
895 3309 998 3379 poturo
1011 3296 1172 3356 sufficeret.

132 3394 183 3449 116
254 3386 303 3443 44.
323 3383 406 3460 (61.)
428 3382 491 3442 Nec
516 3384 683 3442 Diomedias
711 3383 877 3461 praeteribo
894 3380 977 3443 avis.¹
1003 3382 1071 3440 Iuba
1094 3391 1172 3441 cata-

173 3476 268 3525 ractas
280 3475 366 3555 vocat
378 3474 407 3525 ct
418 3468 461 3525 eis
474 3484 542 3525 esse
559 3467 651 3525 dentis
668 3468 828 3544 oculosque
840 3469 925 3544 igneo
939 3466 1051 3542 colore,
1064 3473 1174 3525 'cetero
