2542 3842
175 141 236 204 256
506 152 536 202 o.
553 154 649 203 emm
665 153 813 202 sscouor

174 310 285 368 oriente
301 304 422 366 hiberno
439 308 475 367 ad
492 308 673 367 occidentem
689 305 850 365 hibernum.
877 304 1035 365 meridiano
1053 304 1171 366 cardine

173 391 264 449 silvae
286 389 401 450 hebeno
422 409 553 450 maxume
570 391 679 464 virent,
704 408 720 450 a
740 389 832 448 media
854 389 914 447 eius
933 397 1015 464 parte
1031 389 1171 448 inminens

172 474 243 532 mari
265 489 347 532 mons
369 473 652 535 excelsusoeternis
672 474 753 533 ardet
773 471 903 548 ignibus,
927 464 1028 530 Theon
1049 471 1171 531 ochema

126 561 133 578 ‘
173 557 266 635 dictus
280 555 410 616 Graccis.
436 573 520 633 aquo
531 556 675 632 navigatio
689 556 841 633 quatridui,
856 556 1080 632 promontorium
1094 555 1171 632 quod

173 638 307 717 Hesperu
330 658 414 705 ceras
428 648 550 698 vocatur
571 637 684 697 couirne
700 639 818 699 Africae
839 639 916 696 iuxta
933 637 1092 716 Aethiopas
1113 635 1193 696 rte-⁵
1259 687 1260 692 ,

173 725 297 799 sperios.
341 723 454 800 quidam
471 724 541 780 etin
558 738 595 780 eo
610 729 703 780 tractu
717 721 848 781 modicos
864 721 949 780 collis
965 737 1083 780 amoena
1100 737 1170 800 opa-
1259 761 1260 768 ι

174 806 260 865 citata
277 809 399 864 vestitos
415 805 593 882 Aegipanum
608 804 833 880 Satyrorumque
851 805 983 880 produnt.
1091 807 1098 826 ¹

132 897 185 953 198
244 886 640 966 31.‘(36.)1nsutasr0r0e0
657 888 726 946 mari
743 895 771 946 et
783 885 919 962 Ephorus
937 886 1083 965 conpluris
1102 904 1171 945 esse

28 973 31 979 ’
140 974 144 980 ’
174 971 289 1031 tradidit
310 980 338 1030 et
360 970 500 1029 Eudoxus
524 979 553 1029 et
568 969 785 1044 Timosthenes,-
810 966 972 1034 Clitarchus
991 986 1063 1028 vero
1080 968 1170 1028 Alex·

174 1054 263 1114 andro
280 1072 352 1130 rege
373 1055 516 1113 renuntiat
536 1053 610 1112 adeo
627 1054 745 1113 divitem
767 1062 798 1112 ut
813 1069 905 1130 equos
926 1052 1039 1112 incolae
1055 1052 1170 1111 talentis
1183 1070 1207 1110 ro

49 1202 55 1212 ,
152 1136 234 1197 ¹auri
255 1144 464 1215 permutarent,
487 1137 618 1213 alteram,
643 1136 691 1195 ubi
707 1153 791 1196 sacer
809 1153 891 1195 mons
912 1145 1021 1214 opacus
1037 1135 1109 1194 silva
1125 1153 1171 1195 re·
1259 1141 1260 1202 i

174 1229 273 1298 pertus
301 1228 397 1294 esset,
427 1219 592 1279 destillante
612 1219 764 1279 arboribus
784 1220 874 1279 odore
899 1221 987 1278 mirae
1013 1219 1170 1280 suavitatis.

175 1301 282 1362 contra
302 1302 393 1361 sinum
408 1301 554 1361 Persicum
571 1299 665 1361 Cerne
681 1303 841 1362 nominatur
859 1302 951 1361 insula
974 1302 1095 1361 adversa
1112 1301 1171 1360 Ae·
1259 1317 1260 1352 ι

174 1386 318 1463 thiopiae,
342 1386 423 1444 cuius
443 1402 538 1462 neque
561 1384 725 1463 magnitudo
745 1403 840 1462 neque
863 1384 1042 1444 intervallum
1064 1402 1079 1442 a
1103 1401 1171 1442 con·
1259 1375 1260 1448 l

175 1471 282 1528 tinente
299 1477 420 1527 constat.
452 1467 623 1546 „Aethiopas
641 1476 747 1528 tantum
763 1467 888 1546 populos
906 1467 1014 1526 habere
1031 1467 1170 1545 proditur.
1183 1487 1208 1526 rs
1259 1527 1260 1530 ,

134 1550 324 1628 199Ephorus
345 1559 446 1610 auctor
471 1559 517 1608 est
545 1567 561 1609 a
583 1549 682 1618 Rubro
708 1551 778 1610 mari
801 1545 965 1626 navigantis
980 1552 1008 1608 in
1030 1568 1092 1608 eam
1114 1567 1173 1609 non
1259 1573 1260 1626 3

175 1650 264 1710 posse
279 1641 400 1709 propter
415 1632 534 1691 ardores
549 1632 622 1691 ultra
639 1632 938 1715 quasdam-columnas
954 1633 1007 1709 (ita
1024 1631 1172 1709 appellan-

130 1723 133 1728 '
176 1725 222 1773 tur
243 1732 350 1792 parvae
371 1713 498 1793 insulae)
514 1714 646 1792 provehi.
691 1714 826 1790 Polybius
842 1716 870 1773 in
887 1723 1014 1774 extrema
1029 1713 1171 1774 Maureta-

118 1793 121 1799 ’
175 1800 220 1856 nia
237 1805 336 1856 contra
352 1806 477 1856 montem
492 1797 636 1856 Atlantem
653 1816 668 1857 a
686 1807 763 1858 terra
787 1798 877 1858 stadia
894 1797 961 1856 Vlll
976 1797 1081 1856 abesse
1103 1816 1170 1875 pro-

66 1948 72 1955 x
175 1879 243 1939 didit
253 1876 388 1955 Cernen,
410 1878 514 1958 Nepos
527 1873 680 1940 Gemellus
703 1898 739 1939 ex
760 1881 883 1940 adverso
900 1874 1034 1939 iuaxume
1053 1878 1169 1940 Cartha·
1181 1900 1207 1940 ao

175 1963 249 2039 ginis
269 1981 285 2022 a
307 1964 471 2023 continente
491 1981 569 2041 pass.
591 1962 677 2038 xm,
700 1981 757 2022 non
778 1963 944 2042 ampliorem
967 1964 1086 2023 circuitu
1103 1962 1170 2042 llll.

176 2045 308 2105 Traditur
337 2055 365 2106 et
391 2046 446 2105 alia
472 2045 564 2105 insula
591 2055 690 2106 contra
716 2056 840 2106 montem
863 2047 1022 2119 Atlantem,
1052 2055 1081 2105 et
1108 2048 1172 2124 ipsa

175 2128 299 2188 Atlantis
321 2129 478 2207 appellata.
518 2128 554 2188 ab
572 2129 647 2188 eaV
663 2131 771 2190 dierum
789 2131 1049 2208 praenavigationis
1073 2128 1172 2187 solitu·
1259 2187 1260 2198 ,

175 2212 257 2271 dines
273 2211 309 2270 ad
325 2211 484 2289 Aethiopas
501 2211 661 2289 Hesperios
678 2223 707 2271 et
721 2214 946 2290 promontorium
962 2212 1038 2289 quod
1055 2213 1171 2270 vocari·
1259 2217 1260 2226 ’

135 2316 168 2349 or
179 2313 240 2353 mus
255 2293 388 2371 Hesperu
413 2312 513 2368 ceras,
533 2295 599 2353 inde
616 2297 734 2371 primum
751 2297 964 2370 circumagente
982 2312 1014 2352 se
1032 2303 1170 2354 terrarum
1181 2311 1207 2350 rs
1259 2335 1260 2340 η

134 2377 286 2440 200ironte
298 2377 326 2433 iu
343 2392 479 2434 occasum
494 2394 529 2435 ac
543 2394 622 2435 mare
638 2375 821 2436 Atlanticum.
861 2374 967 2434 Contra
983 2375 1040 2434 hoc
1056 2393 1171 2454 quoque
1259 2371 1260 2376 ’

176 2455 402 2536 promontorium
418 2455 568 2533 Gorgades
589 2459 699 2517 insulae
720 2467 878 2533 narrantur,
902 2456 1066 2533 Gorgonum
1082 2475 1172 2535 quon-

177 2541 241 2600 dam
257 2539 368 2614 domos,
392 2537 469 2597 bidui
484 2541 668 2615 navigatione
684 2540 822 2598 distantes
841 2559 856 2598 a
873 2542 1047 2614 continente,
1069 2547 1099 2597 ut
1115 2549 1172 2600 tra-

140 2666 144 2679 .
178 2623 218 2682 dit
232 2620 396 2699 Xenophon
411 2619 633 2699 Lampsacenus.
678 2623 842 2698 penetravit
864 2625 892 2680 in
917 2639 967 2681 eas
982 2621 1083 2680 Hanno
1098 2621 1172 2681 Poe·

176 2721 277 2764 norum
293 2706 449 2782 imperator
465 2704 646 2782 prodiditque
663 2703 738 2763 hirta
753 2705 919 2764 seminarum
935 2720 1069 2781 corpora,
1092 2706 1171 2763 viros
1183 2721 1209 2761 ao

177 2789 348 2864 pernicitate
370 2787 516 2862 evasisse,
538 2787 713 2864 duarumque
735 2786 898 2864 Gorgadum
919 2788 991 2846 cutis
1015 2790 1173 2864 argumenti

178 2879 208 2928 et
228 2869 357 2929 miraculi
373 2871 465 2945 gratia
484 2870 513 2927 in
532 2867 647 2928 lunonis
666 2869 774 2947 templo
797 2871 893 2946 posuit
911 2878 1059 2948 spectatas
1079 2888 1173 2948 usque

115 2962 185 3027 ‚201
193 2951 228 3011 ad
244 2949 445 3028 Carthaginem
461 2960 582 3029 captam.
600 2951 697 3025 ¹Ultra
712 2949 764 3011 has
782 2953 932 3013 etiamnum
947 2951 1020 3011 duae
1035 2952 1172 3030 Hesperi·
1259 2995 1260 3024 ,

178 3035 244 3093 dum
259 3034 369 3093 insulae
387 3043 545 3108 narrantur,
563 3034 696 3110 adeoque
709 3036 802 3094 omnia
818 3037 895 3094 circa
912 3033 969 3094 hoe
984 3035 1094 3093 incerta
1109 3043 1174 3092 sunt
1259 3051 1260 3058 ¹

178 3124 209 3174 ιιι
224 3116 330 3174 Statius
344 3115 473 3174 Sebosus
489 3133 505 3175 a
517 3114 681 3192 Gorgonum
694 3117 794 3176 insulis
811 3116 1173 3193 praenavigationeAtlan-
1185 3129 1209 3170 ιι

178 3200 215 3256 tis
232 3197 342 3256 dierum
358 3196 407 3255 Xh
423 3197 458 3256 ad
472 3196 663 3276 hesperidum
685 3199 792 3258 insulas
809 3201 922 3258 cursum
938 3194 1113 3276 prodiderit,
1137 3199 1173 3257 ab

180 3281 216 3337 iis
230 3279 265 3338 ad
282 3277 416 3355 hesperu
439 3297 523 3338 ceras
538 3283 630 3338 ouius.
662 3297 716 3339 nec
732 3279 925 3340 Mauretaniae
941 3280 1095 3339 insularum
1111 3299 1173 3339 cer-

180 3362 236 3420 tior
252 3359 327 3422 iama
343 3368 395 3420 est.
426 3377 534 3438 paucas
549 3362 634 3422 modo
652 3369 764 3446 constat
779 3381 845 3442 esse
862 3381 899 3422 ex
915 3362 1037 3423 adverso
1053 3361 1175 3422 Autolo-
1259 3375 1260 3382 ¹
