2542 3842
320 209 401 259 aun.
415 183 506 258 ursa.
520 208 568 258 vn.
584 203 703 261 laeuo.
727 195 880 276 (ua—aa.)
1026 193 1085 258 231

99 364 283 430 Palibothros
308 363 436 426 deuurrit
458 365 534 425 inter
555 365 663 443 oppida
685 362 817 425 Methora
843 371 873 422 et
894 359 1095 439 chrysobora„

101 452 130 512 A
144 451 244 527 Gange
258 467 344 510 uersa
359 449 396 510 ad
409 447 557 527 meridiem
568 448 655 526 plaga
669 448 813 526 tinguntur
828 444 892 506 sole
905 446 1017 525 populi,
1033 449 1088 508 iam
1099 455 1134 509 lo

102 534 216 614 quidem
230 532 340 609 iniecti,
356 531 481 594 noudum
494 539 589 592 tamen
598 531 773 610 Aethiopum
786 527 872 589 modo
889 531 992 607 exusti,
1005 549 1105 610 quan-¹

102 627 162 679 tum
186 616 223 679 ad
239 617 337 678 ludum
351 615 493 677 snoudunt
507 623 615 676 mutum
631 615 732 678 ooloue
746 612 915 695 praeierunt
928 613 1016 674 sidus.
1048 614 1091 674 ln·

79 703 156 764 udus
171 701 266 762 statim
279 717 296 760 a
311 700 473 761 Prasiorum
486 709 593 777 gente,
615 716 735 778 quorum
756 699 785 759 iu
803 699 944 758 montanis
958 695 1092 774 Pygmaei

102 786 261 847 traduntur.
290 782 488 845 Artemidorus
508 785 584 845 iuter
599 784 672 845 duos
686 783 775 845 amuis
789 779 895 850 ffitt
911 797 989 860 pass.
1008 783 1093 840 iuter·

103 887 172 930 esse
186 868 281 929 trudit.

187 952 238 1014 20.
261 950 345 1030 (23.)
371 951 458 1013 ludus
474 951 578 1012 ineolis
592 952 696 1013 Sindus
711 950 875 1030 appellatus
888 951 917 1011 in
933 949 1001 1026 iugo
1017 946 1089 1008 Cau·
1102 957 1134 1012 71

106 1037 168 1098 oasi
184 1037 288 1096 montis
306 1036 382 1114 quod
397 1044 518 1095 sonatur
533 1035 725 1115 Paropanisus
745 1035 896 1096 adversus.
907 1033 977 1094 sulit
1003 1042 1095 1092 ortum

71 1142 95 1183 ro
105 1121 214 1182 etiusus
230 1120 339 1198 etipse
355 1118 531 1196 undeviginti
545 1120 649 1197 reeipit
662 1119 761 1192 amuis,
780 1118 834 1179 sed
849 1117 1023 1180 elatissimos
1037 1115 1094 1192 lly-

81 1206 215 1283 uesper
229 1212 364 1282 quattuor
378 1202 452 1264 alios
467 1203 656 1279 adferentem,
669 1200 823 1263 (laniabam
836 1203 898 1278 tris,
910 1219 964 1280 per
974 1218 1008 1261 se
1023 1218 1094 1260 vero

11 1342 12 1371 ,
103 1286 275 1366 navigabilis
289 1286 444 1348 Acesinum
467 1295 497 1346 et
510 1285 684 1364 llpssphim,
708 1284 828 1366 quadm
845 1295 939 1346 tamen
959 1301 1094 1363 aquarum

11 1374 12 1439 l
103 1372 245 1433 modestia
268 1386 409 1450 nusquam
431 1370 517 1432 latim
535 1369 558 1430 h
575 1369 676 1430 stadiis
702 1377 749 1431 aut
774 1367 858 1431 altior
875 1367 931 1430 XV
951 1366 1094 1448 passibus,

11 1442 12 1529 l
65 1471 67 1476 ’
105 1455 309 1534 amplissimam
332 1454 453 1516 insulam
477 1455 608 1516 eihoiens
629 1472 703 1533 quse
727 1453 862 1516 Prasiane
886 1454 1046 1513 nominatur
1066 1460 1095 1511 et

10 1608 11 1613 ἵ
70 1541 189 1601 aralium
209 1539 348 1599 minorem
360 1556 436 1617 quas
448 1538 557 1600 Patala.
593 1539 657 1617 ipse
677 1534 870 1618 perYlIXh
882 1535 1136 1615 supersparsa

9 1622 11 1667 ἓ
105 1623 226 1684 cissimis
242 1622 408 1684 auotoribus
424 1624 573 1700 navigatus
587 1631 618 1682 et
627 1622 751 1704 quodam
765 1623 837 1682 solis
853 1620 986 1680 comitatu
1001 1621 1030 1680 in
1045 1636 1093 1680 oo·
1172 1652 1175 1658 ·

105 1723 204 1766 casum
217 1725 321 1768 versus
335 1724 448 1769 ooeauo
461 1706 625 1768 infunditur.
664 1705 826 1768 Mansuram
842 1721 893 1766 ora
907 1703 944 1766 ad
965 1715 1029 1764 euni
1043 1722 1095 1784 po-

104 1806 181 1865 nam,
203 1799 236 1850 ut
248 1791 379 1867 invenio,
399 1792 575 1869 generatim,
592 1807 762 1870 quamquam
776 1793 850 1851 iuter
866 1807 899 1850 se
914 1787 1010 1849 nullae
1026 1805 1094 1848 oon·

9 1879 10 1900 ¹
105 1881 219 1951 gruunt.
247 1872 292 1934 Ab
308 1877 384 1936 ostio
399 1874 505 1952 Gangis
526 1875 563 1936 ad
577 1877 801 1954 promontorium
815 1873 956 1952 catugon
970 1881 1000 1932 et
1015 1875 1095 1951 oppi-

9 1960 11 2001 l
70 1973 97 2014 so
106 1958 172 2018 dum
185 1956 361 2034 Dandaguda
375 1957 509 2019 DGXXV
519 1959 578 2020 mil.
590 1976 736 2037 passuum,
753 1959 789 2020 ad
804 1958 929 2036 'Propius
943 1955 1098 2024 infixum

8 2076 10 2107 r
104 2039 135 2101 hl
150 2057 247 2129 papa,
268 2040 304 2100 ad
317 2041 476 2102 Perimulae
490 2045 732 2120 promontorium,
749 2042 798 2102 ubi
813 2049 859 2102 est
879 2041 1097 2102 celeberrimum

9 2122 10 2179 ἴ
104 2122 204 2184 Indiae
219 2124 396 2200 emporium,
413 2122 528 2199 DGGh,
552 2125 589 2185 ad
605 2125 741 2203 oppidum
755 2125 783 2182 in
800 2122 892 2183 insula
908 2141 992 2202 quam
1011 2139 1096 2200 supra

106 2207 228 2268 diximus
240 2205 366 2267 Patalam
376 2204 484 2266 DGXX
500 2205 531 2266 bl
546 2218 634 2285 pass'
657 2204 763 2266 Gentes
777 2211 927 2268 montanae
941 2208 1014 2266 inter
1030 2223 1094 2264 eum
1105 2213 1140 2268 73

107 2299 138 2350 et
162 2289 300 2351 lomaueu
328 2287 412 2365 cesi,
441 2287 589 2351 Getriboui
613 2289 782 2366 silvestres,
814 2289 916 2350 deinde
942 2288 1096 2367 Megallae,

71 2389 229 2452 asquomm
243 2373 308 2451 regi
324 2373 350 2435 D
366 2373 527 2452 elephanti,
552 2373 679 2453 peditum
701 2375 883 2453 equitumque
903 2390 1036 2436 uumerus
1057 2372 1097 2432 iu·

107 2466 222 2532 nortus,
243 2456 366 2533 Chrysei
372 2503 381 2533 ,
399 2458 596 2534 Parasangae,
612 2456 748 2536 Asmagi,
770 2459 836 2535 tigri
857 2458 920 2519 lera
940 2465 1095 2519 soateutes.

107 2537 1097 2688 dubitabit-Plutiattth‘ltulllattttilidii:

107 2707 163 2768 bus
176 2726 231 2786 per
245 2706 379 2771 DGXXV
388 2707 427 2769 hl.
449 2707 526 2770 lulrn
541 2709 712 2771 solitudines
726 2709 806 2785 Dari,
821 2710 923 2784 Surae,
938 2711 1098 2785 iterumque
1157 2719 1159 2726 ’

50 2851 52 2855 .
75 2790 279 2854 aosolitudines
299 2810 353 2872 per
368 2790 551 2854 CLXXXVII
570 2791 600 2854 ll
616 2810 695 2872 pass.
715 2792 883 2870 plerumque
905 2791 1020 2853 harenis
1040 2809 1098 2851 am·

106 2874 251 2937 bientibus
271 2875 339 2936 hunt
359 2875 417 2937 alio
431 2874 519 2936 modo
534 2893 619 2954 quarn
641 2875 748 2937 insulas
762 2875 842 2934 mari.
887 2873 1139 2936 mutassentque

106 2958 182 3019 haao
200 2957 397 3034 bislteoorae,
416 2959 542 3036 Singas,
567 2957 720 3033 llarohae,
744 2957 913 3034 Rarungae,
939 2957 1096 3019 Moroutes.

106 3041 144 3102 nt
159 3044 294 3102 montium
308 3043 357 3120 qni
371 3050 515 3121 perpetuo
527 3050 619 3104 traotu
633 3041 670 3102 ad
685 3042 787 3102 oueani
802 3057 880 3100 oram
893 3042 1037 3119 pertinent
1058 3042 1097 3100 in·

109 3125 194 3190 nolae
208 3125 291 3186 liberi
307 3135 336 3186 et
349 3143 451 3202 regum
467 3135 604 3202 expertes
620 3124 716 3184 multis
728 3122 845 3186 urbibus
861 3133 1010 3188 montanus
1025 3127 1098 3204 opti·

57 3218 100 3262 tt
109 3219 180 3270 nent
193 3209 288 3270 oollis.
320 3208 435 3268 Nareae
451 3207 565 3285 deinds,
578 3225 655 3287 quos
672 3207 778 3269 elaudit
791 3224 872 3268 mons
885 3205 1037 3270 altissimus
1052 3209 1097 3269 lu·

110 3293 240 3354 diuorum
255 3290 404 3370 Capitalia.
437 3290 520 3352 buius
534 3292 648 3354 insulae
670 3290 727 3351 alio
742 3291 834 3352 latero
848 3292 906 3354 late
923 3294 984 3355 auri
1009 3301 1039 3353 et
1053 3310 1097 3352 ar-

109 3377 191 3454 genti
202 3375 317 3436 metulla
331 3374 460 3436 lodium.-
483 3374 530 3436 Ab
544 3376 580 3436 iis
595 3373 717 3451 Oratae,
739 3393 858 3457 quorum
871 3378 935 3454 regi
950 3375 1093 3455 elephanti
1105 3381 1153 3458 75Ι

110 3460 225 3540 quidem
243 3458 362 3539 deosm,
384 3459 438 3522 sed
452 3459 566 3540 amplae
580 3460 658 3522 vires
673 3459 815 3541 peditum,
838 3461 1052 3538 Suarattaratae,
1068 3470 1097 3521 et
1215 3478 1218 3483 ·
