2542 3842
147 144 209 206 252
299 157 395 206 sunu
405 159 486 206 nau.
503 159 593 206 msa.
610 159 685 206 1111.
696 155 741 208 25.
757 143 848 225 (1111.
867 141 1003 226 nit—52.)

150 310 287 390 quasdam
302 310 382 372 ferre
403 313 432 372 in
447 312 525 387 alto,
549 313 695 389 naufragis
716 311 791 372 haec
809 311 993 390 deprehensa
1014 310 1179 370 urinanti-

106 403 159 458 138
174 394 297 474 busque.
336 393 374 454 lit
396 394 470 456 aliae
490 394 640 456 traduntur
657 395 856 474 praegrandes
882 396 960 455 circa
979 395 1177 471 Sicyonem,

147 479 213 536 ritis
235 479 309 538 enim
330 481 439 557 passim
458 480 601 556 nasetur,
623 480 676 539 sed
691 480 765 538 deus
779 480 841 539 siue
855 479 950 555 foliis,
976 478 1072 537 rubro
1094 497 1176 538 cor·

146 563 215 620 tice.
247 562 279 620 lit
304 571 334 622 et
355 562 449 641 palma
470 563 602 622 fruticum
618 561 747 642 generis.
776 562 865 622 Extra
881 561 1018 622 llerculis
1043 563 1174 622 colunn-

70 718 81 732 .
146 661 198 704 nas
215 646 294 723 porri
311 645 416 706 fronde
435 647 560 706 nascitur
580 645 676 708 frutex
698 647 819 714 etalins
834 648 907 705 tauri
922 646 1089 723 anthymi,
1113 647 1199 726 quis

143 725 231 788 ambo
246 729 332 789 eiecti
347 731 375 788 in
390 731 531 808 pumicem
545 731 791 808 transfigurantur.
1112 732 1125 754 ⁸

104 819 157 875 139
231 812 316 892 (50.)
338 813 376 872 ht
392 815 419 872 in
436 817 549 874 oriente
567 816 668 873 mirum
683 822 729 874 est
750 815 843 873 statim
859 830 875 873 a
894 812 991 891 Copto
1006 831 1067 891 per
1087 815 1171 874 soli-

144 895 258 966 tudines
279 897 348 956 nihil
370 897 450 974 ffl‘gni
470 905 587 976 praeter
606 899 717 976 spinam
740 916 814 976 qnae
836 898 937 956 sitiens
952 906 1105 974 vocatur,
1137 908 1171 958 et

144 977 219 1038 hanc
233 997 326 1040 raram
344 980 511 1055 admodum,
527 982 555 1040 in
570 983 640 1041 mari
654 998 727 1042 reno
743 980 843 1041 llnbro
855 980 944 1040 silvas
954 983 1076 1057 virere,
1097 983 1192 1042 lau-·

143 1079 206 1122 ram
220 1081 353 1124 maxume
369 1073 400 1124 et
414 1065 518 1124 olivam
533 1064 653 1124 ferendo
668 1065 757 1124 bacas
767 1073 812 1141 et,
828 1064 1003 1143 compluat,
1026 1065 1165 1143 fungos,
1176 1082 1199 1122 o

117 1165 124 1178 ’
144 1148 192 1225 qui
204 1147 270 1208 sole
286 1148 356 1208 tacti
369 1156 513 1208 sumantur
529 1151 557 1207 in
572 1151 723 1226 pumicem.
749 1149 882 1208 fruticum
895 1151 1025 1226 ipsorum
1037 1151 1165 1226 magni-

130 1231 212 1290 ·tndc
227 1239 340 1290 ternans
351 1230 510 1293 cubitorum
529 1239 590 1308 est,
607 1230 643 1270 *⁴¹
656 1232 795 1293 caniculis
814 1233 941 1307 referta,
960 1234 1010 1291 rix
1029 1242 1068 1291 nt
1084 1251 1164 1312 pro·

144 1317 263 1455 spicere
285 1331 302 1374 e
321 1330 395 1374 nare
416 1324 504 1374 tntum
527 1317 565 1374 sit
588 1333 687 1376 remos
710 1316 880 1394 plerumque
904 1317 988 1394 ipsos
1007 1317 1163 1376 invaden-

142 1398 163 1456 ti
186 1415 230 1456 us.

103 1489 155 1544 llo
229 1480 315 1557 (hl.)
337 1479 394 1553 Qui
409 1483 585 1558 navigavere
600 1483 629 1541 in
644 1481 730 1542 lados
745 1481 904 1542 Alexandri
924 1483 1050 1559 milites,
1068 1484 1159 1544 fron
1171 1507 1192 1545 c

143 1563 209 1624 dem
230 1565 401 1624 marinarum
422 1565 556 1624 arborum
575 1565 723 1626 tradidere
746 1567 777 1624 in
800 1583 874 1643 aqua
894 1566 1015 1626 viridem
1042 1566 1157 1643 faisse,

144 1655 307 1724 exemptam
328 1647 392 1706 sole
414 1649 543 1725 protimus
564 1651 593 1708 in
613 1649 705 1708 salem
725 1658 925 1724 arescentem,
947 1653 1054 1709 iuncos
1078 1669 1157 1730 quoa

144 1747 201 1806 qne
215 1729 347 1805 lapideos
364 1747 502 1808 perquam
517 1734 617 1792 similis
627 1734 709 1790 reris
718 1751 773 1810 per
786 1734 881 1808 litora,
895 1736 969 1792 etin
983 1733 1047 1792 alto
1063 1751 1149 1813 qnas-

144 1815 207 1870 dam
229 1808 398 1872 arbusculas
420 1812 522 1872 colore
542 1814 642 1876 bubali
663 1831 770 1876 cornus
789 1825 919 1875 ramosas
937 1825 967 1875 et
990 1818 1144 1877 cacumini·

57 1969 59 1976 ,
141 1893 196 1954 bus
211 1891 356 1968 rubentis,
378 1911 442 1956 cum
462 1905 671 1974 tractarentur,
693 1900 758 1959 vitri
779 1899 866 1959 modo
886 1900 1016 1976 fragilis,
1042 1903 1074 1960 in
1087 1901 1184 1978 igni-so

142 1983 236 2036 autem
251 1983 281 2036 at
295 1975 403 2040 ferram
412 1979 635 2058 inardescentis,
647 1982 793 2042 restinctis
805 1984 907 2044 colore
919 2001 973 2042 sno
988 1985 1150 2044 redeunte.

100 2066 148 2122 141
161 2059 276 2121 Eodem
285 2068 378 2122 tractu
390 2064 544 2125 insularum
557 2068 646 2128 silvas
654 2068 865 2145 operitaestns,
875 2062 1047 2145 quamquam
1060 2068 1152 2127 altio-

139 2159 190 2201 res
206 2142 329 2220 platanis
345 2147 519 2226 populisque
534 2150 689 2210 altissimis.
712 2151 829 2211 foliolis
845 2150 960 2226 laurea,
977 2150 1032 2210 llos
1044 2152 1153 2212 violae

141 2233 170 2284 et
192 2225 285 2290 odore
303 2238 333 2288 et
349 2229 466 2307 colore,
487 2229 580 2292 bacae
598 2242 630 2292 ut
645 2233 736 2310 oleis,
760 2243 790 2294 et
802 2235 884 2312 ipsae
897 2234 995 2293 odoris
1011 2236 1150 2314 incundi,

140 2315 274 2368 autumno
297 2321 468 2388 nascentes,
493 2331 565 2374 rere
587 2317 772 2392 decidentes,
793 2316 871 2377 foliis
887 2334 1038 2395 numquam
1063 2319 1187 2378 deci-2⁵

140 2389 213 2449 duis.
244 2391 343 2452 harum
359 2393 486 2455 minores
505 2405 582 2458 totas
598 2402 702 2477 integit
723 2417 811 2461 mare.
841 2417 1033 2461 maxumarum
1055 2419 1149 2461 caen·

137 2471 213 2530 mina
229 2481 361 2548 enstant,
382 2475 418 2536 ad
433 2495 508 2556 qnae
522 2497 613 2542 naves
629 2483 805 2560 religantur,
824 2492 854 2542 et
869 2503 932 2543 oum
950 2485 1078 2544 recessit
1092 2502 1145 2544 ae·
1235 2454 1236 2519 3

138 2560 215 2626 stus,
234 2554 269 2612 ad
285 2555 409 2616 radices.
439 2561 521 2621 Alias
537 2581 653 2643 quoqne
668 2567 789 2626 arbores
804 2568 833 2625 in
846 2568 906 2626 alto
921 2567 956 2627 ab
973 2565 1074 2628 iisdem
1090 2585 1142 2626 ac·
1235 2570 1236 2589 ¹

112 2671 124 2688 .
139 2636 269 2711 cepimus
288 2638 392 2700 eodem
407 2644 436 2702 in
450 2647 521 2704 mani
536 2647 631 2725 visas,
647 2664 766 2728 semper
775 2649 847 2709 lolia
861 2652 1029 2726 retinentis,
1043 2650 1147 2711 fructu

138 2731 237 2775 earum
252 2715 350 2794 lupino
367 2725 470 2788 simili·
972 2730 976 2744 '
1158 2755 1187 2796 30

90 2806 145 2896 111ο
220 2796 303 2878 (52.)
325 2802 394 2864 lube
413 2812 500 2871 tradit
526 2815 604 2874 circa
626 2813 857 2894 Trogodytarum
876 2817 983 2876 insulas
1002 2816 1149 2879 fruticem

133 2895 163 2974 ¹¹}
179 2875 238 2936 ³¹⁸⁰
250 2886 351 2942 meari
366 2885 453 2952 isidis
466 2897 589 2972 crinem,
607 2901 717 2960 curalio
729 2901 850 2961 similem
862 2902 924 2958 sine
938 2899 1033 2974 foliis,
1055 2919 1148 2978 prae·

132 2975 225 3056 cusum
240 2971 348 3056 mutato
364 2971 469 3036 colore
483 2980 511 3038 in
522 2981 632 3056 nigrum
646 2983 823 3059 durescere,
840 3001 903 3043 cum
916 2982 1014 3057 cadat,
1033 2983 1148 3063 frangi.

130 3048 202 3135 ¹⁸⁰¹!
216 3041 311 3118 “huma
325 3049 374 3144 (itti
385 3066 511 3120 vocetur
523 3062 652 3123 chariton
663 3065 840 3146 blepharon,
854 3067 1003 3126 efficacem
1017 3067 1049 3126 in
1065 3085 1149 3130 ama-

66 3167 67 3174 *
129 3130 224 3216 ⁸⁰¹¹!⁸·
258 3128 380 3222 tpatpha
397 3143 435 3194 e'o
451 3141 553 3205 facere
571 3155 600 3206 et
614 3150 731 3209 monilia
746 3152 878 3210 feminas
898 3149 1005 3208 sentire
1022 3167 1092 3210 eum
1111 3171 1149 3213 se
1160 3182 1188 3224 35

127 3218 212 3277 ⁰⁸P¹s
236 3202 390 3284 dumque
407 3233 515 3285 cornus
532 3227 618 3288 modo
637 3239 668 3289 et
688 3233 828 3293 hebetare
844 3234 935 3292 aciem
948 3231 1029 3290 ferri.
1064 3237 1151 3313 qnod

39 3381 45 3394 Ι
126 3283 153 3342 si
169 3280 330 3347 fefellerint
345 3292 489 3382 inidiae,
506 3312 533 3369 ln
550 3311 676 3388 lapidem
691 3317 897 3394 musligurari.
972 3372 976 3389 .
