2542 3842
344 179 632 234 unumunurm.
648 184 752 238 8-12.
769 175 922 258 (lo-14.)
1077 177 1138 240 267

138 353 168 404 et
183 339 211 402 1ιί
228 360 262 402 ea
275 359 407 414 maxume
421 339 566 402 Vocontii.
595 339 765 403 adservatur
781 344 843 402 elus
858 343 949 420 gratia
964 361 1019 404 uva
1035 343 1139 405 diutius

136 430 166 488 in
181 429 239 486 vite
255 426 392 504 pediculo
409 427 523 486 intorto.
556 427 592 486 ab
608 425 672 486 eliis
687 428 752 505 ipse
764 426 876 506 palmes
890 428 1023 489 inciditur
1037 430 1066 487 iu
1078 435 1180 496 nie-84

136 511 260 585 dullum,
277 509 313 570 ab
328 510 463 570 aliisuva
478 519 605 570 torretur
620 510 782 587 integris,
800 514 893 571 omnia
909 529 947 571 er
959 513 1138 575 helvennaca

137 599 206 656 vite.
239 595 283 654 bis
304 591 430 654 adiciunt
448 593 535 674 aliqui
552 595 630 673 quod
651 604 756 654 vocant
776 591 931 670 diachpton
946 598 1007 655 uris
1022 598 1050 657 in
1072 597 1137 657 sole

115 680 253 741 ssiccatis
270 677 337 738 loco
354 677 438 738 cluso
458 696 512 756 per
532 679 595 738 lies
611 689 724 757 septem
741 681 769 737 in
786 679 929 756 cratibus,
952 681 1069 740 totidem
1084 697 1135 760 pe·

135 764 189 825 des
204 781 220 824 a
235 771 313 822 terra
331 760 405 838 alte,
422 763 557 822 noctibus
571 781 587 824 a
603 781 670 822 rore
688 762 834 839 delensis,
855 771 961 824 octavo
977 765 1024 824 uie
1041 765 1135 824 calca·

135 848 182 908 tis.
209 849 245 908 ita
262 836 325 906 li'eri
341 848 448 924 optumi
467 847 567 907 odoris
580 863 760 926 saporisque
787 844 904 907 Edulci
919 865 1031 926 genere
1046 858 1092 908 est
1103 858 1133 908 et
1143 861 1180 916 85
1242 862 1245 873 ¹

135 931 281 991 melitites.
319 931 403 991 distat
424 949 440 990 a
464 931 574 1008 mulso,
598 932 676 1011 quod
700 933 730 992 lit
756 951 773 992 e
796 938 890 991 musto
916 949 980 992 cum
1010 933 1135 1012 quinque

136 1017 249 1094 congiis
271 1015 377 1076 austeri
398 1017 482 1074 musti
497 1018 601 1095 congio
616 1017 710 1076 mellis
732 1026 762 1075 et
781 1014 851 1077 salis
867 1017 970 1092 cyatho
986 1016 1136 1076 subferre-

99 1101 237 1175 1olaotis,
258 1109 413 1160 austerum
452 1099 504 1161 sed
524 1103 598 1160 inter
615 1097 812 1178 haecge'nera
835 1101 903 1178 poni
918 1099 1006 1160 tlebet
1023 1109 1052 1159 et
1067 1118 1133 1179 pro·
1177 1150 1178 1157 ,

135 1194 259 1263 tropum.
287 1186 326 1244 ita
349 1183 513 1262 appellatur
529 1183 727 1264 equibusdam
741 1193 863 1244 mustum
881 1193 985 1263 sponte
1004 1183 1134 1244 defluens

135 1277 288 1348 antequam
307 1268 457 1329 calcentur
476 1287 559 1329 uvae.
589 1269 645 1328 boo
666 1269 797 1346 protinus
820 1266 981 1328 ‹lilllrsum
972 1286 1001 1326 ιιι
1022 1268 1134 1345 lagonis

136 1354 196 1413 suis
212 1352 368 1412 defervere
384 1354 479 1430 passi,
499 1362 603 1432 postea
623 1353 652 1410 in
666 1353 732 1412 sole
748 1347 935 1436 quadraginta
952 1351 1054 1411 liebus
1076 1361 1133 1411 tor·

136 1446 200 1496 rent
216 1437 335 1496 aestatis
350 1445 470 1498 secutae
486 1437 551 1514 ipso
569 1435 648 1495 oanis
664 1445 738 1495 ortu.

99 1542 126 1583 rs
199 1522 247 1581 10.
263 1519 347 1598 (12)
364 1519 429 1578 Νοιι
441 1529 561 1598 possunt
575 1522 638 1579 iure
653 1520 710 1580 diei
723 1521 788 1578 vina
800 1537 875 1598 quae
887 1517 991 1578 Graeci
1003 1520 1132 1579 deuteria
1142 1529 1176 1584 86

136 1603 299 1701 appellant,
323 1601 394 1663 Cato
411 1612 507 1664 etnos
523 1605 631 1680 loram,
658 1603 811 1664 maceratis
826 1620 903 1693 aqua
915 1605 1059 1679 vinaceis,
1081 1605 1134 1664 seu

134 1697 230 1748 tamen
251 1687 326 1746 inter
347 1688 412 1746 vina
434 1689 568 1767 operaria
585 1697 777 1747 numerantur.
811 1689 865 1746 tria
888 1703 988 1746 eorum
1008 1703 1132 1764 genera:

135 1773 255 1831 decuma
273 1780 355 1849 parte
374 1789 465 1850 aquae
482 1773 575 1833 addita
589 1791 672 1871 ιιιιιιιι
687 1790 763 1871 puae
780 1773 864 1832 musti
880 1789 1020 1850 expressa
1037 1772 1087 1845 sit,
1105 1779 1134 1829 et

134 1857 173 1916 ita
188 1863 274 1916 nocte
289 1875 324 1916 ac
340 1856 386 1916 die
401 1857 567 1916 madefactis
580 1849 709 1916 vinaceis
721 1870 878 1956 rursusque
889 1854 972 1934 prelo
985 1853 1133 1914 subiectis.

96 1941 272 2015 nualterurn,
290 1939 436 2019 quomodo
453 1940 556 2000 Graeci
574 1941 759 2016 factitavere,
781 1941 866 1999 tertia
882 1949 963 2016 parte
979 1940 1041 1998 eius
1057 1939 1134 2016 quod

136 2041 309 2100 expressum
330 2024 367 2082 sit
386 2023 482 2082 addita
503 2040 593 2100 aquae
618 2040 822 2102 expressoque
838 2022 962 2082 decocto
982 2023 1017 2080 ad
1034 2024 1135 2082 tertias

136 2108 237 2184 partis.
270 2107 384 2166 tertium
402 2115 446 2165 est
467 2106 599 2166 faecibus
612 2107 670 2165 vini
691 2116 876 2184 expressum,
901 2105 978 2181 quoti
991 2105 1134 2165 necatum

137 2186 209 2250 Cato
225 2190 365 2269 appellat.
400 2190 506 2250 nullum
524 2209 561 2248 ex
577 2189 620 2248 his
636 2190 701 2268 plus
716 2208 800 2268 quarn
815 2190 900 2250 annui
913 2204 991 2248 usus.
1055 2191 1059 2195 ’

202 2275 250 2334 11.
274 2273 356 2352 (1.3.)
380 2273 487 2334 Verum
502 2275 576 2334 inter
590 2274 665 2333 haec
680 2274 756 2333 subit
770 2283 910 2352 ruentem,
933 2284 995 2330 curn
1011 2275 1068 2331 sint
1080 2291 1130 2349 gc·
1141 2282 1175 2337 87

97 2376 206 2420 seuera
220 2358 347 2434 nobilia,
364 2377 438 2437 quae
456 2359 575 2441 proprie
587 2359 645 2417 vini
661 2358 790 2441 intellegi
806 2359 933 2436 possint,
954 2367 1051 2415 Lxxx
1068 2355 1147 2416 lere'

29 2447 30 2474 l
134 2445 163 2502 in
180 2451 243 2503 toto
260 2441 349 2518 orbe,
373 2442 549 2521 duas'partis
566 2461 602 2502 ex
623 2443 680 2502 hoc
695 2461 813 2502 numero
829 2441 930 2500 ltaliae
945 2455 1027 2515 csse,
1050 2458 1133 2518 prae-

47 2531 50 2541 '
134 2537 216 2588 terea
238 2527 325 2604 louge
343 2536 407 2586 ante
425 2537 541 2587 cunctas
562 2535 666 2586 terras.
697 2537 726 2586 et
742 2527 809 2586 bino
828 2525 934 2585 deinde
954 2523 1039 2584 altius
1063 2541 1131 2584 cura

134 2612 225 2690 serpit
237 2626 294 2671 non
310 2630 325 2671 a
341 2611 497 2690 primordio
510 2612 583 2671 hanc
594 2612 714 2688 gratiam
728 2609 834 2686 luisse,
855 2608 1135 2685 anctoritatempost

135 2697 380 2756 sexcentesimum
395 2695 474 2755 urbis
489 2713 591 2754 aunum
608 2696 755 2774 coepisse.

29 2777 30 2792 ³
98 2799 125 2838 so
200 2777 248 2838 12.
273 2779 356 2857 (14.)
378 2779 527 2840 lloruulum
542 2777 635 2853 lacte,
653 2795 709 2837 non
724 2781 806 2850 vino,
822 2775 931 2836 llbasse
946 2775 1051 2835 indicio
1068 2783 1131 2834 sunt
1142 2782 1176 2837 88

134 2877 218 2921 sacra
234 2861 269 2920 ab
287 2879 323 2920 eo
343 2865 485 2938 instituta,
505 2879 578 2939 quae
593 2861 681 2942 bodie
699 2861 861 2921 custodiunt
875 2876 995 2919 morem.
1018 2858 1134 2917 'Nauae

134 2945 214 3020 regis
238 2945 383 3005 Postumia
404 2946 453 3006 lex
478 2955 537 3005 est:
568 2945 659 3004 Vino
687 2962 811 3023 rogum
834 2960 876 3002 ne
904 2943 1132 3020 respergite

135 3028 213 3106 quod
225 3029 357 3090 sanxisse
368 3028 448 3089 illum
460 3039 581 3107 propter
596 3031 720 3110 inopiam
732 3032 775 3088 rei
786 3042 871 3087 nemo
884 3026 1002 3086 dubitet.
1026 3024 1135 3089 [ladam

134 3111 204 3188 lege
223 3131 260 3172 ex
276 3113 406 3191 inputata
421 3114 479 3172 vite
494 3111 577 3172 libari
595 3115 659 3172 vina
675 3110 718 3172 dis
733 3114 814 3173 nelas
828 3111 942 3187 statuit,
957 3111 1069 3169 ratione
1084 3127 1133 3168 ex-

29 3261 30 3272 ,
99 3212 126 3253 as
137 3197 263 3274 cogitata
284 3207 314 3256 ut
321 3207 439 3274 putare
460 3207 635 3274 cogerentur
658 3195 730 3257 alias
752 3205 882 3256 aratores
905 3203 933 3252 et
955 3194 1031 3272 pigri
1056 3194 1153 3252 cim

32 3335 35 3349 ‚
124 3279 267 3358 pericula
291 3279 408 3340 arbusti
446 3279 485 3341 bl.
506 3280 599 3342 Varro
622 3289 724 3340 auctor
745 3290 790 3340 est
810 3273 981 3338 Mezentium
1002 3276 1133 3337 Etrurine
1243 3316 1244 3361 3

31 3429 34 3442 ,
134 3383 235 3442 regem
259 3364 394 3426 auxilium
413 3363 524 3424 Rutulis
546 3375 646 3426 contra
665 3363 781 3426 Latinos
802 3362 904 3423 tuilsse
921 3362 979 3420 vini
998 3361 1134 3420 mercede
1243 3420 1244 3425 ,

135 3447 212 3527 quod
228 3460 286 3509 tum
301 3451 329 3507 in
345 3443 444 3507 latino
461 3465 532 3526 agro
547 3448 660 3509 luisset.
