2542 3842
290 194 370 241 uus.
392 193 483 240 mrsu.
502 192 579 240 x111.
601 189 722 242 rs-ts.
742 180 895 259 (ao—ao.)
1031 178 1092 243 245

154 349 201 408 14.
227 345 311 426 (28.)
341 344 498 424 Aethiopia
518 346 655 423 Aegypto
675 347 853 405 contermina
867 346 988 422 insignis
1005 344 1089 408 arbo·
1101 354 1136 409 90

93 453 138 494 res
159 450 217 492 uon
239 432 302 491 iere
320 429 409 490 habet
430 437 548 508 praeter
564 429 712 503 liniferas,
739 446 860 506 quarum
878 438 977 489 natura
994 429 1023 488 iu
1042 431 1091 491 de·

94 518 248 596 scriptione
269 514 408 574 Indorum
428 523 514 590 atque
536 513 662 574 Arabiae
686 512 762 572 dicta
786 522 840 572 est.
876 515 996 591 propior
1017 513 1110 588 ιιι-ζ’
1069 539 1125 599 „pq

92 620 155 661 men
167 602 233 661 buic
248 606 348 658 natura
363 598 445 658 lanae
462 599 611 675 maiorque
627 597 783 658 folliculus
791 598 904 673 manati
916 597 1002 659 modo
1012 564 1132 674 mali*

70 685 259 762 ssimilesque
281 690 309 742 et
326 683 401 742 inter
416 699 449 741 se
473 680 625 740 arbores
618 698 710 760 ipsae.
745 689 864 758 praeter
878 679 952 740 banc
967 681 1091 758 palmae,
1136 723 1141 729 ι

93 769 183 848 qualis
195 767 352 826 retulimus.
366 765 524 825 losularum
535 765 657 824 arbores
668 765 775 825 ambitu
784 762 959 842 Aethiopiae
970 773 1001 823 et
1009 782 1136 836 uss-sam.

91 870 170 913 mora
186 851 307 911 odorata
322 853 350 909 in
365 851 510 908 mentione
526 866 624 910 earum
641 849 804 909 dictasunt.
900 866 902 871 ·
1018 868 1084 912 aso
1094 880 1137 917 or.

156 928 216 995 15.ἱ
228 933 312 1014 (29.)
333 934 435 994 Atlans
458 951 540 999 mons
563 933 704 1011 peculiari
720 933 852 1012 proditur
869 932 959 1007 silva,
981 931 1019 990 de
1034 949 1090 1008 qua
1101 940 1135 995 91

93 1021 222 1096 diximus,
255 1017 385 1077 contines
407 1019 434 1076 ei
448 1015 556 1093 Mauri,
580 1017 682 1095 quibus
704 1017 835 1094 pluruma
850 1015 938 1077 arbor
954 1015 1017 1074 citri
1038 1024 1101 1081 eta,
1113 1038 1136 1073 ιι

59 1121 254 1164 inmensorum
271 1103 398 1177 insania,
420 1119 491 1180 quas
511 1102 634 1161 feminae
651 1102 721 1160 viris
736 1109 839 1161 contra
859 1100 1031 1176 margaritas
1046 1116 1093 1157 re·

93 1196 204 1286 gerunt.
231 1186 336 1246 Exstat
350 1185 436 1245 hodie
448 1184 488 1244 M.
500 1183 673 1244 Ciceronis
665 1204 693 1244 m
707 1184 757 1244 illa
773 1193 946 1263 paupertate
959 1191 990 1242 et
990 1183 1091 1258 ‚qaod
1102 1191 1137 1246 92

92 1274 181 1349 magis
197 1272 298 1330 mirum
314 1279 374 1345 est,
387 1269 438 1330 illo
452 1285 525 1328 aeuo
541 1277 636 1347 empta
653 1263 1094 1329 daemonstrandum

26 1401 33 1414 .
93 1357 173 1416 Asini
195 1354 251 1414 HS.
271 1356 331 1434 Γιι.
360 1354 549 1413 venumdatae
570 1361 634 1411 sont
649 1363 679 1412 et
701 1353 775 1412 duae
791 1351 828 1411 ab
843 1351 914 1411 luba
935 1367 1020 1428 rege
1023 1364 1094 1450 peu·

94 1439 210 1514 dentes,
228 1454 347 1538 quarum
358 1439 442 1498 alteri
458 1440 580 1516 pretium
594 1436 648 1495 luit
661 1435 718 1496 tis.
732 1435 829 1517 p'ffip,
844 1436 930 1497 alteri
944 1431 1032 1514 paulo
1044 1435 1094 1494 mi·

59 1547 83 1586 ts
94 1543 154 1583 nus.
176 1523 282 1582 interiit
294 1539 386 1600 nuper
397 1520 535 1580 incendio
543 1539 559 1581 a
570 1518 710 1596 Cethegis
722 1521 906 1582 descendeus
916 1518 1096 1580 tts‘*
988 1533 1094 1597 txttsip

93 1615 270 1686 permutata,
294 1603 424 1666 latiiundi
440 1607 603 1680 taxatione,
627 1605 652 1662 si
672 1606 736 1682 quis
751 1605 871 1683 praedia
885 1606 956 1664 tanti
971 1603 1096 1669 mercari

93 1693 180 1750 malit.
209 1688 375 1767 Magnitudo
396 1688 577 1772 amplissimis
593 1687 687 1748 adbuc
705 1688 772 1749 tuit:
799 1689 847 1748 uni
869 1689 1032 1749 conmissae
1053 1695 1138 1751 exii·

94 1775 213 1834 orbibus
241 1773 392 1834 dimidiatis
426 1773 538 1832 duobus
567 1791 583 1831 a
609 1789 701 1850 rege
703 1771 900 1834 Mauretaniae
926 1771 1094 1833 Ptolemaeo

93 1867 227 1937 quattuor
242 1858 348 1935 pedum
365 1865 394 1916 et
410 1857 567 1955 semipedis
580 1875 634 1935 per
651 1855 775 1916 medium
791 1856 942 1932 ambitum,
959 1858 1095 1916 crassitu-

56 1969 83 2008 20
95 1944 160 2002 dine
180 1940 376 2020 quadrantali,
399 1941 547 2018 maiusque
562 1940 757 1998 miraculum
748 1959 777 1999 m
794 1959 827 2000 ea
840 1949 886 1999 est
902 1941 972 1999 artis
987 1941 1096 1999 latente
1131 1999 1136 2006 ,

94 2029 224 2084 iunctura
247 2041 331 2100 quam
354 2024 499 2099 potuisset
521 2041 588 2081 esse
602 2031 732 2082 naturae.
766 2023 879 2082 solidae
897 2031 991 2082 autem
1005 2041 1022 2083 a
1035 2022 1096 2082 No·

93 2109 151 2166 mio
168 2105 304 2166 Caesaris
320 2105 426 2165 liberto
448 2121 610 2181 cognomen
624 2105 749 2164 trahenti
770 2105 862 2166 tribus
883 2105 1001 2166 sicilicis
1023 2106 1097 2166 iufra

95 2197 230 2270 quattuor
258 2189 350 2267 pedes
377 2188 554 2267 totidemque
578 2189 651 2248 inira
684 2189 863 2267 semipedem
890 2190 1096 2249 crassitudinis.

95 2275 196 2354 quain
214 2289 322 2332 renen
341 2270 526 2332 omittendum
545 2273 659 2333 videtur
679 2270 799 2332 'liberio
818 2272 944 2350 principi
967 2287 1093 2333 mensam
1104 2280 1140 2335 st

56 2387 84 2426 25
95 2356 331 2437 quattuorpedes
340 2362 473 2416 sextante
485 2364 514 2414 et
525 2356 639 2417 sicilico
651 2355 851 2432 excedentem,
863 2363 924 2416 tota
935 2373 1007 2416 vero
1018 2373 1097 2416 cras·

94 2440 219 2502 situdine
237 2439 410 2501 sescunciali
416 2441 621 2540 ‚operimento
637 2440 892 2501 lamnaevestitaoa
906 2440 1016 2514 fuisse
1033 2451 1097 2501 cum

93 2537 151 2586 tam
167 2527 262 2604 opima
276 2523 381 2584 Nomio
397 2484 503 2584 liberto
519 2526 581 2582 eius
598 2533 694 2599 esset,
719 2526 799 2584 cuius
813 2525 932 2584 materia
954 2534 1036 2584 esset
1053 2532 1096 2583 tu·

92 2612 158 2673 ber.
189 2610 246 2669 boc
268 2617 314 2668 est
330 2608 452 2683 radicis,
474 2624 664 2685 maxumeque
685 2607 828 2670 laudatum
846 2607 999 2685 qoodsub
1016 2613 1140 2669 terrast
1244 2610 1246 2613 ’

94 2703 185 2753 totum
199 2694 303 2768 inerit,
320 2702 350 2752 ct
365 2693 458 2764 rarius
472 2708 554 2769 quam
569 2709 645 2769 quae
658 2709 783 2770 superne
797 2693 953 2770 gigoumm
966 2693 1052 2752 etiam
1064 2691 1098 2749 iu
1242 2712 1249 2724 ·

56 2803 84 2844 30
94 2777 194 2850 ramis,
207 2777 386 2855 proprieque
401 2774 478 2854 quod
493 2778 562 2836 tanti
573 2777 676 2836 emitur
690 2776 825 2836 arborum
838 2774 937 2833 vitium
951 2783 1013 2851 est,
1028 2791 1097 2852 qua-

94 2877 157 2919 rum
173 2860 330 2937 amplitudo
345 2876 380 2917 ac
396 2858 511 2918 radices
525 2860 670 2921 aestimari
684 2868 808 2936 possunt
821 2877 860 2918 ex
873 2857 1003 2917 orbibus.
1032 2867 1098 2918 sont

94 2945 192 3002 autem
209 2959 349 3020 cupresso
366 2942 490 3002 feminae
510 2951 596 3020 atque
614 2944 767 3002 etiamnum
788 2942 915 3002 silvestri
929 2941 1039 3002 similes
1053 2941 1097 3001 lo-

94 3028 153 3101 lio,
167 3024 270 3101 odore,
287 3025 416 3086 caudice.
441 3024 617 3086 Ancorarius
631 3043 714 3086 mons
725 3033 847 3087 vocatur
863 3024 1008 3086 mterioris
1018 3023 1097 3089 blau·

95 3110 229 3169 retaniae
245 3112 293 3187 qui
309 3109 530 3170 laudatissimam
546 3109 625 3170 dedit
640 3111 759 3185 citrum,
774 3111 831 3169 iam
846 3109 1013 3170 exhaustus.

24 3218 84 3266 35
163 3191 248 3271 (30)
269 3192 377 3252 Mensis
392 3193 550 3270 praecipua
564 3193 617 3253 dos
632 3195 662 3252 in
676 3211 779 3252 renam
795 3193 900 3272 crispis
918 3192 967 3252 rei
987 3194 1016 3251 iu
1031 3197 1140 3254 rer-96

87 3279 174 3338 ,tices
190 3291 308 3354 parvos
339 3276 407 3336 illud
424 3275 553 3352 oblongo
566 3277 663 3336 evenit
679 3277 810 3336 discursu
826 3277 952 3355 ideoque
965 3276 1099 3354 tigrium

98 3360 281 3438 appellatur
304 3359 384 3420 boc
375 3369 498 3435 retorto,
522 3368 552 3419 et
567 3360 635 3420 ideo
650 3360 726 3421 tales
742 3359 929 3460 pantherinae
948 3367 1098 3421 vocantur

98 3453 167 3502 suut
189 3453 218 3504 et
240 3443 364 3502 undatim
385 3445 644 3523 crispac,maiore
664 3437 757 3521 gratia
778 3446 802 3504 si
823 3461 966 3522 pavonum
988 3441 1099 3502 caudae

97 3527 207 3588 oculos
224 3529 377 3588 innitentur.
409 3549 627 3610 magnatorum
642 3537 711 3608 post
728 3529 782 3591 lras
802 3529 895 3605 gratia
915 3537 997 3590 extra
1011 3543 1095 3606 prae·
1084 3529 1141 3588 ·97
