2542 3842
320 165 400 211 aar.
415 163 506 211 mss.
522 164 581 209 vu.
594 158 712 213 13-16.
728 150 742 228 i
747 154 881 231 11—15.)
1063 153 1101 217 13

18 309 19 312 ¹
98 322 211 381 fructus
221 317 356 378 arborum
368 318 473 396 quibus
487 317 613 377 insidere
629 316 781 392 decidunt,
805 320 989 396 speculorum
1004 320 1102 398 iulgor

99 404 241 501 adspecta
263 403 328 481 ipso
350 401 518 476 hebetatur,
544 401 623 459 acies
643 400 713 459 lerri
739 404 977 479 praestringitur,
1002 404 1102 464 eboris

98 489 190 563 nitor,
213 487 272 547 alvi
293 487 387 564 apium
407 487 597 559 emoriuntur,
625 503 677 544 aes
703 486 788 545 etiam
817 504 850 545 ac
871 486 977 547 ierrum
995 488 1099 565 robigo

100 573 230 649 protinus
246 572 372 648 conripit
387 570 518 647 odorque
534 568 629 643 dirus,
647 578 675 627 et
691 570 719 626 in
730 568 839 629 rabiem
851 580 972 647 aguntur
984 581 1145 649 gustato
1135 569 1142 581 '

78 672 140 716 seo
162 673 251 715 canes
271 664 357 731 atque
378 652 528 713 insanabili
549 669 663 711 veneno
684 668 797 713 morsus
817 654 949 713 inlicitur.
983 657 1050 732 quin
1071 664 1100 715 et
1109 665 1143 719 tic

100 740 266 801 bituminum
286 755 398 815 sequax
421 737 547 815 alioquin
569 753 603 795 ac
625 735 703 796 lenta
721 738 849 797 natura
840 756 868 797 rn
889 738 954 797 lacu
974 738 1098 800 ludaeae
1149 730 1151 738 ’

101 824 149 901 qui
162 831 284 881 vocatur
294 820 457 899 Asphaltite
474 830 503 879 et
518 828 599 879 certo
616 830 746 898 tempore
763 823 827 881 anni
840 831 1027 900 supernatans
1043 840 1101 883 non

101 902 162 985 quit
179 905 234 965 sibi
247 905 339 968 ,avelli
361 905 396 965 ad
412 922 524 964 ornnem
540 913 702 964 contactum
722 904 881 965 adhaerens
898 914 1099 985 praeterquam

101 990 151 1050 lrlo
163 988 308 1067 quodtale
320 991 399 1048 virus
411 989 553 1049 iniecerit.
580 989 664 1047 etiarn
678 987 821 1064 formicis,
839 990 952 1049 animali
964 992 1097 1067 minumo‚

63 1092 91 1133 ro
99 1077 200 1133 inesse
214 1090 329 1133 sensum
350 1074 411 1132 eius
427 1073 541 1146 ierunt,
562 1071 695 1149 abicique
717 1081 846 1148 gestatas
861 1073 961 1150 fruges
977 1092 1032 1133 nec
1047 1092 1099 1152 po·

100 1167 165 1216 stes
185 1158 288 1235 repeti.
320 1166 349 1215 ct
362 1155 419 1237 hoc
438 1156 498 1215 tale
519 1164 683 1233 tantumque
705 1155 835 1215 omnibus
857 1157 974 1216 tricenis
997 1157 1098 1217 diebus
1107 1167 1142 1223 66

99 1240 203 1301 malum
217 1242 246 1299 in
260 1239 381 1299 muliere
397 1242 510 1299 exsistit
530 1248 559 1298 et
572 1240 710 1297 trimestri
726 1240 819 1317 spatio
836 1240 960 1317 largius,
984 1242 1098 1319 quihus-

99 1324 164 1383 dam
184 1342 256 1383 vero
277 1326 393 1402 saepius
414 1342 531 1399 mense,
553 1325 627 1381 sicut
643 1322 747 1400 aliquis
761 1340 920 1401 numquam.
957 1326 1009 1385 sed
1024 1325 1098 1385 tales

99 1425 157 1468 uon
168 1410 301 1485 gignunt,
319 1407 431 1485 quando
447 1408 520 1467 haec
536 1416 580 1466 est
591 1407 758 1483 generando
770 1406 875 1465 homini
887 1410 1016 1489 materia,
1032 1426 1098 1486 ger·

64 1493 175 1555 romine
195 1491 350 1553 emaribus
367 1492 481 1568 coaguli
495 1492 581 1551 modo
597 1492 653 1550 hoc
672 1491 699 1548 in
715 1509 783 1549 sese
801 1491 998 1568 glomerante,
1021 1494 1099 1571 quod

100 1574 203 1634 deinde
219 1585 352 1653 tempore
368 1576 432 1652 ipso
445 1577 583 1634 animatur
597 1584 837 1652 corporaturque.
867 1594 938 1653 crgo
956 1595 1018 1635 cum
1033 1596 1097 1654 gra·

99 1659 174 1718 vidis
195 1659 292 1734 duxit,
315 1658 430 1721 invalidi
454 1669 578 1718 autnon
598 1658 702 1719 vitales
725 1667 823 1736 partus
848 1661 968 1722 eduntur
984 1669 1032 1720 aut
1053 1679 1097 1719 sa·
1148 1701 1151 1711 ‚

100 1744 190 1817 ainsi,
211 1752 241 1801 ut
261 1752 362 1801 auctor
376 1752 420 1803 εει
442 1742 582 1820 Nigidius.
604 1776 646 1787 -
679 1742 726 1802 16.
749 1742 823 1801 idem
840 1744 885 1803 lac
902 1744 1024 1803 leminae
1041 1756 1139 1810 nonni

101 1828 245 1904 corrumpi
261 1827 348 1886 alenti
364 1836 491 1904 partum,
512 1828 536 1886 si
554 1846 591 1885 ex
609 1826 710 1885 eodem
726 1828 788 1884 viro
803 1844 902 1886 rursus
918 1830 1096 1907 conceperit,

34 1938 41 1945 ·
63 1910 262 1970 aaarhitratur.
276 1946 319 1955 -
342 1909 425 1991 (14.)
442 1912 596 1988 incipiente
611 1919 705 1969 autem
721 1909 777 1969 hoc
794 1920 867 1970 statu
884 1920 931 1971 aut
947 1912 1097 1971 desinente

101 2002 260 2073 conceptus
275 1993 404 2053 facillimi
420 1994 574 2053 traduntur.
600 1992 794 2052 Fecunditatis
811 1992 838 2052 in
854 1993 965 2053 leminis
978 2013 1096 2073 praero-

98 2079 223 2155 gativam
245 2080 409 2155 accepimus
425 2078 547 2137 inunctis
562 2076 750 2136 medicamine
768 2076 860 2134 oculis
879 2078 996 2137 salivam
1012 2079 1097 2137 inlici.

162 2159 246 2241 (15.)
270 2159 403 2220 Ceterum
420 2161 503 2219 editis
518 2163 808 2238 primores‘septumo
821 2178 919 2219 mense
933 2163 1012 2237 gigni
1028 2162 1096 2221 den·
1105 2174 1139 2227 68
1220 2212 1222 2219 ,

99 2247 151 2322 tis,
177 2247 315 2323 priusque
331 2246 358 2303 in
370 2262 475 2323 supera
490 2244 553 2303 lere
566 2252 664 2321 parte⁷
681 2241 749 2301 haut
762 2240 874 2302 dubium
887 2254 946 2319 est,
965 2254 1096 2321 septumo

63 2330 220 2389 aseosdem
235 2329 372 2389 decidere
387 2346 460 2388 anno
476 2328 607 2405 aliosque
623 2326 733 2401 suffici,
751 2327 889 2403 quosdam
907 2337 935 2388 et
951 2346 1013 2388 oum
1029 2328 1110 2395 den.

99 2412 175 2473 tibus
191 2414 286 2488 nasci,
309 2416 382 2472 sicut
396 2412 445 2471 Μ’.
462 2409 576 2471 Curium
592 2413 640 2491 qui
656 2411 693 2469 ob
711 2410 739 2470 id
757 2410 896 2471 Dentatus
914 2414 1096 2491 cognomina·

99 2506 145 2558 tus
168 2505 231 2571 est,
256 2506 285 2556 et
308 2494 359 2557 Cn.
384 2497 525 2574 Papirium
548 2493 725 2570 Carbonem,
750 2496 919 2573 praeclaros
939 2498 1028 2557 viros.
1068 2498 1097 2555 in

98 2580 212 2641 leminis
240 2598 274 2639 ea
302 2599 349 2639 res
372 2582 540 2658 inauspicati
561 2580 613 2639 fuit
634 2578 759 2656 exempli
782 2598 882 2656 regum
906 2580 1094 2661 temporibus.

100 2683 164 2725 cum
179 2666 218 2723 ita
233 2673 298 2723 nata
311 2673 391 2726 esset
405 2664 539 2749 Valeria,
563 2665 652 2722 exitio
670 2664 803 2722 civitati'
795 2681 822 2720 m
839 2681 922 2742 quam
940 2664 1034 2725 delata
1052 2682 1096 2724 es·
1086 2674 1138 2729 -69

60 2763 88 2805 ao
97 2757 145 2809 set
156 2745 278 2807 futuram
289 2765 432 2827 responso
443 2734 604 2825 aruspicum
613 2748 790 2807 vaticinante
794 2747 930 2807 Suessam
941 2746 1096 2809 Pometiam

98 2833 149 2893 illa
171 2840 343 2909 tempestate
364 2833 592 2893 florentissimam
614 2830 767 2909 deportata
783 2838 843 2905 est,
867 2831 996 2893 veridico
1018 2834 1101 2893 exitu

100 2924 270 2976 consecuto.
283 2950 325 2960 -
340 2914 484 2989 Quasdam
496 2923 632 2973 concreto
646 2912 764 2991 genitali
775 2915 853 2989 gigni
847 2914 990 2974 infausto
1003 2918 1096 2975 omine

100 2998 236 3059 Comella
244 2998 439 3060 Gracchorum
448 3008 539 3057 mater
551 2998 656 3057 indicio
668 3007 722 3056 est.
732 3028 774 3041 —-
784 2995 881 3074 Aliqui
894 3000 959 3058 rice
972 3000 1096 3059 dentium

100 3085 236 3143 continuo
262 3100 330 3144 osse
356 3083 525 3159 gignuntur,
553 3082 638 3139 sicuti
658 3079 775 3140 Prusiae
796 3082 875 3157 regis
902 3081 1095 3158 bithyniorum

60 3180 88 3224 ss
100 3166 175 3225 lilius
197 3185 322 3245 superna
338 3174 419 3244 parte
441 3168 509 3224 oris.
539 3163 651 3225 Dentes
673 3171 894 3225 autem‘tantum
914 3166 1014 3226 invicti
1031 3175 1138 3230 suntid

97 3248 229 3327 ignibus,
244 3269 300 3310 nec
315 3259 477 3309 cremantur
493 3268 557 3309 cum
569 3249 682 3325 reliquo
703 3264 842 3325 corpore,
858 3250 1001 3328 iidemque
1017 3249 1094 3310 llam·

96 3335 152 3394 mis
165 3333 291 3395 indomiti
309 3341 445 3393 cavantur
465 3332 532 3392 tabe
554 3334 681 3411 pituitae.
718 3331 872 3396 candorem
894 3334 1006 3395 trahunt
1025 3350 1094 3412 quo·
1188 3338 1192 3341 '

98 3416 164 3478 dem
185 3418 380 3478 medicamine.
410 3434 463 3476 usu
484 3425 659 3492 atteruntur,
683 3416 829 3493 multoque
851 3418 969 3495 primum
994 3418 1022 3475 in
1044 3417 1094 3477 ali·
1212 3416 1221 3425 “
