2542 3842
284 195 286 200 .
375 148 457 199 aar.
473 150 564 200 mar.
580 152 641 199 v11.
662 148 747 203 a-tt-
766 136 879 223 (r-tt.)
1113 128 1155 205 7'
1260 118 1261 121 ¹

63 338 71 343 -
129 305 199 370 attat
214 306 307 367 oautla
329 306 434 366 villosa
450 306 581 366 homines
598 308 678 367 nasei
695 308 874 385 pernicitatis
895 309 1034 385 eximiae,
1056 309 1129 373 alios

130 391 247 452 auribus
262 400 339 466 totos
356 392 482 467 contegi.
521 388 621 476 'Oritas
640 390 676 449 ab
692 390 768 451 lntlis
785 390 889 451 Aratis
906 392 1007 453 fluvius
1026 393 1127 453 dister-

127 478 224 535 minet.
269 475 298 534 hi
316 473 423 533 nullum
444 474 530 533 aliurn
551 474 645 534 aihum
666 492 774 535 novere
792 492 875 553 qanm
896 476 1031 553 piscium,
1055 496 1127 555 quos

127 558 272 637 unguibus
294 558 439 618 iissootos
464 558 530 617 sole
556 567 685 618 torreant
713 560 861 637 atque‘ita
887 576 991 637 panem
1019 578 1056 619 er
1084 561 1127 619 his
1253 596 1257 605 ι

103 645 253 717 alarinum
274 650 305 701 ut
321 642 413 701 reiert
427 640 599 703 Clitarchus.
645 642 826 721 Trogodytas
842 660 931 721 super
945 634 1174 722 Aethiopiamhl'

128 728 297 787 ’volociores
319 727 403 803 equis
424 744 493 785 esse
510 726 705 803 Pergamenus
724 724 836 789 Grates.
881 726 1126 807 itemhethlopos

128 821 235 871 ostona
251 809 348 869 orbita
359 810 536 887 longitudine
552 812 708 871 exoodere.
742 811 882 886 Syrbotas
897 814 999 871 voeari
1011 822 1128 897 gentem

128 912 204 955 earn.
247 892 406 953 Nomadum
422 894 597 973 Aethiopum
617 895 774 955 seeundum
793 892 898 954 llnmen
916 895 1071 972 Astragum
1092 896 1127 957 ai

129 979 357 1056 septentrionem
367 979 547 1054 vergentium
558 995 632 1054 gens
642 978 874 1039 hioniaminomnr
886 978 1032 1057 appellata
1043 980 1128 1043 abest

91 1062 167 1122 wat
182 1078 293 1121 ooearo
305 1062 415 1121 dierum
426 1063 528 1136 itinere
543 1064 652 1138 viginti.
675 1062 835 1123 annualium
848 1078 924 1139 quae
941 1064 1124 1141 cynocepha-

128 1146 176 1205 los
201 1163 338 1205 rooamus
363 1146 441 1206 laote
466 1146 554 1220 sirit,
585 1162 707 1223 quorum
730 1148 857 1207 armenta
881 1146 974 1223 pascit
1000 1148 1127 1207 maribus

127 1230 309 1307 interemptis
324 1239 526 1307 praeterquam
546 1229 659 1289 subolis
678 1247 775 1291 nausa.
810 1229 841 1289 ln
859 1229 977 1289 Alrloae
996 1230 1167 1296 solitarii-32

126 1313 210 1373 nilons
236 1312 379 1373 hominurn
403 1315 522 1392 speeies
547 1314 660 1385 ohrioo¹
679 1313 801 1375 subinde
827 1314 896 1373 liunt
921 1322 1125 1393 momentoque

127 1406 315 1457 evanescant.
359 1396 440 1458 llaee
461 1407 547 1476 atque
568 1398 635 1457 talla
656 1416 694 1457 ex
711 1398 854 1459 homiuum
870 1416 983 1475 genere
1003 1398 1125 1459 ludibria

93 1481 200 1556 mallii,
229 1479 315 1539 nohis
341 1481 493 1556 miracula,
521 1482 670 1557 ingeniosa
697 1482 767 1541 iooit
792 1491 902 1541 natura.
948 1491 977 1541 et
1004 1481 1126 1559 singulis

126 1564 242 1643 quidem
267 1582 342 1641 quae
363 1565 433 1626 laoit
455 1566 482 1623 ln
505 1566 568 1625 rlr'es
592 1583 627 1625 ao
646 1582 739 1643 prope
756 1565 934 1644 horasquls
956 1582 1125 1625 enumerare

126 1646 243 1708 valent?
273 1648 310 1707 atl
325 1649 514 1725 detegendam
531 1652 594 1709 eins
609 1650 766 1727 potentiam
786 1652 858 1709 'satis
874 1651 910 1711 sit
930 1652 1005 1710 inter
1025 1650 1125 1727 prodi·

126 1734 174 1809 gia
189 1733 326 1809 posuisse
344 1734 448 1809 gentis.
492 1732 565 1793 Hino
581 1733 616 1793 atl
633 1734 769 1795 ooalessa
784 1736 812 1793 ln
827 1733 942 1793 homine
957 1750 1058 1812 panor,

189 1815 217 1875 3.
236 1816 299 1894 (3.)
328 1816 516 1893 Tergeminos
535 1818 617 1876 nasoi
635 1827 743 1879 eertum
763 1824 808 1877 est
825 1816 1005 1878 Horatiorum
1026 1814 1167 1883 Curia-33

89 1901 287 1976 artiorrnnqre
304 1901 452 1978 exemplos
480 1919 569 1979 super
583 1902 658 1960 iuter
676 1910 788 1961 ostenta
804 1902 907 1961 tlloitur
922 1910 1125 1981 praeterquam
1222 1976 1230 1982 .

127 1984 156 2041 in
172 1982 327 2060 Aegypto,
346 1984 396 2043 uhi
411 1984 510 2044 letifer
530 1993 600 2061 potu
616 1984 699 2045 Nilus
718 1986 819 2045 amnis.
862 2002 1002 2061 proxume
1024 2003 1124 2062 supre-

126 2066 179 2125 mis
193 2067 253 2126 olivi
268 2066 390 2143 Augusti
404 2066 508 2143 Fausta
524 2068 665 2145 quaedam
686 2086 702 2127 e
718 2066 807 2144 plebe
823 2064 922 2127 Ostiae
945 2068 1017 2127 duos
1038 2070 1124 2127 maris

83 2165 92 2174 ·
125 2149 245 2209 totidem
257 2150 389 2210 rfeminas
412 2152 496 2210 enixa
516 2150 620 2210 latrem
641 2168 718 2229 quae
737 2158 894 2223 nomenata
914 2159 959 2207 est
979 2152 1124 2228 portendit

125 2232 193 2292 hart
205 2233 301 2293 tlrrbio.
345 2234 491 2312 reperitur
505 2243 535 2294 et
549 2236 578 2292 iu
593 2233 798 2313 Peloponneso
812 2232 898 2292 binos
912 2242 1014 2311 quater
1029 2234 1123 2310 enixa,

88 2310 321 2395 annonaque
332 2327 445 2397 partem
455 2320 579 2378 exomni
592 2319 654 2377 eius
666 2318 774 2377 rlnlase
786 2324 879 2396 partu.
906 2325 935 2377 et
946 2317 974 2375 in
987 2314 1122 2396 Aegypto

125 2408 266 2477 septenos
281 2410 432 2462 nnontero
444 2401 527 2461 simul
542 2402 621 2479 gigni
638 2410 738 2463 auotor
750 2409 795 2461 est
810 2400 933 2479 Trogus.
955 2400 1166 2477 ·Gignuntrrr34

125 2492 157 2542 et
172 2485 320 2562 utriaspre
342 2502 431 2545 sexus
447 2503 523 2563 quos
537 2485 797 2563 hermaphroditos
815 2502 968 2561 voramus,
992 2484 1059 2545 olim
1075 2503 1122 2544 an-

123 2568 274 2643 drogynos
288 2578 411 2629 vocatos
432 2579 462 2628 ot
476 2571 505 2628 in
520 2570 660 2648 prodigiis
676 2568 806 2644 habitos,
828 2588 902 2629 nuno
918 2586 991 2627 vero
1006 2570 1034 2629 ln
1049 2567 1123 2628 deli-

125 2651 188 2709 oiis.
217 2651 374 2730 Pompeios
387 2652 509 2729 llagnas
529 2657 558 2715 in
572 2654 748 2713 ornamentis
770 2653 873 2713 theatri
891 2651 1029 2712 mirabilis
1048 2652 1123 2713 lama
1200 2682 1205 2696 ›

86 2748 115 2791 so
125 2736 222 2812 posuit
236 2736 352 2812 emgter
374 2736 411 2795 oh
432 2737 460 2797 lrl
475 2737 644 2814 diligentius
658 2736 829 2813 magnorum
846 2735 984 2795 artificum
998 2736 1122 2812 ingeniis
1199 2729 1204 2751 ”

123 2816 307 2893 elaboratu,
331 2822 491 2897 interimas
506 2821 612 2897 legitur
626 2820 766 2896 Eutyohis
784 2838 800 2879 a
819 2836 859 2877 xx
875 2818 976 2877 liberis
992 2835 1068 2897 rogo
1081 2820 1121 2878 in·

122 2902 182 2962 lata
196 2900 340 2963 'lrallllrus
352 2904 437 2963 enixa
451 2921 523 2966 m
538 2913 647 2981 partas,
666 2904 794 2981 Alolpps
805 2901 995 2979 elephantum.
1027 2920 1122 2981 qaam*

123 3002 208 3063 aanor
223 2988 339 3048 idioter
352 2995 464 3051 ostenta
481 2995 534 3047 est.
563 3002 686 3064 namque
699 2996 728 3045 et
743 2994 908 3064 serpentem
923 2987 1039 3063 peperit
1050 2986 1123 3059 inter

123 3070 202 3129 initia
215 3068 334 3133 llamioi
348 3070 419 3131 helli
433 3070 546 3131 aneilla.
578 3069 771 3131 llaltiiormes
789 3068 919 3147 plurlhns
934 3069 1026 3131 notis
1048 3068 1164 3134 interit»

84 3162 249 3213 amonstro
270 3164 368 3233 partus
391 3155 521 3213 eduntur.
556 3151 695 3221 Claudius
714 3150 824 3215 Caesar
843 3153 943 3213 scribit
963 3152 1121 3232 hippoaen·

114 3244 234 3297 tauma
249 3240 277 3297 iu
295 3237 446 3300 ‘l'lresselia
460 3246 556 3297 uatum
572 3236 676 3297 eotlem
692 3237 739 3297 lle
760 3238 911 3313 interisse,
932 3244 961 3299 et
976 3254 1029 3295 nos
1046 3237 1121 3314 prin-

122 3317 221 3396 elpttu
239 3324 303 3383 eins
325 3321 450 3383 adlatum
470 3322 511 3381 illi
527 3340 565 3381 ex
582 3321 721 3400 Aegypto
742 3322 770 3381 in
787 3321 874 3381 molle
894 3321 1025 3381 vidimus.
1068 3317 1122 3381 Eat
