2542 3842
152 148 210 213 1118
521 158 831 209 enumerabuntur
880 173 883 177 ·

151 317 225 375 enim
248 332 380 392 umquam
400 314 596 374 intremiscunt
617 322 714 373 terrae
733 314 788 371 nisi
806 314 902 391 sopito
917 314 987 371 mari
1004 312 1147 391 caeloque

100 408 101 413 ’
150 399 224 459 adeo
240 399 393 476 tranquillo
409 407 438 457 ut
453 399 566 457 volatus
579 398 671 459 avium
687 414 744 456 non
755 396 901 474 pendeant
912 396 1059 456 subtracto
1071 398 1148 455 omni

151 482 251 560 spiritu
268 483 315 559 qui
328 481 428 556 vehit,
445 499 501 540 nec
518 498 649 559 nmquam
664 482 719 539 nisi
737 487 804 557 post
820 489 940 555 ventos,
957 480 1074 539 condito
1090 481 1147 538 sci·

150 564 221 623 lieet
236 565 264 624 in
280 582 370 624 venas
389 574 418 624 et
435 582 507 625 cava
523 566 585 624 eins
603 564 720 623 1111111
737 563 815 623 11111.
846 561 950 641 Neque
966 563 1043 622 aliud
1059 564 1148 622 estin
1259 601 1261 628 ἦ

150 656 228 706 terra
245 655 353 707 tremor
368 666 452 726 quarn
468 649 496 705 in
511 647 586 705 nube
602 648 773 721 tonitruum,
791 664 848 705 nee
862 644 956 706 hiatus
971 646 1047 707 aliud
1063 664 1170 725 quante
1259 712 1261 728 s

152 730 339 790 cumlulmen
355 732 477 808 erumpit
498 729 609 789 incluso
626 731 728 807 spiritu
744 730 871 790 luctante
889 738 918 789 et
933 730 970 789 ad
984 730 1149 790 libertatem
1259 740 1261 752 '

150 814 231 873 exire
249 816 367 874 nitente

109 903 160 958 193
217 894 267 957 811.
279 893 825 974 (8211111111111111111111111
837 893 1150 972 edunturopera,alrb1
1220 915 1260 966 ,1

151 982 302 1057 prostratis
315 979 476 1054 moenibus,
493 978 560 1038 alibi
572 978 651 1039 biatu
666 978 811 1057 proiuude
822 976 943 1053 haustis,
959 976 1027 1037 alibi
1037 980 1149 1054 egestis
1184 1024 1189 1030 .
1259 1049 1260 1058 ¹

150 1062 289 1137 molibus,
316 1061 383 1123 alibi
404 1062 517 1121 emissis
537 1062 682 1137 amnibus,
704 1079 915 1139 nonnumquam
932 1062 1017 1121 etiam
1032 1060 1147 1137 ignibus
1159 1082 1184 1123 11
1259 1065 1261 1092 ’

152 1146 289 1206 calidisve
312 1146 456 1221 lontibus,
481 1146 568 1206 aliubi
584 1162 690 1205 averso
708 1146 852 1205 1111111111
868 1164 963 1204 eursu.
995 1144 1150 1205 Praecedit

151 1246 222 1287 vero
237 1230 446 1308 comitaturque
457 1229 596 1289 terribilis
608 1247 708 1305 sonus,
720 1229 791 1289 alias
803 1246 936 1287 murmuri
929 1226 1059 1310 similis,
1077 1227 1149 1287 alias

151 1312 303 1389 mugitibus
320 1322 367 1373 ant
383 1313 502 1373 clamori
517 1312 640 1373 hnmano
652 1330 832 1373 armorumve
843 1305 1015 1389 pulsantium
1027 1311 1147 1387 fragori,

151 1412 204 1473 pro
223 1396 360 1473 qualitate
381 1398 519 1455 materiae
536 1398 709 1474 excipientis
724 1396 874 1471 turmaque
896 1394 946 1453 rel
961 1411 1162 1453 cavernarum

98 1528 100 1535 ,
151 1478 199 1537 vel
224 1478 347 1537 cuniculi
369 1495 529 1557 perquem
551 1488 643 1551 meet,
669 1479 773 1537 exilius
794 1485 945 1552 grassante
969 1477 997 1534 in
1012 1485 1148 1553 angusto,
1159 1500 1184 1539 11

152 1560 256 1619 eodem
279 1578 368 1620 ranno
392 1562 420 1619 in
440 1562 588 1636 recurvis,
610 1560 767 1620 resultante
789 1561 820 1617 iu
843 1560 936 1635 duris,
960 1559 1103 1618 fremente
1120 1561 1150 1619 in

152 1643 270 1720 umidis,
298 1644 452 1704 1111111111
474 1645 502 1702 11
525 1643 737 1721 stagnantibus,
763 1642 896 1701 fervente
919 1651 1020 1701 contra
1042 1642 1147 1701 solida.

113 1734 163 1788 191
173 1725 319 1803 ltaqneet
337 1728 398 1785 sine
415 1735 493 1786 motu
508 1745 599 1805 saepe
615 1728 709 1786 editur
726 1742 822 1784 sonus.
847 1741 905 1783 neo
922 1724 1044 1802 simplici
1060 1726 1148 1785 modo

153 1810 292 1885 quatitur,
319 1809 371 1868 sed
394 1811 489 1868 tremit
510 1810 674 1889 vibratque.
706 1807 805 1867 Hiatus
827 1824 901 1867 vero
923 1808 994 1867 alias
1018 1817 1149 1868 remanet
1259 1881 1261 1896 Ι

153 1892 309 1951 ostendens
327 1910 401 1969 quae
419 1892 539 1967 sorbuit,
556 1893 627 1952 alias
644 1891 771 1951 occultat
788 1907 839 1951 ore
858 1908 1019 1969 conpresso
1034 1910 1147 1951 rursus·
1156 1910 1184 1950 ao

153 1990 209 2050 que
225 1974 264 2032 ita
286 1974 401 2033 inducto
423 1977 488 2036 solo
504 1984 535 2035 ut
560 1968 643 2035 11111
652 1975 777 2051 vestigia
794 1982 927 2048 exstent,
949 1973 1069 2033 urbibus
1084 1975 1148 2053 ple·

152 2073 271 2133 rumque
288 2057 434 2117 devoratis
449 2076 641 2137 agrorumque
656 2062 751 2121 tractu
765 2058 877 2117 bansta.
902 2019 1040 2117 Maritima
1053 2067 1149 2117 autem

152 2156 282 2201 maxume
299 2142 475 2218 quatiuntur,
500 2160 555 2202 nec
576 2151 727 2201 montuosa
748 2141 798 2201 tali
818 2140 894 2200 malo
910 2150 1019 2200 carent.
1044 2139 1147 2218 explo-

111 2228 162 2283 195
174 2233 264 2283 ratum
281 2224 354 2284 mibi
364 2234 409 2285 est
419 2224 504 2303 Alpis
514 2225 774 2304 Appenninumque
790 2226 908 2302 saepius
921 2225 1084 2284 tremuisse.
1110 2222 1148 2283 Et

154 2315 285 2366 autumno
308 2324 342 2366 ao
366 2326 438 2368 vere
457 2318 554 2368 terrae
577 2308 711 2367 erebrius
730 2316 897 2381 moventur,
925 2308 998 2366 sieut
1019 2307 1183 2366 fulminare

99 2420 103 2427 ·
154 2389 220 2447 ideo
239 2388 350 2449 Galliae
373 2399 402 2448 et
424 2390 577 2467 Aegyptus
599 2392 722 2449 minume
743 2390 921 2465 quatiuntur,
947 2392 1080 2466 qnoniam
1101 2389 1148 2448 bic

154 2473 272 2530 aestatis
290 2488 376 2533 causa
392 2470 501 2547 obstat,
524 2472 583 2531 illic
597 2471 710 2530 hiemis.
740 2471 808 2528 item
829 2479 915 2529 noctu
931 2474 1047 2549 saepius
1062 2488 1149 2549 quam

154 2553 287 2612 interdiu.
315 2554 438 2613 maxumi
458 2562 552 2613 antem
566 2562 661 2613 motus
678 2554 820 2613 exsistunt
834 2553 1147 2632 matutini'vespertini·

155 2653 227 2713 que,
250 2635 303 2695 sed
319 2638 478 2714 propinqua
494 2635 560 2695 lnce
576 2635 690 2711 crebri,
711 2636 835 2696 interdiu
858 2647 952 2697 antem
969 2638 1047 2697 circa
1061 2638 1147 2697 meri·

60 2724 90 2787 f
155 2718 239 2777 diem.
271 2720 338 2779 liunt
354 2729 382 2779 et
400 2720 471 2779 solis
490 2719 634 2817 lunaeque
657 2720 790 2794 deiectu,
809 2722 941 2798 quoniam
958 2728 1184 2797 tempestuosas
1254 2779 1258 2785 ,

154 2809 221 2861 1111
238 2804 402 2889 sopiuntur,
423 2803 581 2881 praecipue
600 2820 672 2863 vero
695 2820 758 2862 oum
773 2804 902 2881 seqnitur
917 2801 1035 2861 imbrem
1049 2811 1148 2861 aestus

154 2883 296 2944 imbresve
314 2896 433 2945 aestum.
600 2925 602 2931 ·

116 2975 165 3031 196
227 2966 276 3027 81.
300 2967 381 3046 (83.)
397 2966 575 3045 Navigantes
593 2986 709 3048 qnoque
730 2968 856 3027 sentiunt
877 2982 933 3025 non
949 2915 1033 3025 dubia
1049 2968 1148 3025 conie-

156 3056 234 3109 ctura
251 3051 311 3108 sine
326 3050 417 3109 llatn
409 3060 616 3110 intumescente
632 3052 720 3112 111111
735 3050 831 3110 subito
852 3057 899 3109 ant
916 3049 1060 3126 quatiente
1077 3049 1147 3108 ictu:

154 3130 308 3191 intremunt
321 3148 393 3191 vero
410 3142 439 3191 et
455 3134 483 3192 in
498 3133 618 3193 navibus
619 3136 727 3231 ⁸posita
743 3129 837 3206 aeq'ne
853 3148 937 3209 111ιιι
952 3132 980 3190 11
995 3131 1147 3207 aediliciis,
1158 3143 1185 3184 11

156 3211 326 3291 crepituque
341 3216 548 3292 praenuntiant.
578 3216 646 3294 quin
667 3225 696 3274 et
709 3215 850 3273 uolucres
862 3230 919 3272 non
933 3214 1084 3293 inpavidae
1100 3232 1147 3273 se-

156 3295 232 3356 dent.
263 3294 315 3355 Est
336 3304 366 3355 et
388 3298 416 3355 in
439 3298 523 3358 caelo
544 3301 655 3376 signum
671 3296 879 3376 praeceditque
895 3306 972 3356 motu
987 3297 1082 3356 intnro
1098 3305 1148 3356 aut

1259 3237 1261 3318 1

1259 3311 1261 3376 1

110 3490 132 3544 s
398 3483 404 3488 -
