2542 3842
179 169 221 232 28
473 222 479 233 ,
524 180 554 227 c.
570 180 668 227 rnmr
684 178 832 227 saeuum

180 346 280 416 raptus
295 345 327 395 ut
344 335 600 413 praecipitaretur,
627 334 800 393 convolante
818 334 932 415 quidem
947 342 1003 393 tam
1023 353 1180 395 numerosa

180 420 230 481 illa
254 420 374 479 cohorte
399 436 473 497 qaae
493 428 604 495 patrem
627 436 693 477 eum
713 416 896 497 appellabat,
921 418 989 494 sed,
1010 428 1039 477 ut
1054 436 1181 479 necesse

182 514 243 565 erat
254 506 282 563 in
296 503 407 579 subito,
423 502 503 562 tarde
519 511 548 561 et
563 512 705 579 tamquam
720 504 747 560 ia
763 500 935 579 exsequias,
951 520 1015 563 cum
1026 504 1183 563 resistendi

181 594 455 664 sacroquesanctum
467 586 628 663 repellendi
640 586 683 644 ius
698 604 756 645 non
771 595 861 659 esset,
880 588 991 645 virtutis
1006 604 1075 646 suae
1089 604 1183 665 opera

180 683 210 733 et
228 688 368 731 censurae
383 671 537 748 periturus,
554 686 645 745 aegre
656 669 768 728 tribuno
783 671 830 745 qui
847 670 1042 729 intercederet
1060 678 1180 751 reperto
1194 688 1207 725 5

141 766 214 823 lata
230 756 326 814 limiae
341 757 406 833 ipso
421 754 520 811 mortis
537 762 702 827 resocatus,
719 751 813 811 alieno
826 752 968 812 beuelicio
983 762 1085 831 postea
1098 756 1180 829 vixit,
1255 762 1256 771 ’

180 840 263 900 bonis
279 839 344 897 inde
360 837 445 896 etiam
460 838 640 896 consecratis
657 854 673 895 a
689 836 819 895 damnato
836 853 905 912 suo,
921 846 1062 915 tamquam
1080 855 1183 916 parum

69 960 76 971 -
181 932 261 985 esset
276 923 399 981 leucium
418 928 499 979 certe
516 922 683 979 intortarum
699 920 890 999 expressique
903 938 957 999 per
969 924 1047 980 auris
1064 922 1181 998 sangui·

181 1011 225 1067 nis
245 1024 338 1085 poena
361 1012 472 1063 exacta.
507 1005 642 1083 equidem
664 1012 692 1063 et
711 1004 839 1063 Africani
867 1006 1012 1082 sequentis
1036 1006 1181 1065 inimicum

182 1093 287 1165 luisse,
303 1092 378 1149 iuter
393 1088 564 1147 calamitatis
578 1087 722 1165 duxerim,
745 1090 810 1166 ipso
827 1095 903 1148 teste
918 1085 1124 1165 Macedonico,
1141 1091 1179 1148 si·
1194 1112 1221 1151 ro

182 1176 296 1254 quidem
319 1172 419 1232 liberis
441 1170 528 1231 dixit:
552 1174 601 1231 ite
622 1172 714 1247 lilii,
738 1171 930 1232 celebrate
954 1172 1180 1251 exsequias,
1255 1188 1256 1257 p

181 1275 367 1339 numquam
382 1257 475 1314 civis
493 1256 961 1315 maiorisfunusvidebitis.
985 1256 1179 1317 etbocdice·
1255 1266 1256 1327 l

143 1344 248 1407 tiebat
259 1344 315 1400 iam
326 1340 686 1416 baliaricisglliadematis,
699 1343 754 1399 iam
767 1338 971 1399 blacedonicus
983 1344 1057 1419 ipse.
1079 1358 1181 1399 verum
1255 1382 1256 1413 ,

183 1436 212 1487 ιιι
229 1426 278 1484 illa
295 1424 359 1482 sola
374 1424 474 1481 iniuria
486 1432 678 1498 aestumetur,
694 1425 758 1501 quis
773 1424 848 1482 bunc
864 1426 926 1482 iure
941 1424 1058 1483 ielicem
1074 1424 1180 1483 dixerit
1255 1422 1256 1447 ¹

182 1507 373 1589 periclitatum
386 1506 421 1565 ad
434 1506 580 1566 libidinem
592 1508 706 1582 inimici,
723 1526 778 1566 nec
790 1506 918 1566 Africani
932 1508 1045 1583 saltem,
1061 1504 1179 1585 perire?
1193 1526 1220 1566 15

183 1608 255 1671 quos
273 1590 364 1648 bostis
376 1591 483 1668 vicisse
496 1593 565 1649 tanti
577 1586 651 1650 luit?
664 1599 711 1649 aut
726 1608 799 1668 quos
810 1608 867 1647 non
880 1591 1005 1649 bonores
1020 1608 1180 1668 currusque
1255 1618 1256 1649 l

181 1676 230 1735 illa
242 1690 293 1731 sua
303 1673 440 1732 violentia
455 1674 568 1733 fortuna
579 1676 731 1750 retroagit,
744 1692 797 1752 per
807 1674 928 1733 mediam
943 1674 1043 1733 urbem
1055 1692 1181 1733 censore

180 1765 274 1818 tracto
289 1790 331 1836 -5
345 1756 451 1814 etenim
466 1757 529 1817 sola
540 1756 614 1816 baec
628 1758 757 1816 morandi
771 1758 843 1816 ratio
861 1756 968 1831 luerat,
988 1790 1029 1802 -
1043 1766 1137 1817 tracto
1154 1759 1182 1816 in

183 1840 356 1918 Capitolium
374 1838 444 1897 illud
467 1841 495 1898 iu
519 1858 576 1919 quo
592 1841 767 1917 triumphans
787 1842 850 1918 ipse
873 1840 991 1899 deorum
1014 1841 1126 1898 exuviis
1143 1860 1181 1900 ne

143 1925 332 2002 radcaptlvos
354 1921 468 2001 quidem
488 1926 531 1983 sic
551 1922 700 1984 traxerat?
728 1926 823 1983 maius
842 1924 900 1983 boc
922 1924 1018 1983 scelus
1039 1922 1218 1983 felicitatem

184 2017 341 2068 consecuta
359 2006 466 2067 iactum
482 2018 541 2084 est,
559 2008 721 2087 periclitato
737 2008 925 2068 Macedonico
942 2008 989 2066 vel
1012 2007 1096 2066 iuuus
1119 2016 1180 2066 tan·
1255 2024 1256 2027 ¹

182 2103 240 2152 tum
254 2111 289 2152 ac
303 2092 362 2151 tale
377 2091 512 2171 perdere,
528 2096 624 2171 inquo
639 2110 656 2152 a
668 2092 888 2170 triumphalibus
903 2092 1003 2152 liberis
1015 2100 1182 2169 portaretur

175 2176 211 2236 'lu
226 2193 327 2254 rogum
342 2177 423 2235 velut
438 2178 585 2255 exsequiis
602 2194 717 2256 quoque
735 2177 918 2254 triumphans.
952 2176 1029 2235 nulla
1051 2184 1096 2233 est
1112 2192 1180 2253 pro·
1255 2198 1256 2263 p

183 2256 261 2322 lecto
279 2259 370 2320 solida
385 2260 510 2320 felicitas
526 2277 608 2339 quam
625 2261 796 2319 contumelia
819 2260 876 2319 ulla
893 2261 969 2320 ritae
991 2260 1111 2337 rumpit,
1127 2274 1180 2316 ue·
1255 2274 1256 2295 ι

183 2346 249 2405 dum
264 2354 349 2403 tanta.
379 2342 456 2418 quod
474 2354 624 2421 superest,
640 2346 740 2403 nescio
756 2360 865 2402 morum
879 2344 991 2419 gloriae
1003 2362 1039 2403 an
1052 2342 1180 2418 indigua·
1191 2362 1218 2402 es

182 2430 269 2487 tionis
289 2424 383 2484 dolori
405 2427 540 2500 accedat,
564 2430 641 2485 inter
664 2434 707 2485 tot
723 2426 859 2485 Metellos
876 2436 932 2485 tam
951 2427 1122 2485 sceleratam
1142 2422 1179 2485 0.
1255 2472 1256 2503 ι

184 2510 272 2569 Attini
287 2506 433 2568 audaciam
449 2524 565 2587 semper
580 2510 670 2569 luisse
687 2509 812 2568 inultam.
1255 2520 1256 2569 l

143 2602 193 2657 147
245 2593 296 2651 45.
321 2592 416 2670 (46.)
434 2590 465 2650 ln
481 2592 546 2651 divo
562 2605 679 2671 quoque
693 2592 842 2669 Augusto,
859 2610 943 2669 quem
958 2595 1180 2653 universamor-
1255 2576 1256 2621 l

183 2674 278 2735 talitas
300 2676 328 2735 in
348 2675 403 2735 bac
430 2693 551 2735 censura
574 2684 735 2753 nuncupet,
763 2676 786 2733 si
810 2675 964 2753 diligenter
984 2686 1182 2737 aestumentur

125 2832 129 2839 -
184 2768 301 2835 cuncta,
319 2776 420 2835 magna
436 2761 523 2818 sortis
538 2760 678 2820 humanae
693 2761 873 2837 reperiantur
885 2759 1044 2819 volumina:
1062 2760 1181 2839 repulsa
1191 2778 1216 2819 so
1255 2782 1256 2839 ι

184 2844 212 2901 in
231 2844 399 2921 magisterio
419 2844 545 2921 equitum
565 2842 639 2921 apud
661 2844 830 2902 avonculum
846 2830 992 2905 et‘contra
1012 2846 1180 2923 petitionem

162 2928 245 2986 'eius
265 2928 413 3005 praelatus
434 2927 575 3006 Lepidus,
595 2929 817 3006 proscriptionis
834 2927 953 3003 invidia,
976 2928 1132 3005 collegium
1151 2929 1181 2985 in

183 3012 360 3071 triumviratu
384 3014 574 3089 pessimorum
595 3012 714 3086 civium,
735 3028 790 3071 nec
807 3028 900 3088 aequa
915 3011 1018 3071 saltem
1033 3012 1180 3091 portione,

144 3096 254 3156 lt8sed
268 3097 421 3171 praegravi
437 3095 573 3156 Antonio.
598 3094 776 3173 l'bilippensi
790 3096 903 3173 proelio
918 3095 1040 3155 morbidi
1055 3095 1135 3172 luga,
1152 3102 1182 3153 et
1255 3124 1256 3135 ι

185 3180 278 3238 triduo
295 3180 324 3236 in
338 3177 443 3256 palude
457 3180 570 3257 aegroti
586 3187 616 3237 et
629 3180 674 3255 (ιιι
689 3179 813 3238 latentur
826 3178 956 3257 Agrippa
970 3176 1180 3257 etblaecenas)
1189 3190 1214 3232 as

184 3279 259 3340 aqua
277 3261 378 3320 subter
399 3270 493 3321 cutem
510 3264 572 3322 lusa
591 3262 696 3338 turgidi
716 3262 842 3336 latebra,
864 3262 1011 3339 naufragia
1034 3260 1132 3321 Sicula
1152 3270 1182 3319 et

184 3345 241 3405 alia
261 3344 300 3403 ibi
313 3358 441 3422 quoque
462 3346 491 3403 in
514 3345 656 3423 spelunca
677 3345 842 3404 occultatio.
875 3348 930 3405 iam
951 3348 979 3403 in
999 3346 1093 3405 navali
1111 3346 1182 3421 luga

92 3445 95 3451 ·
184 3438 325 3501 urguente
344 3426 468 3486 bostium
492 3445 574 3487 manu
599 3444 706 3504 preces
733 3428 885 3499 Proculeio
910 3429 1010 3487 mortis
1036 3428 1181 3503 admotae,
