<?xml version="1.0" encoding="UTF-8"?>
<!DOCTYPE html PUBLIC "-//W3C//DTD XHTML 1.0 Transitional//EN"
    "http://www.w3.org/TR/xhtml1/DTD/xhtml1-transitional.dtd">
<html xmlns="http://www.w3.org/1999/xhtml" xml:lang="en" lang="en">
 <head>
  <title>
</title>
<meta http-equiv="Content-Type" content="text/html;charset=utf-8" />
  <meta name='ocr-system' content='tesseract 3.04.00' />
  <meta name='ocr-capabilities' content='ocr_page ocr_carea ocr_par ocr_line ocrx_word'/>
</head>
<body>
  <div class='ocr_page' id='page_1' title='image "./cplinisecundina25plingoog_0209.png"; bbox 0 0 2542 3842; ppageno 0'>
   <div class='ocr_carea' id='block_1_1' title="bbox 316 125 1116 254">
    <p class='ocr_par' dir='ltr' id='par_1_1' title="bbox 316 125 1116 254">
     <span class='ocr_line' id='line_1_1' title="bbox 316 125 1116 254; baseline 0.005 -25"><span class='ocrx_word' id='word_1_1' title='bbox 316 179 399 229; x_wconf 80' lang='lat' dir='ltr'>msr.</span> <span class='ocrx_word' id='word_1_2' title='bbox 416 179 508 229; x_wconf 79' lang='lat' dir='ltr'>mrsu.</span> <span class='ocrx_word' id='word_1_3' title='bbox 524 181 590 230; x_wconf 85' lang='lat'>1111.</span> <span class='ocrx_word' id='word_1_4' title='bbox 613 125 732 233; x_wconf 70' lang='lat' dir='ltr'>rt-lt.</span> <span class='ocrx_word' id='word_1_5' title='bbox 750 167 901 254; x_wconf 76' lang='lat' dir='ltr'>(ao—tt.)</span> <span class='ocrx_word' id='word_1_6' title='bbox 1058 171 1116 233; x_wconf 82' lang='lat'>175</span> 
     </span>
    </p>
   </div>
   <div class='ocr_carea' id='block_1_2' title="bbox 76 331 1205 3512">
    <p class='ocr_par' dir='ltr' id='par_1_2' title="bbox 76 331 1205 3512">
     <span class='ocr_line' id='line_1_2' title="bbox 111 331 1116 419; baseline 0.004 -23"><span class='ocrx_word' id='word_1_7' title='bbox 111 333 216 413; x_wconf 88' lang='lat' dir='ltr'>maspi.</span> <span class='ocrx_word' id='word_1_8' title='bbox 247 331 318 394; x_wconf 81' lang='lat' dir='ltr'>ilox</span> <span class='ocrx_word' id='word_1_9' title='bbox 338 333 445 414; x_wconf 80' lang='lat' dir='ltr'>Ripaei</span> <span class='ocrx_word' id='word_1_10' title='bbox 464 343 579 396; x_wconf 91' lang='lat' dir='ltr'>montes</span> <span class='ocrx_word' id='word_1_11' title='bbox 600 341 630 397; x_wconf 91' lang='lat' dir='ltr'>et</span> <span class='ocrx_word' id='word_1_12' title='bbox 645 336 767 398; x_wconf 90' lang='lat' dir='ltr'>adsiduo</span> <span class='ocrx_word' id='word_1_13' title='bbox 785 339 858 398; x_wconf 88' lang='lat' dir='ltr'>nivis</span> <span class='ocrx_word' id='word_1_14' title='bbox 879 357 948 400; x_wconf 88' lang='lat' dir='ltr'>casu</span> <span class='ocrx_word' id='word_1_15' title='bbox 968 339 1116 419; x_wconf 89' lang='lat' dir='ltr'>pinnarum</span> 
     </span>
     <span class='ocr_line' id='line_1_3' title="bbox 112 417 1117 500; baseline 0.007 -22"><span class='ocrx_word' id='word_1_16' title='bbox 112 417 297 480; x_wconf 88' lang='lat' dir='ltr'>similitudine</span> <span class='ocrx_word' id='word_1_17' title='bbox 309 418 510 498; x_wconf 88' lang='lat' dir='ltr'>Pterophoros</span> <span class='ocrx_word' id='word_1_18' title='bbox 521 419 669 499; x_wconf 87' lang='lat' dir='ltr'>appellata</span> <span class='ocrx_word' id='word_1_19' title='bbox 684 422 780 499; x_wconf 88' lang='lat' dir='ltr'>regio,</span> <span class='ocrx_word' id='word_1_20' title='bbox 796 431 866 500; x_wconf 84' lang='lat' dir='ltr'>pars</span> <span class='ocrx_word' id='word_1_21' title='bbox 879 424 974 483; x_wconf 92' lang='lat' dir='ltr'>mundi</span> <span class='ocrx_word' id='word_1_22' title='bbox 987 424 1117 485; x_wconf 88' lang='lat' dir='ltr'>damnata</span> 
     </span>
     <span class='ocr_line' id='line_1_4' title="bbox 112 504 1115 586; baseline 0.006 -23"><span class='ocrx_word' id='word_1_23' title='bbox 112 520 242 563; x_wconf 82' lang='lat' dir='ltr'>ererum</span> <span class='ocrx_word' id='word_1_24' title='bbox 256 511 357 564; x_wconf 85' lang='lat' dir='ltr'>natura</span> <span class='ocrx_word' id='word_1_25' title='bbox 373 512 403 563; x_wconf 90' lang='lat' dir='ltr'>et</span> <span class='ocrx_word' id='word_1_26' title='bbox 421 504 512 564; x_wconf 89' lang='lat' dir='ltr'>densa</span> <span class='ocrx_word' id='word_1_27' title='bbox 527 521 622 564; x_wconf 88' lang='lat' dir='ltr'>mersa</span> <span class='ocrx_word' id='word_1_28' title='bbox 640 505 780 581; x_wconf 88' lang='lat' dir='ltr'>caligine,</span> <span class='ocrx_word' id='word_1_29' title='bbox 803 515 899 583; x_wconf 85' lang='lat' dir='ltr'>ne&#39;qne</span> <span class='ocrx_word' id='word_1_30' title='bbox 915 509 943 566; x_wconf 92' lang='lat' dir='ltr'>in</span> <span class='ocrx_word' id='word_1_31' title='bbox 958 507 1014 568; x_wconf 89' lang='lat' dir='ltr'>alio</span> <span class='ocrx_word' id='word_1_32' title='bbox 1031 526 1115 586; x_wconf 89' lang='lat' dir='ltr'>quam</span> 
     </span>
     <span class='ocr_line' id='line_1_5' title="bbox 111 584 1159 668; baseline 0.008 -22"><span class='ocrx_word' id='word_1_33' title='bbox 111 586 221 663; x_wconf 90' lang='lat' dir='ltr'>rigoris</span> <span class='ocrx_word' id='word_1_34' title='bbox 236 603 329 665; x_wconf 88' lang='lat' dir='ltr'>opere</span> <span class='ocrx_word' id='word_1_35' title='bbox 346 587 512 665; x_wconf 74' lang='lat' dir='ltr'>gelidisque</span> <span class='ocrx_word' id='word_1_36' title='bbox 528 584 682 665; x_wconf 93' lang='lat' dir='ltr'>Aquilonis</span> <span class='ocrx_word' id='word_1_37' title='bbox 710 590 937 668; x_wconf 79' lang='lat' dir='ltr'>conceptaculis.</span> <span class='ocrx_word' id='word_1_38' title='bbox 968 591 1048 651; x_wconf 90' lang='lat' dir='ltr'>Pone</span> <span class='ocrx_word' id='word_1_39' title='bbox 1064 601 1159 656; x_wconf 81' lang='lat' dir='ltr'>eostre</span> 
     </span>
     <span class='ocr_line' id='line_1_6' title="bbox 85 670 1115 754; baseline 0 -20"><span class='ocrx_word' id='word_1_40' title='bbox 85 671 218 734; x_wconf 78' lang='lat' dir='ltr'>cmontis</span> <span class='ocrx_word' id='word_1_41' title='bbox 239 671 374 748; x_wconf 90' lang='lat' dir='ltr'>ultraque</span> <span class='ocrx_word' id='word_1_42' title='bbox 396 670 572 750; x_wconf 82' lang='lat' dir='ltr'>Aquilonem</span> <span class='ocrx_word' id='word_1_43' title='bbox 593 689 667 750; x_wconf 89' lang='lat' dir='ltr'>gens</span> <span class='ocrx_word' id='word_1_44' title='bbox 687 671 760 732; x_wconf 82' lang='lat' dir='ltr'>felix</span> <span class='ocrx_word' id='word_1_45' title='bbox 781 673 821 751; x_wconf 88' lang='lat' dir='ltr'>(si</span> <span class='ocrx_word' id='word_1_46' title='bbox 844 674 1020 754; x_wconf 87' lang='lat' dir='ltr'>credimus),</span> <span class='ocrx_word' id='word_1_47' title='bbox 1042 693 1115 754; x_wconf 90' lang='lat' dir='ltr'>quos</span> 
     </span>
     <span class='ocr_line' id='line_1_7' title="bbox 111 753 1116 835; baseline 0.005 -22"><span class='ocrx_word' id='word_1_48' title='bbox 111 753 325 832; x_wconf 74' lang='lat' dir='ltr'>llyperboreos</span> <span class='ocrx_word' id='word_1_49' title='bbox 340 756 543 834; x_wconf 77' lang='lat' dir='ltr'>appellavere,</span> <span class='ocrx_word' id='word_1_50' title='bbox 559 773 670 816; x_wconf 90' lang='lat' dir='ltr'>annoso</span> <span class='ocrx_word' id='word_1_51' title='bbox 686 755 868 835; x_wconf 66' lang='lat' dir='ltr'>legittimo,</span> <span class='ocrx_word' id='word_1_52' title='bbox 885 758 1025 818; x_wconf 80' lang='lat' dir='ltr'>fabulosis</span> <span class='ocrx_word' id='word_1_53' title='bbox 1039 759 1116 822; x_wconf 89' lang='lat' dir='ltr'>cels-</span> 
     </span>
     <span class='ocr_line' id='line_1_8' title="bbox 113 837 1117 902; baseline 0.002 -4"><span class='ocrx_word' id='word_1_54' title='bbox 113 838 197 898; x_wconf 90' lang='lat' dir='ltr'>brata</span> <span class='ocrx_word' id='word_1_55' title='bbox 210 838 367 898; x_wconf 78' lang='lat' dir='ltr'>miraculis.</span> <span class='ocrx_word' id='word_1_56' title='bbox 397 837 441 899; x_wconf 93' lang='lat' dir='ltr'>lbi</span> <span class='ocrx_word' id='word_1_57' title='bbox 462 840 617 901; x_wconf 89' lang='lat' dir='ltr'>creduntur</span> <span class='ocrx_word' id='word_1_58' title='bbox 638 857 706 900; x_wconf 90' lang='lat' dir='ltr'>esse</span> <span class='ocrx_word' id='word_1_59' title='bbox 723 841 856 902; x_wconf 90' lang='lat' dir='ltr'>cardines</span> <span class='ocrx_word' id='word_1_60' title='bbox 872 841 967 902; x_wconf 90' lang='lat' dir='ltr'>mundi</span> <span class='ocrx_word' id='word_1_61' title='bbox 983 844 1117 902; x_wconf 90' lang='lat' dir='ltr'>extremi-</span> 
     </span>
     <span class='ocr_line' id='line_1_9' title="bbox 113 922 1116 1002; baseline 0.003 -21"><span class='ocrx_word' id='word_1_62' title='bbox 113 940 172 1001; x_wconf 89' lang='lat' dir='ltr'>que</span> <span class='ocrx_word' id='word_1_63' title='bbox 195 922 321 982; x_wconf 90' lang='lat' dir='ltr'>siderum</span> <span class='ocrx_word' id='word_1_64' title='bbox 338 922 461 982; x_wconf 82' lang='lat' dir='ltr'>ambitus</span> <span class='ocrx_word' id='word_1_65' title='bbox 482 924 617 984; x_wconf 82' lang='lat' dir='ltr'>semestri</span> <span class='ocrx_word' id='word_1_66' title='bbox 641 925 708 984; x_wconf 89' lang='lat' dir='ltr'>luce</span> <span class='ocrx_word' id='word_1_67' title='bbox 730 932 759 984; x_wconf 88' lang='lat' dir='ltr'>ct</span> <span class='ocrx_word' id='word_1_68' title='bbox 780 943 834 985; x_wconf 90' lang='lat' dir='ltr'>uua</span> <span class='ocrx_word' id='word_1_69' title='bbox 855 925 902 986; x_wconf 90' lang='lat' dir='ltr'>die</span> <span class='ocrx_word' id='word_1_70' title='bbox 921 925 993 986; x_wconf 91' lang='lat' dir='ltr'>solis</span> <span class='ocrx_word' id='word_1_71' title='bbox 1009 927 1116 1002; x_wconf 87' lang='lat' dir='ltr'>aversi,</span> 
     </span>
     <span class='ocr_line' id='line_1_10' title="bbox 113 1007 1115 1088; baseline 0.001 -23"><span class='ocrx_word' id='word_1_72' title='bbox 113 1023 188 1081; x_wconf 89' lang='lat' dir='ltr'>uon,</span> <span class='ocrx_word' id='word_1_73' title='bbox 208 1014 239 1066; x_wconf 89' lang='lat' dir='ltr'>ut</span> <span class='ocrx_word' id='word_1_74' title='bbox 255 1007 370 1085; x_wconf 78' lang='lat' dir='ltr'>inperiti</span> <span class='ocrx_word' id='word_1_75' title='bbox 392 1007 511 1083; x_wconf 85' lang='lat' dir='ltr'>dixere,</span> <span class='ocrx_word' id='word_1_76' title='bbox 532 1007 571 1067; x_wconf 89' lang='lat' dir='ltr'>ab</span> <span class='ocrx_word' id='word_1_77' title='bbox 591 1009 775 1088; x_wconf 90' lang='lat' dir='ltr'>aequinoctio</span> <span class='ocrx_word' id='word_1_78' title='bbox 793 1026 886 1068; x_wconf 86' lang='lat' dir='ltr'>veruo</span> <span class='ocrx_word' id='word_1_79' title='bbox 900 1011 929 1069; x_wconf 93' lang='lat' dir='ltr'>irr</span> <span class='ocrx_word' id='word_1_80' title='bbox 944 1018 1115 1070; x_wconf 86' lang='lat' dir='ltr'>autumnum.</span> 
     </span>
     <span class='ocr_line' id='line_1_11' title="bbox 76 1090 1117 1171; baseline 0.002 -19"><span class='ocrx_word' id='word_1_81' title='bbox 76 1090 209 1169; x_wconf 80' lang='lat' dir='ltr'>sesemel</span> <span class='ocrx_word' id='word_1_82' title='bbox 231 1090 260 1148; x_wconf 93' lang='lat' dir='ltr'>in</span> <span class='ocrx_word' id='word_1_83' title='bbox 281 1107 355 1150; x_wconf 87' lang='lat' dir='ltr'>auno</span> <span class='ocrx_word' id='word_1_84' title='bbox 376 1090 501 1151; x_wconf 89' lang='lat' dir='ltr'>solstitio</span> <span class='ocrx_word' id='word_1_85' title='bbox 524 1091 653 1151; x_wconf 91' lang='lat' dir='ltr'>oriuntur</span> <span class='ocrx_word' id='word_1_86' title='bbox 673 1093 709 1152; x_wconf 91' lang='lat' dir='ltr'>iis</span> <span class='ocrx_word' id='word_1_87' title='bbox 731 1093 827 1168; x_wconf 90' lang='lat' dir='ltr'>soles,</span> <span class='ocrx_word' id='word_1_88' title='bbox 849 1093 1007 1171; x_wconf 89' lang='lat' dir='ltr'>brumaque</span> <span class='ocrx_word' id='word_1_89' title='bbox 1025 1095 1117 1154; x_wconf 90' lang='lat' dir='ltr'>semel</span> 
     </span>
     <span class='ocr_line' id='line_1_12' title="bbox 113 1173 1117 1255; baseline 0.004 -21"><span class='ocrx_word' id='word_1_90' title='bbox 113 1173 260 1234; x_wconf 90' lang='lat' dir='ltr'>occidunt.</span> <span class='ocrx_word' id='word_1_91' title='bbox 292 1175 377 1251; x_wconf 90' lang='lat' dir='ltr'>regio</span> <span class='ocrx_word' id='word_1_92' title='bbox 392 1175 507 1253; x_wconf 89' lang='lat' dir='ltr'>aprica,</span> <span class='ocrx_word' id='word_1_93' title='bbox 531 1175 613 1235; x_wconf 87' lang='lat' dir='ltr'>ielici</span> <span class='ocrx_word' id='word_1_94' title='bbox 627 1177 787 1255; x_wconf 85' lang='lat' dir='ltr'>temperie,</span> <span class='ocrx_word' id='word_1_95' title='bbox 811 1177 888 1236; x_wconf 90' lang='lat' dir='ltr'>omni</span> <span class='ocrx_word' id='word_1_96' title='bbox 909 1178 1015 1237; x_wconf 89' lang='lat' dir='ltr'>adilatu</span> <span class='ocrx_word' id='word_1_97' title='bbox 1029 1179 1117 1238; x_wconf 90' lang='lat' dir='ltr'>noxio</span> 
     </span>
     <span class='ocr_line' id='line_1_13' title="bbox 113 1258 1116 1339; baseline 0.002 -21"><span class='ocrx_word' id='word_1_98' title='bbox 113 1275 229 1318; x_wconf 88' lang='lat' dir='ltr'>careus.</span> <span class='ocrx_word' id='word_1_99' title='bbox 259 1258 360 1319; x_wconf 92' lang='lat' dir='ltr'>domus</span> <span class='ocrx_word' id='word_1_100' title='bbox 375 1259 412 1317; x_wconf 91' lang='lat' dir='ltr'>iis</span> <span class='ocrx_word' id='word_1_101' title='bbox 432 1275 551 1319; x_wconf 89' lang='lat' dir='ltr'>nemora</span> <span class='ocrx_word' id='word_1_102' title='bbox 566 1259 698 1339; x_wconf 90' lang='lat' dir='ltr'>lucique,</span> <span class='ocrx_word' id='word_1_103' title='bbox 723 1268 752 1319; x_wconf 91' lang='lat' dir='ltr'>et</span> <span class='ocrx_word' id='word_1_104' title='bbox 767 1259 887 1320; x_wconf 89' lang='lat' dir='ltr'>deorum</span> <span class='ocrx_word' id='word_1_105' title='bbox 904 1261 998 1320; x_wconf 90' lang='lat' dir='ltr'>cultus</span> <span class='ocrx_word' id='word_1_106' title='bbox 1012 1262 1116 1320; x_wconf 88' lang='lat' dir='ltr'>viritim</span> 
     </span>
     <span class='ocr_line' id='line_1_14' title="bbox 112 1341 1118 1420; baseline 0.005 -20"><span class='ocrx_word' id='word_1_107' title='bbox 112 1343 332 1420; x_wconf 80' lang='lat' dir='ltr'>gregatimque,</span> <span class='ocrx_word' id='word_1_108' title='bbox 348 1341 495 1403; x_wconf 86' lang='lat' dir='ltr'>discordia</span> <span class='ocrx_word' id='word_1_109' title='bbox 512 1344 611 1419; x_wconf 88' lang='lat' dir='ltr'>ignota</span> <span class='ocrx_word' id='word_1_110' title='bbox 627 1351 656 1402; x_wconf 89' lang='lat' dir='ltr'>et</span> <span class='ocrx_word' id='word_1_111' title='bbox 672 1344 823 1420; x_wconf 84' lang='lat' dir='ltr'>aegritudo</span> <span class='ocrx_word' id='word_1_112' title='bbox 842 1346 942 1404; x_wconf 92' lang='lat' dir='ltr'>omnis.</span> <span class='ocrx_word' id='word_1_113' title='bbox 966 1362 1045 1405; x_wconf 88' lang='lat' dir='ltr'>mors</span> <span class='ocrx_word' id='word_1_114' title='bbox 1060 1363 1118 1405; x_wconf 90' lang='lat' dir='ltr'>uon</span> 
     </span>
     <span class='ocr_line' id='line_1_15' title="bbox 112 1426 1116 1506; baseline 0.005 -22"><span class='ocrx_word' id='word_1_115' title='bbox 112 1427 169 1484; x_wconf 86' lang='lat' dir='ltr'>nisi</span> <span class='ocrx_word' id='word_1_116' title='bbox 192 1427 328 1486; x_wconf 87' lang='lat' dir='ltr'>satietate</span> <span class='ocrx_word' id='word_1_117' title='bbox 351 1427 429 1486; x_wconf 84' lang='lat' dir='ltr'>vitae</span> <span class='ocrx_word' id='word_1_118' title='bbox 456 1427 581 1505; x_wconf 91' lang='lat' dir='ltr'>epulatis</span> <span class='ocrx_word' id='word_1_119' title='bbox 604 1426 794 1506; x_wconf 85' lang='lat' dir='ltr'>delibutoque</span> <span class='ocrx_word' id='word_1_120' title='bbox 819 1430 900 1488; x_wconf 89' lang='lat' dir='ltr'>senio</span> <span class='ocrx_word' id='word_1_121' title='bbox 923 1429 1025 1488; x_wconf 90' lang='lat' dir='ltr'>luxue</span> <span class='ocrx_word' id='word_1_122' title='bbox 1048 1447 1116 1506; x_wconf 89' lang='lat' dir='ltr'>qua-</span> 
     </span>
     <span class='ocr_line' id='line_1_16' title="bbox 77 1507 1116 1591; baseline 0.001 -20"><span class='ocrx_word' id='word_1_123' title='bbox 77 1530 102 1571; x_wconf 83' lang='lat' dir='ltr'>ss</span> <span class='ocrx_word' id='word_1_124' title='bbox 115 1507 180 1570; x_wconf 91' lang='lat' dir='ltr'>dam</span> <span class='ocrx_word' id='word_1_125' title='bbox 202 1527 275 1588; x_wconf 88' lang='lat' dir='ltr'>rupe</span> <span class='ocrx_word' id='word_1_126' title='bbox 296 1511 326 1569; x_wconf 91' lang='lat' dir='ltr'>iu</span> <span class='ocrx_word' id='word_1_127' title='bbox 344 1527 424 1570; x_wconf 90' lang='lat' dir='ltr'>mare</span> <span class='ocrx_word' id='word_1_128' title='bbox 441 1511 612 1570; x_wconf 82' lang='lat' dir='ltr'>salientium.</span> <span class='ocrx_word' id='word_1_129' title='bbox 646 1509 703 1570; x_wconf 93' lang='lat' dir='ltr'>boc</span> <span class='ocrx_word' id='word_1_130' title='bbox 718 1529 811 1589; x_wconf 88' lang='lat' dir='ltr'>genus</span> <span class='ocrx_word' id='word_1_131' title='bbox 826 1512 994 1591; x_wconf 89' lang='lat' dir='ltr'>sepulturae</span> <span class='ocrx_word' id='word_1_132' title='bbox 1010 1512 1116 1573; x_wconf 88' lang='lat' dir='ltr'>beatis·</span> 
     </span>
     <span class='ocr_line' id='line_1_17' title="bbox 115 1593 1161 1676; baseline 0.003 -24"><span class='ocrx_word' id='word_1_133' title='bbox 115 1594 226 1652; x_wconf 91' lang='lat' dir='ltr'>simum.</span> <span class='ocrx_word' id='word_1_134' title='bbox 259 1593 384 1666; x_wconf 84' lang='lat' dir='ltr'>Quidam</span> <span class='ocrx_word' id='word_1_135' title='bbox 405 1611 459 1654; x_wconf 91' lang='lat' dir='ltr'>eos</span> <span class='ocrx_word' id='word_1_136' title='bbox 474 1596 503 1653; x_wconf 91' lang='lat' dir='ltr'>in</span> <span class='ocrx_word' id='word_1_137' title='bbox 526 1596 618 1673; x_wconf 90' lang='lat' dir='ltr'>prima</span> <span class='ocrx_word' id='word_1_138' title='bbox 642 1594 832 1673; x_wconf 84' lang='lat' dir='ltr'>parte&#39;Asiae</span> <span class='ocrx_word' id='word_1_139' title='bbox 848 1596 962 1656; x_wconf 93' lang='lat' dir='ltr'>litorum</span> <span class='ocrx_word' id='word_1_140' title='bbox 978 1605 1161 1676; x_wconf 83' lang='lat' dir='ltr'>posuere,9o</span> 
     </span>
     <span class='ocr_line' id='line_1_18' title="bbox 114 1675 1117 1757; baseline 0.003 -21"><span class='ocrx_word' id='word_1_141' title='bbox 114 1693 174 1736; x_wconf 92' lang='lat' dir='ltr'>non</span> <span class='ocrx_word' id='word_1_142' title='bbox 190 1678 219 1736; x_wconf 91' lang='lat' dir='ltr'>in</span> <span class='ocrx_word' id='word_1_143' title='bbox 234 1675 366 1756; x_wconf 84' lang='lat' dir='ltr'>Europa,</span> <span class='ocrx_word' id='word_1_144' title='bbox 393 1680 459 1757; x_wconf 88' lang='lat' dir='ltr'>quie</span> <span class='ocrx_word' id='word_1_145' title='bbox 474 1688 540 1742; x_wconf 93' lang='lat' dir='ltr'>sunt</span> <span class='ocrx_word' id='word_1_146' title='bbox 560 1679 601 1739; x_wconf 92' lang='lat' dir='ltr'>ibi</span> <span class='ocrx_word' id='word_1_147' title='bbox 616 1679 801 1740; x_wconf 86' lang='lat' dir='ltr'>similitudine</span> <span class='ocrx_word' id='word_1_148' title='bbox 819 1689 848 1740; x_wconf 90' lang='lat' dir='ltr'>et</span> <span class='ocrx_word' id='word_1_149' title='bbox 863 1681 933 1741; x_wconf 90' lang='lat' dir='ltr'>situs</span> <span class='ocrx_word' id='word_1_150' title='bbox 950 1680 1117 1740; x_wconf 83' lang='lat' dir='ltr'>Attacorum</span> 
     </span>
     <span class='ocr_line' id='line_1_19' title="bbox 114 1762 1117 1842; baseline 0.003 -22"><span class='ocrx_word' id='word_1_151' title='bbox 114 1763 240 1822; x_wconf 89' lang='lat' dir='ltr'>nominc.</span> <span class='ocrx_word' id='word_1_152' title='bbox 270 1763 318 1823; x_wconf 91' lang='lat' dir='ltr'>alii</span> <span class='ocrx_word' id='word_1_153' title='bbox 334 1762 448 1824; x_wconf 91' lang='lat' dir='ltr'>medios</span> <span class='ocrx_word' id='word_1_154' title='bbox 466 1762 567 1824; x_wconf 89' lang='lat' dir='ltr'>iecere</span> <span class='ocrx_word' id='word_1_155' title='bbox 591 1779 645 1823; x_wconf 90' lang='lat' dir='ltr'>eos</span> <span class='ocrx_word' id='word_1_156' title='bbox 671 1763 745 1822; x_wconf 86' lang='lat' dir='ltr'>inter</span> <span class='ocrx_word' id='word_1_157' title='bbox 766 1773 916 1842; x_wconf 88' lang='lat' dir='ltr'>utrumque</span> <span class='ocrx_word' id='word_1_158' title='bbox 938 1765 1047 1840; x_wconf 88' lang='lat' dir='ltr'>solem,</span> <span class='ocrx_word' id='word_1_159' title='bbox 1070 1783 1117 1824; x_wconf 91' lang='lat' dir='ltr'>an·</span> 
     </span>
     <span class='ocr_line' id='line_1_20' title="bbox 114 1841 1205 1926; baseline 0.004 -21"><span class='ocrx_word' id='word_1_160' title='bbox 114 1846 245 1924; x_wconf 89' lang='lat' dir='ltr'>tipodum</span> <span class='ocrx_word' id='word_1_161' title='bbox 269 1863 393 1908; x_wconf 86' lang='lat' dir='ltr'>occasus</span> <span class='ocrx_word' id='word_1_162' title='bbox 418 1848 659 1926; x_wconf 82' lang='lat' dir='ltr'>exorientemque</span> <span class='ocrx_word' id='word_1_163' title='bbox 681 1855 826 1923; x_wconf 92' lang='lat' dir='ltr'>nostrum,</span> <span class='ocrx_word' id='word_1_164' title='bbox 854 1849 931 1926; x_wconf 92' lang='lat' dir='ltr'>quod</span> <span class='ocrx_word' id='word_1_165' title='bbox 951 1849 1014 1908; x_wconf 86' lang='lat' dir='ltr'>lieri</span> <span class='ocrx_word' id='word_1_166' title='bbox 1038 1848 1118 1908; x_wconf 92' lang='lat' dir='ltr'>nullo</span> <span class='ocrx_word' id='word_1_167' title='bbox 1197 1841 1205 1856; x_wconf 73' lang='lat'><strong><em>‘</em></strong></span> 
     </span>
     <span class='ocr_line' id='line_1_21' title="bbox 77 1931 1118 2010; baseline 0.002 -22"><span class='ocrx_word' id='word_1_168' title='bbox 77 1956 105 1995; x_wconf 83' lang='lat'>20</span> <span class='ocrx_word' id='word_1_169' title='bbox 115 1931 204 1991; x_wconf 92' lang='lat' dir='ltr'>modo</span> <span class='ocrx_word' id='word_1_170' title='bbox 226 1939 325 2009; x_wconf 89' lang='lat' dir='ltr'>potest</span> <span class='ocrx_word' id='word_1_171' title='bbox 349 1941 406 1999; x_wconf 87' lang='lat' dir='ltr'>tam</span> <span class='ocrx_word' id='word_1_172' title='bbox 426 1939 512 1991; x_wconf 77' lang='lat' dir='ltr'>vasto</span> <span class='ocrx_word' id='word_1_173' title='bbox 532 1932 604 1990; x_wconf 91' lang='lat' dir='ltr'>mari</span> <span class='ocrx_word' id='word_1_174' title='bbox 625 1932 847 1992; x_wconf 85' lang='lat' dir='ltr'>interveniente.</span> <span class='ocrx_word' id='word_1_175' title='bbox 875 1933 923 2010; x_wconf 91' lang='lat' dir='ltr'>qui</span> <span class='ocrx_word' id='word_1_176' title='bbox 944 1931 1013 1991; x_wconf 91' lang='lat' dir='ltr'>alibi</span> <span class='ocrx_word' id='word_1_177' title='bbox 1035 1949 1118 2010; x_wconf 91' lang='lat' dir='ltr'>quam</span> 
     </span>
     <span class='ocr_line' id='line_1_22' title="bbox 115 2014 1119 2091; baseline 0.001 -18"><span class='ocrx_word' id='word_1_178' title='bbox 115 2015 149 2078; x_wconf 87' lang='lat' dir='ltr'>in</span> <span class='ocrx_word' id='word_1_179' title='bbox 160 2016 295 2074; x_wconf 90' lang='lat' dir='ltr'>semestri</span> <span class='ocrx_word' id='word_1_180' title='bbox 316 2014 384 2074; x_wconf 90' lang='lat' dir='ltr'>luce</span> <span class='ocrx_word' id='word_1_181' title='bbox 404 2015 581 2083; x_wconf 90' lang='lat' dir='ltr'>constituere</span> <span class='ocrx_word' id='word_1_182' title='bbox 602 2032 671 2091; x_wconf 90' lang='lat' dir='ltr'>eos,</span> <span class='ocrx_word' id='word_1_183' title='bbox 693 2033 794 2075; x_wconf 88' lang='lat' dir='ltr'>serere</span> <span class='ocrx_word' id='word_1_184' title='bbox 815 2016 975 2089; x_wconf 86' lang='lat' dir='ltr'>matutinis,</span> <span class='ocrx_word' id='word_1_185' title='bbox 998 2016 1119 2074; x_wconf 89' lang='lat' dir='ltr'>meridie</span> 
     </span>
     <span class='ocr_line' id='line_1_23' title="bbox 115 2097 1118 2175; baseline -0.001 -18"><span class='ocrx_word' id='word_1_186' title='bbox 115 2105 244 2174; x_wconf 90' lang='lat' dir='ltr'>metere,</span> <span class='ocrx_word' id='word_1_187' title='bbox 276 2097 430 2156; x_wconf 89' lang='lat' dir='ltr'>occidente</span> <span class='ocrx_word' id='word_1_188' title='bbox 458 2098 536 2158; x_wconf 86' lang='lat' dir='ltr'>tetus</span> <span class='ocrx_word' id='word_1_189' title='bbox 557 2097 692 2158; x_wconf 91' lang='lat' dir='ltr'>arborum</span> <span class='ocrx_word' id='word_1_190' title='bbox 721 2099 902 2175; x_wconf 86' lang='lat' dir='ltr'>decerpere,</span> <span class='ocrx_word' id='word_1_191' title='bbox 933 2097 1066 2157; x_wconf 89' lang='lat' dir='ltr'>noctibus</span> <span class='ocrx_word' id='word_1_192' title='bbox 1089 2099 1118 2156; x_wconf 91' lang='lat' dir='ltr'>in</span> 
     </span>
     <span class='ocr_line' id='line_1_24' title="bbox 116 2178 1161 2261; baseline 0.004 -20"><span class='ocrx_word' id='word_1_193' title='bbox 116 2199 223 2261; x_wconf 86' lang='lat' dir='ltr'>specus</span> <span class='ocrx_word' id='word_1_194' title='bbox 247 2179 333 2241; x_wconf 92' lang='lat' dir='ltr'>condi</span> <span class='ocrx_word' id='word_1_195' title='bbox 355 2179 543 2240; x_wconf 87' lang='lat' dir='ltr'>tradiderunt.</span> <span class='ocrx_word' id='word_1_196' title='bbox 574 2179 639 2238; x_wconf 87' lang='lat' dir='ltr'>Nec</span> <span class='ocrx_word' id='word_1_197' title='bbox 659 2181 734 2239; x_wconf 87' lang='lat' dir='ltr'>licet</span> <span class='ocrx_word' id='word_1_198' title='bbox 753 2178 884 2240; x_wconf 89' lang='lat' dir='ltr'>dubitare</span> <span class='ocrx_word' id='word_1_199' title='bbox 906 2179 1050 2256; x_wconf 88' lang='lat' dir='ltr'>degente</span> <span class='ocrx_word' id='word_1_200' title='bbox 1072 2198 1118 2255; x_wconf 85' lang='lat' dir='ltr'>ea,</span> <span class='ocrx_word' id='word_1_201' title='bbox 1127 2190 1161 2244; x_wconf 86' lang='lat'>91</span> 
     </span>
     <span class='ocr_line' id='line_1_25' title="bbox 116 2262 1119 2342; baseline -0.004 -16"><span class='ocrx_word' id='word_1_202' title='bbox 116 2283 181 2326; x_wconf 92' lang='lat' dir='ltr'>cum</span> <span class='ocrx_word' id='word_1_203' title='bbox 206 2273 250 2324; x_wconf 92' lang='lat' dir='ltr'>tot</span> <span class='ocrx_word' id='word_1_204' title='bbox 275 2272 413 2325; x_wconf 90' lang='lat' dir='ltr'>auctores</span> <span class='ocrx_word' id='word_1_205' title='bbox 436 2262 562 2342; x_wconf 88' lang='lat' dir='ltr'>produnt</span> <span class='ocrx_word' id='word_1_206' title='bbox 588 2262 702 2339; x_wconf 84' lang='lat' dir='ltr'>imgum</span> <span class='ocrx_word' id='word_1_207' title='bbox 727 2263 867 2340; x_wconf 86' lang='lat' dir='ltr'>primitias</span> <span class='ocrx_word' id='word_1_208' title='bbox 894 2263 997 2322; x_wconf 92' lang='lat' dir='ltr'>solitos</span> <span class='ocrx_word' id='word_1_209' title='bbox 1022 2263 1119 2322; x_wconf 88' lang='lat' dir='ltr'>Delon</span> 
     </span>
     <span class='ocr_line' id='line_1_26' title="bbox 78 2345 1121 2426; baseline -0.005 -15"><span class='ocrx_word' id='word_1_210' title='bbox 78 2373 106 2413; x_wconf 78' lang='lat' dir='ltr'>ss</span> <span class='ocrx_word' id='word_1_211' title='bbox 116 2350 235 2409; x_wconf 88' lang='lat' dir='ltr'>mittere</span> <span class='ocrx_word' id='word_1_212' title='bbox 252 2348 384 2426; x_wconf 79' lang='lat' dir='ltr'>Apollini</span> <span class='ocrx_word' id='word_1_213' title='bbox 409 2364 495 2426; x_wconf 90' lang='lat' dir='ltr'>quem</span> <span class='ocrx_word' id='word_1_214' title='bbox 518 2348 678 2426; x_wconf 88' lang='lat' dir='ltr'>praecipue</span> <span class='ocrx_word' id='word_1_215' title='bbox 702 2346 809 2406; x_wconf 89' lang='lat' dir='ltr'>colunt.</span> <span class='ocrx_word' id='word_1_216' title='bbox 838 2347 967 2423; x_wconf 82' lang='lat' dir='ltr'>virgines</span> <span class='ocrx_word' id='word_1_217' title='bbox 988 2345 1121 2406; x_wconf 81' lang='lat' dir='ltr'>ferebant</span> 
     </span>
     <span class='ocr_line' id='line_1_27' title="bbox 117 2429 1120 2510; baseline -0.005 -17"><span class='ocrx_word' id='word_1_218' title='bbox 117 2450 169 2493; x_wconf 90' lang='lat' dir='ltr'>eas</span> <span class='ocrx_word' id='word_1_219' title='bbox 190 2431 324 2510; x_wconf 89' lang='lat' dir='ltr'>hospitiis</span> <span class='ocrx_word' id='word_1_220' title='bbox 345 2433 473 2508; x_wconf 88' lang='lat' dir='ltr'>gentium</span> <span class='ocrx_word' id='word_1_221' title='bbox 495 2448 550 2510; x_wconf 87' lang='lat' dir='ltr'>per</span> <span class='ocrx_word' id='word_1_222' title='bbox 565 2447 657 2491; x_wconf 87' lang='lat' dir='ltr'>suros</span> <span class='ocrx_word' id='word_1_223' title='bbox 672 2430 782 2510; x_wconf 88' lang='lat' dir='ltr'>aliquot</span> <span class='ocrx_word' id='word_1_224' title='bbox 798 2429 1001 2506; x_wconf 86' lang='lat' dir='ltr'>venerabiles,</span> <span class='ocrx_word' id='word_1_225' title='bbox 1025 2429 1120 2490; x_wconf 89' lang='lat' dir='ltr'>donec</span> 
     </span>
     <span class='ocr_line' id='line_1_28' title="bbox 115 2513 1120 2594; baseline -0.002 -20"><span class='ocrx_word' id='word_1_226' title='bbox 115 2515 224 2575; x_wconf 89' lang='lat' dir='ltr'>violata</span> <span class='ocrx_word' id='word_1_227' title='bbox 248 2515 304 2574; x_wconf 86' lang='lat' dir='ltr'>irde</span> <span class='ocrx_word' id='word_1_228' title='bbox 329 2517 357 2574; x_wconf 93' lang='lat' dir='ltr'>in</span> <span class='ocrx_word' id='word_1_229' title='bbox 379 2517 529 2594; x_wconf 89' lang='lat' dir='ltr'>proxumis</span> <span class='ocrx_word' id='word_1_230' title='bbox 555 2515 721 2575; x_wconf 77' lang='lat' dir='ltr'>adcolarum</span> <span class='ocrx_word' id='word_1_231' title='bbox 747 2513 850 2573; x_wconf 89' lang='lat' dir='ltr'>finibus</span> <span class='ocrx_word' id='word_1_232' title='bbox 871 2514 1021 2592; x_wconf 89' lang='lat' dir='ltr'>deponere</span> <span class='ocrx_word' id='word_1_233' title='bbox 1037 2531 1120 2573; x_wconf 89' lang='lat' dir='ltr'>secra</span> 
     </span>
     <span class='ocr_line' id='line_1_29' title="bbox 117 2597 1192 2680; baseline -0.004 -22"><span class='ocrx_word' id='word_1_234' title='bbox 117 2617 152 2658; x_wconf 86' lang='lat' dir='ltr'>ea</span> <span class='ocrx_word' id='word_1_235' title='bbox 169 2599 336 2674; x_wconf 89' lang='lat' dir='ltr'>instituere,</span> <span class='ocrx_word' id='word_1_236' title='bbox 354 2597 442 2680; x_wconf 88' lang='lat' dir='ltr'>bique</span> <span class='ocrx_word' id='word_1_237' title='bbox 458 2600 494 2659; x_wconf 92' lang='lat' dir='ltr'>ad</span> <span class='ocrx_word' id='word_1_238' title='bbox 510 2599 707 2658; x_wconf 88' lang='lat' dir='ltr'>conterminos</span> <span class='ocrx_word' id='word_1_239' title='bbox 722 2599 851 2676; x_wconf 80' lang='lat' dir='ltr'>deferre,</span> <span class='ocrx_word' id='word_1_240' title='bbox 868 2607 954 2677; x_wconf 87' lang='lat' dir='ltr'>utque</span> <span class='ocrx_word' id='word_1_241' title='bbox 970 2600 1008 2658; x_wconf 90' lang='lat' dir='ltr'>ita</span> <span class='ocrx_word' id='word_1_242' title='bbox 1023 2597 1120 2657; x_wconf 89' lang='lat' dir='ltr'>Delon</span> <span class='ocrx_word' id='word_1_243' title='bbox 1189 2611 1192 2622; x_wconf 73' lang='grc'><em>’</em></span> 
     </span>
     <span class='ocr_line' id='line_1_30' title="bbox 117 2681 1118 2761; baseline -0.004 -19"><span class='ocrx_word' id='word_1_244' title='bbox 117 2699 221 2761; x_wconf 89' lang='lat' dir='ltr'>nsque.</span> <span class='ocrx_word' id='word_1_245' title='bbox 251 2698 319 2740; x_wconf 91' lang='lat' dir='ltr'>mox</span> <span class='ocrx_word' id='word_1_246' title='bbox 340 2691 375 2740; x_wconf 89' lang='lat' dir='ltr'>·et</span> <span class='ocrx_word' id='word_1_247' title='bbox 396 2681 454 2741; x_wconf 90' lang='lat' dir='ltr'>hoc</span> <span class='ocrx_word' id='word_1_248' title='bbox 477 2683 571 2760; x_wconf 93' lang='lat' dir='ltr'>ipsum</span> <span class='ocrx_word' id='word_1_249' title='bbox 594 2682 734 2742; x_wconf 75' lang='lat' dir='ltr'>exolevit.</span> <span class='ocrx_word' id='word_1_250' title='bbox 773 2683 948 2758; x_wconf 86' lang='lat' dir='ltr'>Sarmatiae,</span> <span class='ocrx_word' id='word_1_251' title='bbox 970 2681 1118 2756; x_wconf 73' lang='lat' dir='ltr'>Scythiae,</span> 
     </span>
     <span class='ocr_line' id='line_1_31' title="bbox 80 2762 1120 2843; baseline -0.003 -18"><span class='ocrx_word' id='word_1_252' title='bbox 80 2785 108 2825; x_wconf 87' lang='lat' dir='ltr'>ao</span> <span class='ocrx_word' id='word_1_253' title='bbox 120 2765 278 2839; x_wconf 80' lang='lat' dir='ltr'>Tauricae,</span> <span class='ocrx_word' id='word_1_254' title='bbox 307 2766 456 2843; x_wconf 76' lang='lat' dir='ltr'>omnisque</span> <span class='ocrx_word' id='word_1_255' title='bbox 482 2783 499 2825; x_wconf 90' lang='lat' dir='ltr'>a</span> <span class='ocrx_word' id='word_1_256' title='bbox 521 2765 702 2841; x_wconf 73' lang='lat' dir='ltr'>Borysthene</span> <span class='ocrx_word' id='word_1_257' title='bbox 729 2783 811 2824; x_wconf 90' lang='lat' dir='ltr'>amne</span> <span class='ocrx_word' id='word_1_258' title='bbox 837 2773 945 2823; x_wconf 89' lang='lat' dir='ltr'>tractus</span> <span class='ocrx_word' id='word_1_259' title='bbox 971 2762 1120 2842; x_wconf 81' lang='lat' dir='ltr'>longitudo</span> 
     </span>
     <span class='ocr_line' id='line_1_32' title="bbox 118 2845 1180 2925; baseline 0.004 -16"><span class='ocrx_word' id='word_1_260' title='bbox 118 2845 422 2924; x_wconf 63' lang='lat' dir='ltr'>bcccctxxxtt</span> <span class='ocrx_word' id='word_1_261' title='bbox 448 2849 567 2909; x_wconf 89' lang='lat' dir='ltr'>latitudo</span> <span class='ocrx_word' id='word_1_262' title='bbox 588 2847 750 2908; x_wconf 80' lang='lat' dir='ltr'>cccxvtt</span> <span class='ocrx_word' id='word_1_263' title='bbox 770 2847 800 2906; x_wconf 87' lang='grc' dir='ltr'><strong>Μ</strong></span> <span class='ocrx_word' id='word_1_264' title='bbox 821 2866 837 2907; x_wconf 88' lang='lat' dir='ltr'>a</span> <span class='ocrx_word' id='word_1_265' title='bbox 862 2846 899 2907; x_wconf 93' lang='grc' dir='ltr'>Μ.</span> <span class='ocrx_word' id='word_1_266' title='bbox 916 2846 1049 2925; x_wconf 85' lang='lat' dir='ltr'>Agrippa</span> <span class='ocrx_word' id='word_1_267' title='bbox 1063 2854 1120 2913; x_wconf 79' lang='lat' dir='ltr'>trc-</span> <span class='ocrx_word' id='word_1_268' title='bbox 1176 2849 1180 2853; x_wconf 69' lang='grc'><strong>’</strong></span> 
     </span>
     <span class='ocr_line' id='line_1_33' title="bbox 118 2932 1121 3009; baseline -0.004 -17"><span class='ocrx_word' id='word_1_269' title='bbox 118 2933 177 2992; x_wconf 88' lang='lat' dir='ltr'>dita</span> <span class='ocrx_word' id='word_1_270' title='bbox 203 2941 257 2991; x_wconf 90' lang='lat' dir='ltr'>est.</span> <span class='ocrx_word' id='word_1_271' title='bbox 295 2949 354 3009; x_wconf 89' lang='lat' dir='ltr'>ego</span> <span class='ocrx_word' id='word_1_272' title='bbox 380 2934 519 2993; x_wconf 89' lang='lat' dir='ltr'>incertam</span> <span class='ocrx_word' id='word_1_273' title='bbox 543 2933 573 2991; x_wconf 92' lang='lat' dir='ltr'>in</span> <span class='ocrx_word' id='word_1_274' title='bbox 598 2932 655 2992; x_wconf 90' lang='lat' dir='ltr'>bac</span> <span class='ocrx_word' id='word_1_275' title='bbox 683 2939 824 2991; x_wconf 85' lang='lat' dir='ltr'>terrarum</span> <span class='ocrx_word' id='word_1_276' title='bbox 849 2939 933 3008; x_wconf 86' lang='lat' dir='ltr'>parte</span> <span class='ocrx_word' id='word_1_277' title='bbox 958 2947 1121 2990; x_wconf 88' lang='lat' dir='ltr'>mensuram</span> 
     </span>
     <span class='ocr_line' id='line_1_34' title="bbox 119 3015 688 3077; baseline -0.004 0"><span class='ocrx_word' id='word_1_278' title='bbox 119 3015 254 3077; x_wconf 89' lang='lat' dir='ltr'>arbitror.</span> <span class='ocrx_word' id='word_1_279' title='bbox 686 3031 688 3038; x_wconf 81' lang='grc'><strong>’</strong></span> 
     </span>
     <span class='ocr_line' id='line_1_35' title="bbox 181 3096 1119 3177; baseline -0.001 -20"><span class='ocrx_word' id='word_1_280' title='bbox 181 3098 266 3177; x_wconf 83' lang='grc'>(27.)</span> <span class='ocrx_word' id='word_1_281' title='bbox 281 3100 389 3159; x_wconf 88' lang='lat' dir='ltr'>Vemm</span> <span class='ocrx_word' id='word_1_282' title='bbox 411 3100 539 3159; x_wconf 88' lang='lat' dir='ltr'>instituto</span> <span class='ocrx_word' id='word_1_283' title='bbox 563 3099 664 3158; x_wconf 92' lang='lat' dir='ltr'>ordine</span> <span class='ocrx_word' id='word_1_284' title='bbox 687 3098 800 3175; x_wconf 90' lang='lat' dir='ltr'>reliqua</span> <span class='ocrx_word' id='word_1_285' title='bbox 819 3096 901 3156; x_wconf 90' lang='lat' dir='ltr'>buius</span> <span class='ocrx_word' id='word_1_286' title='bbox 925 3097 1119 3158; x_wconf 82' lang='lat' dir='ltr'>sirms&#39;dican·</span> 
     </span>
     <span class='ocr_line' id='line_1_36' title="bbox 82 3182 948 3260; baseline -0.007 -16"><span class='ocrx_word' id='word_1_287' title='bbox 82 3193 181 3258; x_wconf 78' lang='lat' dir='ltr'>astur,</span> <span class='ocrx_word' id='word_1_288' title='bbox 199 3190 229 3241; x_wconf 89' lang='lat' dir='ltr'>et</span> <span class='ocrx_word' id='word_1_289' title='bbox 243 3185 332 3242; x_wconf 86' lang='lat' dir='ltr'>maria</span> <span class='ocrx_word' id='word_1_290' title='bbox 349 3182 465 3260; x_wconf 89' lang='lat' dir='ltr'>quidem</span> <span class='ocrx_word' id='word_1_291' title='bbox 483 3183 797 3258; x_wconf 80' lang='lat' dir='ltr'>eius&#39;nuucupavimus.</span> <span class='ocrx_word' id='word_1_292' title='bbox 837 3202 841 3214; x_wconf 53' lang='lat'>,</span> <span class='ocrx_word' id='word_1_293' title='bbox 947 3197 948 3202; x_wconf 50' lang='lat'>¹</span> 
     </span>
     <span class='ocr_line' id='line_1_37' title="bbox 183 3261 1164 3342; baseline -0.002 -16"><span class='ocrx_word' id='word_1_294' title='bbox 183 3265 231 3326; x_wconf 84' lang='lat'>13.</span> <span class='ocrx_word' id='word_1_295' title='bbox 255 3264 464 3342; x_wconf 88' lang='lat' dir='ltr'>Hellespontus</span> <span class='ocrx_word' id='word_1_296' title='bbox 486 3265 596 3324; x_wconf 89' lang='lat' dir='ltr'>insulas</span> <span class='ocrx_word' id='word_1_297' title='bbox 619 3281 677 3323; x_wconf 92' lang='lat' dir='ltr'>non</span> <span class='ocrx_word' id='word_1_298' title='bbox 692 3263 780 3323; x_wconf 90' lang='lat' dir='ltr'>babet</span> <span class='ocrx_word' id='word_1_299' title='bbox 795 3265 823 3322; x_wconf 88' lang='lat' dir='ltr'>in</span> <span class='ocrx_word' id='word_1_300' title='bbox 838 3261 954 3341; x_wconf 82' lang='lat' dir='ltr'>Europa</span> <span class='ocrx_word' id='word_1_301' title='bbox 972 3264 1164 3325; x_wconf 65' lang='lat' dir='ltr'>discalceat</span> 
     </span>
     <span class='ocr_line' id='line_1_38' title="bbox 119 3345 1120 3428; baseline -0.006 -18"><span class='ocrx_word' id='word_1_302' title='bbox 119 3351 148 3410; x_wconf 91' lang='lat' dir='ltr'>iu</span> <span class='ocrx_word' id='word_1_303' title='bbox 170 3351 262 3409; x_wconf 87' lang='lat' dir='ltr'>Ponto</span> <span class='ocrx_word' id='word_1_304' title='bbox 284 3349 376 3422; x_wconf 88' lang='lat' dir='ltr'>duae,</span> <span class='ocrx_word' id='word_1_305' title='bbox 402 3347 431 3406; x_wconf 91' lang='grc' dir='ltr'><strong>Μ</strong></span> <span class='ocrx_word' id='word_1_306' title='bbox 451 3347 477 3406; x_wconf 84' lang='grc' dir='ltr'>Ι)</span> <span class='ocrx_word' id='word_1_307' title='bbox 498 3365 577 3428; x_wconf 91' lang='lat' dir='ltr'>pass.</span> <span class='ocrx_word' id='word_1_308' title='bbox 602 3347 638 3408; x_wconf 90' lang='lat' dir='ltr'>ab</span> <span class='ocrx_word' id='word_1_309' title='bbox 662 3346 796 3426; x_wconf 82' lang='lat' dir='ltr'>Europa,</span> <span class='ocrx_word' id='word_1_310' title='bbox 821 3345 903 3407; x_wconf 92' lang='lat' dir='ltr'>Xllll</span> <span class='ocrx_word' id='word_1_311' title='bbox 924 3345 954 3406; x_wconf 90' lang='grc' dir='ltr'><strong>Μ</strong></span> <span class='ocrx_word' id='word_1_312' title='bbox 974 3346 1010 3406; x_wconf 93' lang='lat' dir='ltr'>ab</span> <span class='ocrx_word' id='word_1_313' title='bbox 1034 3347 1120 3421; x_wconf 89' lang='lat' dir='ltr'>ostio,</span> 
     </span>
     <span class='ocr_line' id='line_1_39' title="bbox 121 3429 1120 3512; baseline -0.007 -18"><span class='ocrx_word' id='word_1_314' title='bbox 121 3431 275 3510; x_wconf 72' lang='lat' dir='ltr'>Cyaneae,</span> <span class='ocrx_word' id='word_1_315' title='bbox 290 3432 327 3492; x_wconf 91' lang='lat' dir='ltr'>ab</span> <span class='ocrx_word' id='word_1_316' title='bbox 342 3432 406 3494; x_wconf 89' lang='lat' dir='ltr'>aliis</span> <span class='ocrx_word' id='word_1_317' title='bbox 421 3432 636 3512; x_wconf 72' lang='lat' dir='ltr'>Symplegades</span> <span class='ocrx_word' id='word_1_318' title='bbox 652 3430 829 3512; x_wconf 86' lang='lat' dir='ltr'>appellatae,</span> <span class='ocrx_word' id='word_1_319' title='bbox 842 3431 1025 3510; x_wconf 88' lang='lat' dir='ltr'>traditaeque</span> <span class='ocrx_word' id='word_1_320' title='bbox 1040 3429 1120 3492; x_wconf 85' lang='lat' dir='ltr'>tabu-</span> 
     </span>
    </p>
   </div>
   <div class='ocr_carea' id='block_1_3' title="bbox 0 0 1284 3842">
    <p class='ocr_par' dir='ltr' id='par_1_3' title="bbox 0 0 1284 3842">
     <span class='ocr_line' id='line_1_40' title="bbox 0 0 1284 3842; baseline 0 0"><span class='ocrx_word' id='word_1_321' title='bbox 0 0 1284 3842; x_wconf 95' lang='lat' dir='ltr'> </span> 
     </span>
    </p>
   </div>
  </div>
 </body>
</html>
