2542 3842
296 190 377 239 aar.
394 189 485 241 meu.
500 188 538 238 rr.
561 184 682 243 ou—tt.
699 177 870 260 (oa-te)
1039 178 1097 243 toti

95 343 259 420 eademque
284 344 314 402 in
335 344 435 404 Sicilia
457 344 606 405 exoriens.
637 345 717 405 Solis
737 343 882 404 deiectum
902 344 1044 425 Vipstano
1068 356 1099 408 et

94 428 218 488 Fonteio
232 444 322 501 coss,
341 427 389 504 qui
401 428 485 488 inere
500 438 566 491 ante
579 445 691 505 paucos
704 444 804 501 annos,
820 427 925 488 iactam
939 432 1032 509 pridie
1046 431 1098 491 ka-

94 510 199 571 lendas
214 508 305 571 Maias
321 508 477 588 Campania
492 508 563 571 bora
585 512 644 569 diei
659 512 735 570 inter
749 519 906 587 septumum
922 521 951 571 et
966 524 1098 575 octauam

96 594 202 667 sensit,
227 590 357 652 Corbulo
379 594 438 653 dux
457 594 636 653 inarmonia
660 596 736 652 inter
757 593 857 653 boram
872 595 930 653 diei
950 596 1098 657 decumam

74 680 128 744 rei
147 676 328 736 undecimam
349 677 476 759 prodidit
494 679 586 737 visum
609 678 729 737 circuitu
750 677 834 753 globi
855 677 911 737 alia
932 678 996 738 aliis
1017 681 1098 740 dete·

97 769 186 837 gente
204 769 233 819 et
249 760 422 820 occultante.
446 760 537 841 ‚Quod
553 762 577 819 si
592 760 678 838 plana
694 770 775 820 esset
789 770 885 837 terra,
907 761 990 821 simul
1006 764 1102 823 omnia
1174 800 1177 807 ·

96 844 273 922 adparerent
294 846 422 919 eunctis,
444 854 604 921 noctesque
626 862 684 904 non
706 844 811 903 tierent
830 845 1010 921 inaequales.
1036 862 1101 904 nam

96 944 193 1004 aeque
214 926 278 987 aliis
300 944 385 1006 quam
401 929 430 987 in
445 928 542 987 medio
564 929 625 987 sitis
640 930 721 1007 paria
737 928 891 989 duodecim
907 928 1042 988 horarum
1058 929 1099 986 in·

95 1010 220 1069 turcella
246 1020 450 1087 cernerentur,
478 1028 551 1089 quac
575 1028 651 1071 nunc
674 1028 732 1071 nou
753 1012 782 1071 in
806 1012 883 1071 omni
908 1021 992 1091 parte
1015 1011 1100 1072 simili

60 1093 185 1155 romodo
202 1102 370 1170 congruunt.
1058 1153 1060 1158 ,

158 1176 209 1235 71.
228 1177 311 1254 (73.)
328 1177 398 1237 ldeo
414 1194 470 1237 aec
485 1193 543 1236 nox
566 1178 705 1255 diesque,
731 1178 859 1255 quamvis
875 1177 993 1253 eadem,
1016 1186 1077 1238 toto
1090 1185 1140 1241 181

96 1260 171 1319 orbe
188 1259 271 1319 simul
288 1270 348 1335 est,
366 1262 502 1339 oppositu
517 1259 598 1337 globi
609 1270 729 1319 noctem
742 1269 790 1319 eat
804 1259 911 1319 ambitu
927 1260 1004 1320 diem
1018 1261 1098 1319 adie-

94 1352 191 1403 rente.
217 1343 314 1403 blultis
329 1344 386 1403 hoo
402 1346 545 1420 cognitum
561 1344 779 1422 experimentis,
796 1344 825 1401 in
832 1342 938 1403 'Africa
950 1343 1099 1422 Hispania·

97 1446 155 1504 que
173 1428 291 1487 turrium
305 1426 483 1503 Hannibalis,
501 1429 528 1485 in
543 1426 613 1487 Asia
628 1443 704 1487 vero
717 1436 839 1504 propter
853 1428 992 1504 piraticos
1007 1437 1099 1486 terro·

58 1532 85 1572 15
97 1530 149 1571 res
174 1511 258 1571 simili
282 1512 465 1589 specularum
485 1511 631 1589 praesidio
656 1511 800 1585 excitato,
823 1511 937 1588 inquis
958 1527 1099 1588 praenun-

95 1597 155 1655 tios
170 1595 244 1670 ignis
262 1604 350 1653 sexta
361 1594 433 1654 hora
450 1596 507 1654 diei
523 1610 666 1654 accensos
681 1610 772 1672 saepe
789 1602 959 1670 conpertam
982 1602 1027 1653 est
1042 1603 1099 1652 ter·

45 1714 47 1726 ,
96 1680 137 1738 tia
158 1679 253 1738 noctis
274 1696 291 1737 a
309 1687 395 1753 tergo
418 1679 523 1738 ultimis
545 1678 635 1737 visos.
666 1674 804 1736 Eiusdem
819 1676 979 1736 Alexandri
999 1692 1102 1736 cursor

96 1760 266 1821 Philonides
287 1778 326 1819 ex
341 1760 468 1837 Sicyone
484 1760 559 1820 Elim
579 1760 659 1820 mille
686 1768 716 1819 et
734 1761 859 1819 ducenta
880 1760 971 1820 stadia
996 1777 1101 1819 norem

98 1846 158 1903 diei
174 1845 300 1904 coniecit
314 1844 410 1920 boris,
431 1846 573 1922 indeque,
598 1844 727 1921 quamvis
743 1842 850 1903 declivi
871 1844 992 1918 itinere,
1015 1844 1101 1903 tertia

59 1941 87 1983 ro
98 1930 195 1988 noctis
210 1926 282 1987 lrora
292 1946 443 1989 remensus
459 1937 504 1987 est
519 1928 646 2005 saepius.
663 1945 765 2002 causa,
778 1927 856 2005 quod
868 1928 945 1986 eunti
961 1945 1024 1986 cam
1037 1927 1100 1986 sole

96 2014 154 2071 iter
171 2020 244 2087 erat,
263 2012 386 2072 eundem
401 2028 535 2073 remeans
551 2010 667 2077 obvium
686 2012 832 2070 contrario
849 2009 1103 2088 praetervertebat

97 2113 232 2155 occursu.
259 2095 367 2172 quade
386 2112 471 2155 caasa
487 2094 523 2154 ad
540 2110 675 2155 occasum
690 2096 872 2167 navigantes,
890 2094 1019 2167 quamvis
1035 2090 1101 2150 bre·

95 2178 217 2239 vissimo
236 2178 299 2253 die,
321 2179 437 2238 vineunt
459 2178 552 2256 spatia
571 2185 729 2234 nocturnae
751 2174 942 2250 navigationis
959 2182 989 2231 ot
1008 2174 1102 2231 solem

96 2264 191 2341 ipsum
210 2262 388 2321 comitantes.
1015 2286 1022 2297 s
1102 2329 1104 2336 ¹

60 2361 86 2400 us
163 2344 214 2404 72.
232 2344 316 2422 (74.)
334 2342 470 2422 Vanaque
490 2340 686 2418 horoscopica
703 2356 760 2399 non
776 2338 885 2417 ubique
900 2336 1003 2398 cadem
1018 2344 1082 2394 sunt
1094 2340 1146 2397 182

96 2428 178 2501 usai,
197 2428 226 2485 in
242 2428 369 2487 trecenis
383 2428 493 2503 stadiis,
511 2433 602 2487 artat
617 2424 786 2500 longissime
803 2424 831 2482 in
847 2421 1026 2501 quingentis,
1043 2437 1102 2479 mu·

96 2510 226 2571 tentibus
242 2521 335 2569 semet
346 2510 452 2571 umbris
464 2510 546 2569 solis.
563 2508 664 2586 ltaque
676 2506 804 2568 umbilici
816 2507 918 2585 (quem
928 2519 1102 2582 gnomonem

96 2594 266 2672 appellant)
291 2594 389 2655 umbra
413 2594 442 2653 in
456 2592 594 2671 Aegypto
617 2592 774 2651 meridiano
790 2599 922 2668 tempore
938 2587 1103 2665 aequinocti

98 2680 146 2738 die
161 2677 251 2755 paulo
267 2677 332 2753 plns
348 2674 432 2755 quani
448 2676 590 2737 dimidiam
606 2675 757 2752 gnomonis
772 2689 936 2733 mensnram
953 2670 1058 2740 eflicit,
1075 2669 1103 2726 in
1195 2746 1200 2750 ι

60 2779 88 2821 ao
98 2761 172 2821 urbe
188 2759 281 2819 Roma
295 2777 370 2820 nona
386 2777 454 2839 pars
470 2760 620 2836 gnomonis
636 2759 722 2817 deest
734 2757 864 2827 umbrae,
880 2756 909 2811 in
924 2752 1032 2829 oppido
1044 2750 1102 2808 An-

98 2862 173 2904 cona
187 2852 324 2922 superest
339 2845 612 2921 quintatrioesima,
629 2842 658 2900 in
675 2849 757 2917 parte
773 2838 874 2897 ltaliae
890 2851 965 2913 quae
980 2833 1103 2892 Venetia

97 2926 266 3006 appellatur
280 2926 383 2986 iisdem
398 2928 477 2987 horis
492 2926 592 2985 umbra
604 2924 741 2998 gnomoni
756 2939 809 2998 par
825 2921 865 2978 lit.

158 3010 209 3069 73.
228 3009 312 3087 (75.)
335 3010 426 3069 Simili
447 3009 533 3069 modo
556 3007 670 3067 tradunt
690 3005 719 3063 in
740 3003 837 3076 Syene
856 2998 981 3077 oppido,
1005 2998 1082 3076 qood
1095 3009 1146 3064 183

99 3102 145 3152 est
162 3107 251 3170 supra
269 3091 474 3153 Alexandriam
490 3093 615 3169 quinque
636 3087 752 3164 milibus
773 3084 910 3158 stadium,
935 3082 1040 3141 solstiti
1056 3082 1104 3142 die

61 3176 195 3237 remedio
211 3175 318 3235 nullam
333 3176 462 3235 umbram
476 3175 544 3248 iaci,
561 3181 737 3250 puteumque
753 3167 816 3226 eins
832 3165 1023 3245 experimenti
1037 3181 1102 3240 gra·

98 3262 135 3319 tia
151 3260 262 3319 factum
282 3267 372 3318 totum
394 3257 562 3317 inluminari.
593 3272 631 3314 ex
649 3270 706 3332 quo
722 3250 866 3328 adparere
880 3259 939 3309 tum
954 3250 1047 3308 solem
1062 3245 1103 3304 illi

99 3342 167 3401 loco
184 3358 273 3418 supra
289 3342 430 3401 verticem
447 3356 531 3413 esse,
549 3337 627 3416 quod
644 3336 715 3395 etin
732 3333 811 3394 lndia
827 3351 914 3411 supra
928 3331 1032 3391 flumen
1046 3328 1102 3402 lly-

95 3426 192 3505 pasim
208 3424 273 3485 lieri
287 3432 421 3503 tempore
438 3422 543 3484 eodem
555 3418 735 3481 Onesicritus
745 3416 856 3477 scribit.
883 3413 1060 3489 Constatque
1075 3410 1104 3467 in
