<?xml version="1.0" encoding="UTF-8"?>
<!DOCTYPE html PUBLIC "-//W3C//DTD XHTML 1.0 Transitional//EN"
    "http://www.w3.org/TR/xhtml1/DTD/xhtml1-transitional.dtd">
<html xmlns="http://www.w3.org/1999/xhtml" xml:lang="en" lang="en">
 <head>
  <title>
</title>
<meta http-equiv="Content-Type" content="text/html;charset=utf-8" />
  <meta name='ocr-system' content='tesseract 3.04.00' />
  <meta name='ocr-capabilities' content='ocr_page ocr_carea ocr_par ocr_line ocrx_word'/>
</head>
<body>
  <div class='ocr_page' id='page_1' title='image "./cplinisecundina25plingoog_0501.png"; bbox 0 0 2542 3842; ppageno 0'>
   <div class='ocr_carea' id='block_1_1' title="bbox 333 126 1126 233">
    <p class='ocr_par' dir='ltr' id='par_1_1' title="bbox 333 126 1126 233">
     <span class='ocr_line' id='line_1_1' title="bbox 333 126 1126 233; baseline 0.01 -22"><span class='ocrx_word' id='word_1_1' title='bbox 333 140 413 211; x_wconf 76' lang='lat' dir='ltr'><strong>unu.</strong></span> <span class='ocrx_word' id='word_1_2' title='bbox 435 164 525 213; x_wconf 82' lang='lat' dir='ltr'><strong>aran.</strong></span> <span class='ocrx_word' id='word_1_3' title='bbox 544 164 592 219; x_wconf 76' lang='grc' dir='ltr'>ιιι.</span> <span class='ocrx_word' id='word_1_4' title='bbox 613 152 907 233; x_wconf 80' lang='lat' dir='ltr'><strong>1o-m.(1o-14.)</strong></span> <span class='ocrx_word' id='word_1_5' title='bbox 1057 126 1126 219; x_wconf 48' lang='lat' dir='ltr'><strong>&#39;bod</strong></span> 
     </span>
    </p>
   </div>
   <div class='ocr_carea' id='block_1_2' title="bbox 9 316 1233 3425">
    <p class='ocr_par' dir='ltr' id='par_1_2' title="bbox 9 316 1233 3425">
     <span class='ocr_line' id='line_1_2' title="bbox 138 316 1226 401; baseline 0.004 -24"><span class='ocrx_word' id='word_1_6' title='bbox 138 390 141 401; x_wconf 30' lang='lat'><em>¹</em></span> <span class='ocrx_word' id='word_1_7' title='bbox 185 316 256 398; x_wconf 78' lang='grc'>(1·2)</span> <span class='ocrx_word' id='word_1_8' title='bbox 268 316 388 395; x_wconf 78' lang='lat' dir='ltr'><strong>,Regias</strong></span> <span class='ocrx_word' id='word_1_9' title='bbox 408 317 631 397; x_wconf 73' lang='lat' dir='ltr'><strong>imperatoribus</strong></span> <span class='ocrx_word' id='word_1_10' title='bbox 655 318 758 377; x_wconf 84' lang='lat' dir='ltr'><strong>inturis</strong></span> <span class='ocrx_word' id='word_1_11' title='bbox 776 320 806 378; x_wconf 89' lang='lat' dir='ltr'><strong>in</strong></span> <span class='ocrx_word' id='word_1_12' title='bbox 825 320 978 397; x_wconf 85' lang='lat' dir='ltr'><strong>imaparte</strong></span> <span class='ocrx_word' id='word_1_13' title='bbox 993 318 1051 381; x_wconf 83' lang='lat' dir='ltr'><strong>aivi</strong></span> <span class='ocrx_word' id='word_1_14' title='bbox 1068 331 1165 389; x_wconf 69' lang='lat' dir='ltr'><strong>eru-29</strong></span> <span class='ocrx_word' id='word_1_15' title='bbox 1224 319 1226 322; x_wconf 78' lang='grc'><strong>’</strong></span> 
     </span>
     <span class='ocr_line' id='line_1_3' title="bbox 119 400 1121 481; baseline 0.003 -19"><span class='ocrx_word' id='word_1_16' title='bbox 119 409 231 463; x_wconf 89' lang='lat' dir='ltr'><strong>struunt</strong></span> <span class='ocrx_word' id='word_1_17' title='bbox 253 401 380 481; x_wconf 87' lang='lat' dir='ltr'><strong>amplas,</strong></span> <span class='ocrx_word' id='word_1_18' title='bbox 398 400 582 479; x_wconf 79' lang='lat' dir='ltr'><strong>magnificas,</strong></span> <span class='ocrx_word' id='word_1_19' title='bbox 605 410 773 481; x_wconf 84' lang='lat' dir='ltr'><strong>separatas,</strong></span> <span class='ocrx_word' id='word_1_20' title='bbox 789 403 946 463; x_wconf 81' lang='lat' dir='ltr'><strong>tuberculo</strong></span> <span class='ocrx_word' id='word_1_21' title='bbox 961 405 1121 465; x_wconf 70' lang='lat' dir='ltr'><strong>emiseritis.</strong></span> 
     </span>
     <span class='ocr_line' id='line_1_4' title="bbox 119 478 1123 567; baseline 0.005 -22"><span class='ocrx_word' id='word_1_22' title='bbox 119 486 254 564; x_wconf 78' lang='lat' dir='ltr'><strong>quodsi</strong></span> <span class='ocrx_word' id='word_1_23' title='bbox 281 486 472 565; x_wconf 73' lang='lat' dir='ltr'>exprimatur,</span> <span class='ocrx_word' id='word_1_24' title='bbox 500 501 558 546; x_wconf 87' lang='lat' dir='ltr'><strong>non</strong></span> <span class='ocrx_word' id='word_1_25' title='bbox 584 488 739 564; x_wconf 77' lang='lat' dir='ltr'><strong>gignuntur</strong></span> <span class='ocrx_word' id='word_1_26' title='bbox 764 478 895 549; x_wconf 79' lang='lat' dir='ltr'><strong>suboles.</strong></span> <span class='ocrx_word' id='word_1_27' title='bbox 936 488 1123 567; x_wconf 63' lang='lat' dir='ltr'><strong>&amp;xanguine</strong></span> 
     </span>
     <span class='ocr_line' id='line_1_5' title="bbox 118 570 1121 650; baseline 0.005 -21"><span class='ocrx_word' id='word_1_28' title='bbox 118 587 220 630; x_wconf 89' lang='lat' dir='ltr'><strong>omnes</strong></span> <span class='ocrx_word' id='word_1_29' title='bbox 244 570 339 629; x_wconf 87' lang='lat' dir='ltr'><strong>cellae</strong></span> <span class='ocrx_word' id='word_1_30' title='bbox 355 588 370 629; x_wconf 88' lang='lat' dir='ltr'><strong>a</strong></span> <span class='ocrx_word' id='word_1_31' title='bbox 389 571 565 648; x_wconf 79' lang='lat' dir='ltr'><strong>singulorum</strong></span> <span class='ocrx_word' id='word_1_32' title='bbox 576 571 681 650; x_wconf 89' lang='lat' dir='ltr'><strong>pedum</strong></span> <span class='ocrx_word' id='word_1_33' title='bbox 699 588 802 649; x_wconf 86' lang='lat' dir='ltr'><strong>opcre.</strong></span> <span class='ocrx_word' id='word_1_34' title='bbox 834 570 913 631; x_wconf 84' lang='lat' dir='ltr'><strong>Nihil</strong></span> <span class='ocrx_word' id='word_1_35' title='bbox 927 570 1028 633; x_wconf 82' lang='lat' dir='ltr'><strong>bomm</strong></span> <span class='ocrx_word' id='word_1_36' title='bbox 1045 582 1121 634; x_wconf 87' lang='lat' dir='ltr'><strong>stato</strong></span> 
     </span>
     <span class='ocr_line' id='line_1_6' title="bbox 94 651 1121 733; baseline 0.01 -26"><span class='ocrx_word' id='word_1_37' title='bbox 94 664 260 733; x_wconf 80' lang='lat' dir='ltr'><strong>atempore,</strong></span> <span class='ocrx_word' id='word_1_38' title='bbox 274 655 455 733; x_wconf 55' lang='lat' dir='ltr'><strong>sedfraptunt</strong></span> <span class='ocrx_word' id='word_1_39' title='bbox 468 655 571 717; x_wconf 87' lang='lat' dir='ltr'><strong>diebus</strong></span> <span class='ocrx_word' id='word_1_40' title='bbox 583 656 696 715; x_wconf 88' lang='lat' dir='ltr'><strong>serenis</strong></span> <span class='ocrx_word' id='word_1_41' title='bbox 707 658 811 715; x_wconf 87' lang='lat' dir='ltr'><strong>munia.</strong></span> <span class='ocrx_word' id='word_1_42' title='bbox 844 651 1000 715; x_wconf 80' lang='lat' dir='ltr'><strong>malleone</strong></span> <span class='ocrx_word' id='word_1_43' title='bbox 1013 657 1121 717; x_wconf 65' lang='lat' dir='ltr'><strong>altero⁴</strong></span> 
     </span>
     <span class='ocr_line' id='line_1_7' title="bbox 9 738 1164 817; baseline 0.004 -17"><span class='ocrx_word' id='word_1_44' title='bbox 9 780 15 789; x_wconf 84' lang='lat'><strong>·</strong></span> <span class='ocrx_word' id='word_1_45' title='bbox 118 758 154 800; x_wconf 86' lang='lat' dir='ltr'><strong>vc</strong></span> <span class='ocrx_word' id='word_1_46' title='bbox 179 754 316 799; x_wconf 88' lang='lat' dir='ltr'><strong>summum</strong></span> <span class='ocrx_word' id='word_1_47' title='bbox 337 738 384 799; x_wconf 89' lang='lat' dir='ltr'><strong>die</strong></span> <span class='ocrx_word' id='word_1_48' title='bbox 408 739 499 800; x_wconf 89' lang='lat' dir='ltr'><strong>cellas</strong></span> <span class='ocrx_word' id='word_1_49' title='bbox 520 740 647 817; x_wconf 85' lang='lat' dir='ltr'><strong>replent.</strong></span> <span class='ocrx_word' id='word_1_50' title='bbox 693 738 980 800; x_wconf 66' lang='lat' dir='ltr'><strong>ravenatensis</strong></span> <span class='ocrx_word' id='word_1_51' title='bbox 1002 758 1072 800; x_wconf 82' lang='lat' dir='ltr'><strong>aere</strong></span> <span class='ocrx_word' id='word_1_52' title='bbox 1088 750 1164 806; x_wconf 67' lang='lat' dir='ltr'><strong>etto</strong></span> 
     </span>
     <span class='ocr_line' id='line_1_8' title="bbox 116 822 1171 904; baseline 0 -19"><span class='ocrx_word' id='word_1_53' title='bbox 116 838 250 885; x_wconf 86' lang='lat' dir='ltr'><strong>maxume</strong></span> <span class='ocrx_word' id='word_1_54' title='bbox 266 822 392 883; x_wconf 87' lang='lat' dir='ltr'><strong>siderum</strong></span> <span class='ocrx_word' id='word_1_55' title='bbox 409 833 528 899; x_wconf 87' lang='lat' dir='ltr'><strong>exortu,</strong></span> <span class='ocrx_word' id='word_1_56' title='bbox 546 826 765 904; x_wconf 86' lang='lat' dir='ltr'><strong>praecipueque</strong></span> <span class='ocrx_word' id='word_1_57' title='bbox 779 824 843 903; x_wconf 90' lang='lat' dir='ltr'><strong>ipso</strong></span> <span class='ocrx_word' id='word_1_58' title='bbox 859 825 929 883; x_wconf 88' lang='lat' dir='ltr'><strong>sirio</strong></span> <span class='ocrx_word' id='word_1_59' title='bbox 945 824 1120 902; x_wconf 81' lang='lat' dir='ltr'><strong>exsplende-</strong></span> <span class='ocrx_word' id='word_1_60' title='bbox 1167 865 1171 875; x_wconf 81' lang='lat'><strong>·</strong></span> 
     </span>
     <span class='ocr_line' id='line_1_9' title="bbox 118 908 1233 986; baseline 0.002 -18"><span class='ocrx_word' id='word_1_61' title='bbox 118 916 235 983; x_wconf 89' lang='lat' dir='ltr'><strong>scente,</strong></span> <span class='ocrx_word' id='word_1_62' title='bbox 250 924 305 968; x_wconf 85' lang='lat' dir='ltr'><strong>nec</strong></span> <span class='ocrx_word' id='word_1_63' title='bbox 318 910 431 968; x_wconf 92' lang='lat' dir='ltr'><strong>omnino</strong></span> <span class='ocrx_word' id='word_1_64' title='bbox 444 908 523 986; x_wconf 89' lang='lat' dir='ltr'><strong>prius</strong></span> <span class='ocrx_word' id='word_1_65' title='bbox 539 908 724 985; x_wconf 82' lang='lat' dir='ltr'><strong>vergiliarum</strong></span> <span class='ocrx_word' id='word_1_66' title='bbox 739 917 858 986; x_wconf 85' lang='lat' dir='ltr'><strong>exortu,</strong></span> <span class='ocrx_word' id='word_1_67' title='bbox 870 908 1036 969; x_wconf 75' lang='lat' dir='ltr'><strong>sublucanis</strong></span> <span class='ocrx_word' id='word_1_68' title='bbox 1047 918 1119 968; x_wconf 88' lang='lat' dir='ltr'><strong>tem·</strong></span> <span class='ocrx_word' id='word_1_69' title='bbox 1231 962 1233 970; x_wconf 73' lang='grc'>,</span> 
     </span>
     <span class='ocr_line' id='line_1_10' title="bbox 117 990 1120 1071; baseline -0.001 -19"><span class='ocrx_word' id='word_1_70' title='bbox 117 990 247 1071; x_wconf 88' lang='lat' dir='ltr'><strong>poribus.</strong></span> <span class='ocrx_word' id='word_1_71' title='bbox 281 994 379 1071; x_wconf 89' lang='lat' dir='ltr'><strong>itaque</strong></span> <span class='ocrx_word' id='word_1_72' title='bbox 396 1002 452 1052; x_wconf 85' lang='lat' dir='ltr'><strong>tom</strong></span> <span class='ocrx_word' id='word_1_73' title='bbox 469 994 558 1071; x_wconf 87' lang='lat' dir='ltr'><strong>prima</strong></span> <span class='ocrx_word' id='word_1_74' title='bbox 574 1008 679 1053; x_wconf 88' lang='lat' dir='ltr'><strong>aurora</strong></span> <span class='ocrx_word' id='word_1_75' title='bbox 689 992 760 1053; x_wconf 87' lang='lat' dir='ltr'><strong>iolia</strong></span> <span class='ocrx_word' id='word_1_76' title='bbox 774 992 909 1052; x_wconf 88' lang='lat' dir='ltr'><strong>arborum</strong></span> <span class='ocrx_word' id='word_1_77' title='bbox 923 992 1012 1052; x_wconf 82' lang='lat' dir='ltr'><strong>melle</strong></span> <span class='ocrx_word' id='word_1_78' title='bbox 1027 995 1120 1051; x_wconf 87' lang='lat' dir='ltr'><strong>rosci-</strong></span> 
     </span>
     <span class='ocr_line' id='line_1_11' title="bbox 81 1076 1127 1155; baseline -0.001 -20"><span class='ocrx_word' id='word_1_79' title='bbox 81 1076 154 1137; x_wconf 85' lang='lat' dir='ltr'><strong>1⁰da</strong></span> <span class='ocrx_word' id='word_1_80' title='bbox 176 1077 371 1152; x_wconf 86' lang='lat' dir='ltr'><strong>inveniuntur,</strong></span> <span class='ocrx_word' id='word_1_81' title='bbox 399 1094 434 1136; x_wconf 87' lang='lat' dir='ltr'><strong>ac</strong></span> <span class='ocrx_word' id='word_1_82' title='bbox 456 1078 479 1135; x_wconf 90' lang='lat' dir='ltr'><strong>si</strong></span> <span class='ocrx_word' id='word_1_83' title='bbox 502 1078 550 1155; x_wconf 89' lang='lat' dir='ltr'><strong>qui</strong></span> <span class='ocrx_word' id='word_1_84' title='bbox 576 1078 715 1137; x_wconf 89' lang='lat' dir='ltr'><strong>matutino</strong></span> <span class='ocrx_word' id='word_1_85' title='bbox 736 1076 790 1135; x_wconf 89' lang='lat' dir='ltr'><strong>sub</strong></span> <span class='ocrx_word' id='word_1_86' title='bbox 822 1076 869 1136; x_wconf 91' lang='lat' dir='ltr'><strong>diu</strong></span> <span class='ocrx_word' id='word_1_87' title='bbox 894 1076 995 1152; x_wconf 85' lang='lat' dir='ltr'><strong>inere,</strong></span> <span class='ocrx_word' id='word_1_88' title='bbox 1019 1085 1127 1135; x_wconf 75' lang='lat' dir='ltr'><strong>aumas</strong></span> 
     </span>
     <span class='ocr_line' id='line_1_12' title="bbox 117 1156 1122 1239; baseline 0 -20"><span class='ocrx_word' id='word_1_89' title='bbox 117 1160 231 1239; x_wconf 84' lang='lat' dir='ltr'><strong>liquore</strong></span> <span class='ocrx_word' id='word_1_90' title='bbox 251 1164 342 1221; x_wconf 87' lang='lat' dir='ltr'><strong>vestis</strong></span> <span class='ocrx_word' id='word_1_91' title='bbox 366 1160 559 1239; x_wconf 78' lang='lat' dir='ltr'><strong>capillumque</strong></span> <span class='ocrx_word' id='word_1_92' title='bbox 580 1170 747 1221; x_wconf 90' lang='lat' dir='ltr'><strong>concretum</strong></span> <span class='ocrx_word' id='word_1_93' title='bbox 761 1162 894 1220; x_wconf 85' lang='lat' dir='ltr'><strong>sentiunt.</strong></span> <span class='ocrx_word' id='word_1_94' title='bbox 930 1162 993 1220; x_wconf 86' lang='lat' dir='ltr'><strong>sire</strong></span> <span class='ocrx_word' id='word_1_95' title='bbox 1007 1156 1059 1220; x_wconf 88' lang='lat' dir='ltr'><strong>ille</strong></span> <span class='ocrx_word' id='word_1_96' title='bbox 1075 1169 1122 1220; x_wconf 88' lang='lat' dir='ltr'><strong>est</strong></span> 
     </span>
     <span class='ocr_line' id='line_1_13' title="bbox 117 1244 1120 1323; baseline -0.001 -19"><span class='ocrx_word' id='word_1_97' title='bbox 117 1245 190 1305; x_wconf 87' lang='lat' dir='ltr'><strong>caeli</strong></span> <span class='ocrx_word' id='word_1_98' title='bbox 206 1245 310 1321; x_wconf 88' lang='lat' dir='ltr'><strong>sodor,</strong></span> <span class='ocrx_word' id='word_1_99' title='bbox 327 1246 389 1304; x_wconf 90' lang='lat' dir='ltr'><strong>sive</strong></span> <span class='ocrx_word' id='word_1_100' title='bbox 410 1245 551 1323; x_wconf 89' lang='lat' dir='ltr'><strong>quaedam</strong></span> <span class='ocrx_word' id='word_1_101' title='bbox 568 1245 695 1305; x_wconf 85' lang='lat' dir='ltr'><strong>siderum</strong></span> <span class='ocrx_word' id='word_1_102' title='bbox 715 1244 821 1320; x_wconf 80' lang='lat' dir='ltr'><strong>saliva,</strong></span> <span class='ocrx_word' id='word_1_103' title='bbox 841 1246 904 1305; x_wconf 81' lang='lat' dir='ltr'><strong>sive</strong></span> <span class='ocrx_word' id='word_1_104' title='bbox 922 1246 1072 1323; x_wconf 78' lang='lat' dir='ltr'><strong>purgantis</strong></span> <span class='ocrx_word' id='word_1_105' title='bbox 1087 1261 1120 1303; x_wconf 86' lang='lat' dir='ltr'><strong>se</strong></span> 
     </span>
     <span class='ocr_line' id='line_1_14' title="bbox 117 1328 1172 1408; baseline -0.002 -20"><span class='ocrx_word' id='word_1_106' title='bbox 117 1328 312 1404; x_wconf 85' lang='lat' dir='ltr'><strong>aeris-sucus,</strong></span> <span class='ocrx_word' id='word_1_107' title='bbox 331 1328 494 1407; x_wconf 87' lang='lat' dir='ltr'><strong>utinamque</strong></span> <span class='ocrx_word' id='word_1_108' title='bbox 509 1337 589 1389; x_wconf 89' lang='lat' dir='ltr'><strong>esset</strong></span> <span class='ocrx_word' id='word_1_109' title='bbox 604 1337 635 1388; x_wconf 87' lang='lat' dir='ltr'><strong>et</strong></span> <span class='ocrx_word' id='word_1_110' title='bbox 649 1345 738 1408; x_wconf 82' lang='lat' dir='ltr'><strong>purus</strong></span> <span class='ocrx_word' id='word_1_111' title='bbox 751 1347 786 1389; x_wconf 90' lang='lat' dir='ltr'><strong>ac</strong></span> <span class='ocrx_word' id='word_1_112' title='bbox 800 1328 925 1408; x_wconf 82' lang='lat' dir='ltr'><strong>liquidus</strong></span> <span class='ocrx_word' id='word_1_113' title='bbox 941 1338 970 1389; x_wconf 90' lang='lat' dir='ltr'><strong>et</strong></span> <span class='ocrx_word' id='word_1_114' title='bbox 985 1342 1056 1389; x_wconf 87' lang='lat' dir='ltr'><strong>snae</strong></span> <span class='ocrx_word' id='word_1_115' title='bbox 1070 1344 1118 1387; x_wconf 83' lang='lat' dir='ltr'><strong>na·</strong></span> <span class='ocrx_word' id='word_1_116' title='bbox 1162 1386 1172 1401; x_wconf 43' lang='lat' dir='ltr'><strong><em>s</em></strong></span> 
     </span>
     <span class='ocr_line' id='line_1_15' title="bbox 115 1410 1160 1493; baseline -0.001 -18"><span class='ocrx_word' id='word_1_117' title='bbox 115 1423 215 1489; x_wconf 85' lang='lat' dir='ltr'><strong>turae,</strong></span> <span class='ocrx_word' id='word_1_118' title='bbox 234 1413 328 1493; x_wconf 86' lang='lat' dir='ltr'><strong>qualis</strong></span> <span class='ocrx_word' id='word_1_119' title='bbox 342 1413 442 1474; x_wconf 85' lang='lat' dir='ltr'><strong>delinit</strong></span> <span class='ocrx_word' id='word_1_120' title='bbox 457 1414 560 1492; x_wconf 79' lang='lat' dir='ltr'><strong>primo.—</strong></span> <span class='ocrx_word' id='word_1_121' title='bbox 591 1430 667 1473; x_wconf 85' lang='lat' dir='ltr'><strong>nune</strong></span> <span class='ocrx_word' id='word_1_122' title='bbox 680 1430 753 1473; x_wconf 83' lang='lat' dir='ltr'><strong>vero</strong></span> <span class='ocrx_word' id='word_1_123' title='bbox 768 1431 785 1472; x_wconf 90' lang='lat' dir='ltr'><strong>e</strong></span> <span class='ocrx_word' id='word_1_124' title='bbox 802 1421 879 1473; x_wconf 87' lang='lat' dir='ltr'><strong>tanta</strong></span> <span class='ocrx_word' id='word_1_125' title='bbox 896 1412 1005 1473; x_wconf 88' lang='lat' dir='ltr'><strong>cadens</strong></span> <span class='ocrx_word' id='word_1_126' title='bbox 1022 1410 1116 1472; x_wconf 87' lang='lat' dir='ltr'><strong>altitu·</strong></span> <span class='ocrx_word' id='word_1_127' title='bbox 1126 1420 1160 1474; x_wconf 81' lang='lat'><strong>31</strong></span> 
     </span>
     <span class='ocr_line' id='line_1_16' title="bbox 81 1494 1119 1577; baseline -0.003 -19"><span class='ocrx_word' id='word_1_128' title='bbox 81 1498 182 1560; x_wconf 72' lang='lat' dir='ltr'><strong>sentus</strong></span> <span class='ocrx_word' id='word_1_129' title='bbox 203 1498 395 1577; x_wconf 88' lang='lat' dir='ltr'><strong>multumque,</strong></span> <span class='ocrx_word' id='word_1_130' title='bbox 418 1498 482 1557; x_wconf 90' lang='lat' dir='ltr'><strong>dum</strong></span> <span class='ocrx_word' id='word_1_131' title='bbox 497 1499 592 1574; x_wconf 89' lang='lat' dir='ltr'><strong>venit,</strong></span> <span class='ocrx_word' id='word_1_132' title='bbox 614 1498 791 1557; x_wconf 88' lang='lat' dir='ltr'><strong>sordescens</strong></span> <span class='ocrx_word' id='word_1_133' title='bbox 806 1506 835 1557; x_wconf 93' lang='lat' dir='ltr'><strong>et</strong></span> <span class='ocrx_word' id='word_1_134' title='bbox 854 1494 942 1557; x_wconf 83' lang='lat' dir='ltr'><strong>obvio</strong></span> <span class='ocrx_word' id='word_1_135' title='bbox 958 1506 1054 1556; x_wconf 85' lang='lat' dir='ltr'><strong>tarrae</strong></span> <span class='ocrx_word' id='word_1_136' title='bbox 1069 1495 1119 1555; x_wconf 61' lang='lat' dir='ltr'><strong>ba*</strong></span> 
     </span>
     <span class='ocr_line' id='line_1_17' title="bbox 116 1579 1118 1661; baseline -0.004 -20"><span class='ocrx_word' id='word_1_137' title='bbox 116 1582 166 1642; x_wconf 90' lang='lat' dir='ltr'><strong>litu</strong></span> <span class='ocrx_word' id='word_1_138' title='bbox 175 1582 317 1659; x_wconf 64' lang='lat' dir='ltr'><strong>iniectu,</strong></span> <span class='ocrx_word' id='word_1_139' title='bbox 333 1590 486 1661; x_wconf 88' lang='lat' dir='ltr'><strong>practerea</strong></span> <span class='ocrx_word' id='word_1_140' title='bbox 498 1600 513 1641; x_wconf 89' lang='lat' dir='ltr'><strong>a</strong></span> <span class='ocrx_word' id='word_1_141' title='bbox 525 1582 631 1647; x_wconf 60' lang='lat' dir='ltr'><strong>fronde,</strong></span> <span class='ocrx_word' id='word_1_142' title='bbox 640 1600 675 1643; x_wconf 89' lang='lat' dir='ltr'><strong>ac</strong></span> <span class='ocrx_word' id='word_1_143' title='bbox 686 1581 799 1661; x_wconf 83' lang='lat' dir='ltr'><strong>pabulis</strong></span> <span class='ocrx_word' id='word_1_144' title='bbox 810 1590 897 1660; x_wconf 89' lang='lat' dir='ltr'><strong>potus</strong></span> <span class='ocrx_word' id='word_1_145' title='bbox 912 1589 941 1641; x_wconf 91' lang='lat' dir='ltr'><strong>et</strong></span> <span class='ocrx_word' id='word_1_146' title='bbox 954 1583 983 1639; x_wconf 91' lang='lat' dir='ltr'><strong>in</strong></span> <span class='ocrx_word' id='word_1_147' title='bbox 994 1579 1118 1639; x_wconf 87' lang='lat' dir='ltr'><strong>utriculo</strong></span> 
     </span>
     <span class='ocr_line' id='line_1_18' title="bbox 116 1664 1119 1745; baseline -0.005 -19"><span class='ocrx_word' id='word_1_148' title='bbox 116 1672 275 1745; x_wconf 74' lang='lat' dir='ltr'><strong>congestus</strong></span> <span class='ocrx_word' id='word_1_149' title='bbox 295 1667 390 1745; x_wconf 85' lang='lat' dir='ltr'><strong>apium</strong></span> <span class='ocrx_word' id='word_1_150' title='bbox 408 1698 449 1711; x_wconf 49' lang='grc' dir='ltr'><strong>κ·</strong></span> <span class='ocrx_word' id='word_1_151' title='bbox 464 1684 515 1726; x_wconf 89' lang='lat' dir='ltr'><strong>ore</strong></span> <span class='ocrx_word' id='word_1_152' title='bbox 533 1666 608 1727; x_wconf 88' lang='lat' dir='ltr'><strong>enim</strong></span> <span class='ocrx_word' id='word_1_153' title='bbox 630 1684 694 1727; x_wconf 87' lang='lat' dir='ltr'><strong>eum</strong></span> <span class='ocrx_word' id='word_1_154' title='bbox 710 1676 828 1726; x_wconf 85' lang='lat' dir='ltr'><strong>romunt</strong></span> <span class='ocrx_word' id='word_1_155' title='bbox 847 1700 905 1740; x_wconf 88' lang='lat'><strong>-,</strong></span> <span class='ocrx_word' id='word_1_156' title='bbox 921 1665 958 1725; x_wconf 89' lang='lat' dir='ltr'><strong>ad</strong></span> <span class='ocrx_word' id='word_1_157' title='bbox 973 1664 1031 1724; x_wconf 93' lang='lat' dir='ltr'><strong>boc</strong></span> <span class='ocrx_word' id='word_1_158' title='bbox 1047 1679 1119 1723; x_wconf 87' lang='lat' dir='ltr'><strong>suco</strong></span> 
     </span>
     <span class='ocr_line' id='line_1_19' title="bbox 115 1750 1118 1831; baseline -0.005 -20"><span class='ocrx_word' id='word_1_159' title='bbox 115 1750 217 1811; x_wconf 84' lang='lat' dir='ltr'><strong>dorum</strong></span> <span class='ocrx_word' id='word_1_160' title='bbox 233 1760 386 1831; x_wconf 88' lang='lat' dir='ltr'><strong>corruptus</strong></span> <span class='ocrx_word' id='word_1_161' title='bbox 403 1760 432 1811; x_wconf 88' lang='lat' dir='ltr'><strong>et</strong></span> <span class='ocrx_word' id='word_1_162' title='bbox 448 1751 521 1811; x_wconf 89' lang='lat' dir='ltr'><strong>alvis</strong></span> <span class='ocrx_word' id='word_1_163' title='bbox 540 1761 701 1812; x_wconf 87' lang='lat' dir='ltr'><strong>maceratus</strong></span> <span class='ocrx_word' id='word_1_164' title='bbox 722 1752 890 1829; x_wconf 70' lang='lat' dir='ltr'><strong>totiensque</strong></span> <span class='ocrx_word' id='word_1_165' title='bbox 904 1757 1045 1824; x_wconf 87' lang='lat' dir='ltr'><strong>mutatus,</strong></span> <span class='ocrx_word' id='word_1_166' title='bbox 1060 1764 1118 1807; x_wconf 88' lang='lat' dir='ltr'><strong>ma·</strong></span> 
     </span>
     <span class='ocr_line' id='line_1_20' title="bbox 115 1834 913 1914; baseline -0.003 -19"><span class='ocrx_word' id='word_1_167' title='bbox 115 1853 200 1913; x_wconf 80' lang='lat' dir='ltr'><strong>gnam</strong></span> <span class='ocrx_word' id='word_1_168' title='bbox 214 1843 309 1895; x_wconf 89' lang='lat' dir='ltr'><strong>tamen</strong></span> <span class='ocrx_word' id='word_1_169' title='bbox 327 1835 464 1897; x_wconf 87' lang='lat' dir='ltr'><strong>caelestis</strong></span> <span class='ocrx_word' id='word_1_170' title='bbox 479 1846 598 1896; x_wconf 85' lang='lat' dir='ltr'><strong>naturae</strong></span> <span class='ocrx_word' id='word_1_171' title='bbox 613 1836 793 1914; x_wconf 83' lang='lat' dir='ltr'><strong>voluptatem</strong></span> <span class='ocrx_word' id='word_1_172' title='bbox 808 1834 913 1897; x_wconf 80' lang='lat' dir='ltr'><strong>adfert.</strong></span> 
     </span>
     <span class='ocr_line' id='line_1_21' title="bbox 88 1913 1162 2000; baseline -0.002 -21"><span class='ocrx_word' id='word_1_173' title='bbox 88 1930 114 1971; x_wconf 74' lang='lat'><strong>²⁰</strong></span> <span class='ocrx_word' id='word_1_174' title='bbox 182 1920 230 1981; x_wconf 86' lang='lat'><strong>13.</strong></span> <span class='ocrx_word' id='word_1_175' title='bbox 255 1920 338 1997; x_wconf 63' lang='lat'>(13„)</span> <span class='ocrx_word' id='word_1_176' title='bbox 358 1920 402 1979; x_wconf 92' lang='lat' dir='ltr'><strong>lbi</strong></span> <span class='ocrx_word' id='word_1_177' title='bbox 426 1930 559 1998; x_wconf 86' lang='lat' dir='ltr'><strong>optumus</strong></span> <span class='ocrx_word' id='word_1_178' title='bbox 589 1938 707 2000; x_wconf 82' lang='lat' dir='ltr'><strong>semper</strong></span> <span class='ocrx_word' id='word_1_179' title='bbox 728 1920 778 1979; x_wconf 89' lang='lat' dir='ltr'><strong>ubi</strong></span> <span class='ocrx_word' id='word_1_180' title='bbox 798 1927 978 1997; x_wconf 84' lang='lat' dir='ltr'><strong>optumarum</strong></span> <span class='ocrx_word' id='word_1_181' title='bbox 998 1913 1162 1977; x_wconf 71' lang='lat' dir='ltr'><strong>doliolisbt</strong></span> 
     </span>
     <span class='ocr_line' id='line_1_22' title="bbox 115 2000 1120 2079; baseline -0.006 -18"><span class='ocrx_word' id='word_1_182' title='bbox 115 2002 218 2061; x_wconf 87' lang='lat' dir='ltr'><strong>dorum</strong></span> <span class='ocrx_word' id='word_1_183' title='bbox 230 2002 371 2061; x_wconf 88' lang='lat' dir='ltr'><strong>conditur.</strong></span> <span class='ocrx_word' id='word_1_184' title='bbox 402 2003 518 2061; x_wconf 85' lang='lat' dir='ltr'><strong>Atticae</strong></span> <span class='ocrx_word' id='word_1_185' title='bbox 530 2006 659 2079; x_wconf 77' lang='lat' dir='ltr'><strong>regionis</strong></span> <span class='ocrx_word' id='word_1_186' title='bbox 671 2004 729 2063; x_wconf 92' lang='lat' dir='ltr'><strong>boc</strong></span> <span class='ocrx_word' id='word_1_187' title='bbox 744 2011 774 2061; x_wconf 92' lang='lat' dir='ltr'><strong>et</strong></span> <span class='ocrx_word' id='word_1_188' title='bbox 789 2002 922 2075; x_wconf 87' lang='lat' dir='ltr'><strong>Siculae,</strong></span> <span class='ocrx_word' id='word_1_189' title='bbox 937 2000 1073 2073; x_wconf 71' lang='lat' dir='ltr'><strong>Hymetto</strong></span> <span class='ocrx_word' id='word_1_190' title='bbox 1090 2006 1120 2056; x_wconf 89' lang='lat' dir='ltr'><strong>et</strong></span> 
     </span>
     <span class='ocr_line' id='line_1_23' title="bbox 115 2080 1120 2162; baseline -0.006 -17"><span class='ocrx_word' id='word_1_191' title='bbox 115 2083 208 2161; x_wconf 70' lang='lat' dir='ltr'><strong>Hybla</strong></span> <span class='ocrx_word' id='word_1_192' title='bbox 225 2102 241 2145; x_wconf 94' lang='lat' dir='ltr'><strong>a</strong></span> <span class='ocrx_word' id='word_1_193' title='bbox 256 2085 348 2162; x_wconf 89' lang='lat' dir='ltr'><strong>locis,</strong></span> <span class='ocrx_word' id='word_1_194' title='bbox 370 2102 438 2144; x_wconf 86' lang='lat' dir='ltr'><strong>mox</strong></span> <span class='ocrx_word' id='word_1_195' title='bbox 454 2084 580 2159; x_wconf 76' lang='lat' dir='ltr'><strong>Calydna</strong></span> <span class='ocrx_word' id='word_1_196' title='bbox 596 2086 697 2145; x_wconf 86' lang='lat' dir='ltr'><strong>insula.</strong></span> <span class='ocrx_word' id='word_1_197' title='bbox 733 2084 787 2144; x_wconf 77' lang='lat' dir='ltr'><strong>Est</strong></span> <span class='ocrx_word' id='word_1_198' title='bbox 801 2093 897 2144; x_wconf 88' lang='lat' dir='ltr'><strong>autem</strong></span> <span class='ocrx_word' id='word_1_199' title='bbox 921 2084 1001 2141; x_wconf 88' lang='lat' dir='ltr'><strong>initio</strong></span> <span class='ocrx_word' id='word_1_200' title='bbox 1015 2080 1073 2139; x_wconf 88' lang='lat' dir='ltr'><strong>mel</strong></span> <span class='ocrx_word' id='word_1_201' title='bbox 1089 2089 1120 2139; x_wconf 90' lang='lat' dir='ltr'><strong>ut</strong></span> 
     </span>
     <span class='ocr_line' id='line_1_24' title="bbox 116 2168 1118 2249; baseline -0.008 -20"><span class='ocrx_word' id='word_1_202' title='bbox 116 2184 191 2249; x_wconf 87' lang='lat' dir='ltr'><strong>aqua</strong></span> <span class='ocrx_word' id='word_1_203' title='bbox 208 2168 343 2244; x_wconf 90' lang='lat' dir='ltr'><strong>dilutum,</strong></span> <span class='ocrx_word' id='word_1_204' title='bbox 363 2178 392 2228; x_wconf 88' lang='lat' dir='ltr'><strong>et</strong></span> <span class='ocrx_word' id='word_1_205' title='bbox 405 2170 503 2247; x_wconf 88' lang='lat' dir='ltr'><strong>primis</strong></span> <span class='ocrx_word' id='word_1_206' title='bbox 515 2168 616 2229; x_wconf 83' lang='lat' dir='ltr'><strong>diebus</strong></span> <span class='ocrx_word' id='word_1_207' title='bbox 632 2170 729 2229; x_wconf 79' lang='lat' dir='ltr'><strong>ferret</strong></span> <span class='ocrx_word' id='word_1_208' title='bbox 744 2177 776 2228; x_wconf 90' lang='lat' dir='ltr'><strong>ut</strong></span> <span class='ocrx_word' id='word_1_209' title='bbox 786 2178 878 2227; x_wconf 89' lang='lat' dir='ltr'><strong>musta</strong></span> <span class='ocrx_word' id='word_1_210' title='bbox 892 2183 985 2244; x_wconf 85' lang='lat' dir='ltr'><strong>seque</strong></span> <span class='ocrx_word' id='word_1_211' title='bbox 1002 2171 1118 2241; x_wconf 74' lang='lat' dir='ltr'><strong>purgat,</strong></span> 
     </span>
     <span class='ocr_line' id='line_1_25' title="bbox 59 2249 1119 2327; baseline -0.006 -16"><span class='ocrx_word' id='word_1_212' title='bbox 59 2260 67 2273; x_wconf 83' lang='grc'><strong>“</strong></span> <span class='ocrx_word' id='word_1_213' title='bbox 115 2252 257 2326; x_wconf 84' lang='lat' dir='ltr'><strong>uicesimo</strong></span> <span class='ocrx_word' id='word_1_214' title='bbox 272 2252 319 2312; x_wconf 88' lang='lat' dir='ltr'><strong>die</strong></span> <span class='ocrx_word' id='word_1_215' title='bbox 334 2254 507 2327; x_wconf 67' lang='lat' dir='ltr'><strong>crassescit,</strong></span> <span class='ocrx_word' id='word_1_216' title='bbox 523 2268 590 2311; x_wconf 84' lang='lat' dir='ltr'><strong>mox</strong></span> <span class='ocrx_word' id='word_1_217' title='bbox 603 2252 756 2314; x_wconf 83' lang='lat' dir='ltr'><strong>obducitur</strong></span> <span class='ocrx_word' id='word_1_218' title='bbox 771 2253 850 2312; x_wconf 90' lang='lat' dir='ltr'><strong>tenui</strong></span> <span class='ocrx_word' id='word_1_219' title='bbox 864 2249 1028 2310; x_wconf 86' lang='lat' dir='ltr'><strong>membrana</strong></span> <span class='ocrx_word' id='word_1_220' title='bbox 1043 2264 1119 2326; x_wconf 86' lang='lat' dir='ltr'><strong>quae</strong></span> 
     </span>
     <span class='ocr_line' id='line_1_26' title="bbox 81 2332 1119 2416; baseline -0.004 -24"><span class='ocrx_word' id='word_1_221' title='bbox 81 2336 242 2397; x_wconf 83' lang='lat' dir='ltr'><strong>aaicrvoris</strong></span> <span class='ocrx_word' id='word_1_222' title='bbox 263 2338 353 2414; x_wconf 88' lang='lat' dir='ltr'><strong>ipsius</strong></span> <span class='ocrx_word' id='word_1_223' title='bbox 368 2354 468 2416; x_wconf 88' lang='lat' dir='ltr'><strong>spuma</strong></span> <span class='ocrx_word' id='word_1_224' title='bbox 487 2339 661 2397; x_wconf 80' lang='lat' dir='ltr'><strong>concrescit.</strong></span> <span class='ocrx_word' id='word_1_225' title='bbox 693 2336 828 2396; x_wconf 86' lang='lat' dir='ltr'><strong>sorbetur</strong></span> <span class='ocrx_word' id='word_1_226' title='bbox 849 2344 995 2414; x_wconf 89' lang='lat' dir='ltr'><strong>optumum</strong></span> <span class='ocrx_word' id='word_1_227' title='bbox 1018 2340 1048 2389; x_wconf 90' lang='lat' dir='ltr'><strong>et</strong></span> <span class='ocrx_word' id='word_1_228' title='bbox 1068 2332 1119 2389; x_wconf 85' lang='lat' dir='ltr'><strong>nsi·</strong></span> 
     </span>
     <span class='ocr_line' id='line_1_27' title="bbox 116 2414 1219 2500; baseline -0.004 -20"><span class='ocrx_word' id='word_1_229' title='bbox 116 2436 200 2481; x_wconf 88' lang='lat' dir='ltr'><strong>nume</strong></span> <span class='ocrx_word' id='word_1_230' title='bbox 221 2420 327 2481; x_wconf 88' lang='lat' dir='ltr'><strong>ironde</strong></span> <span class='ocrx_word' id='word_1_231' title='bbox 342 2416 495 2496; x_wconf 78' lang='lat' dir='ltr'><strong>iniectam,</strong></span> <span class='ocrx_word' id='word_1_232' title='bbox 518 2428 696 2500; x_wconf 88' lang='lat' dir='ltr'><strong>e&#39;querons,</strong></span> <span class='ocrx_word' id='word_1_233' title='bbox 711 2421 807 2496; x_wconf 85' lang='lat' dir='ltr'><strong>tiliae,</strong></span> <span class='ocrx_word' id='word_1_234' title='bbox 824 2418 1012 2480; x_wconf 86' lang='lat' dir='ltr'><strong>harundinum</strong></span> <span class='ocrx_word' id='word_1_235' title='bbox 1028 2414 1118 2473; x_wconf 85' lang='lat' dir='ltr'><strong>iuliis.</strong></span> <span class='ocrx_word' id='word_1_236' title='bbox 1212 2467 1219 2476; x_wconf 31' lang='grc' dir='ltr'>ι</span> 
     </span>
     <span class='ocr_line' id='line_1_28' title="bbox 181 2499 1200 2585; baseline 0.004 -20"><span class='ocrx_word' id='word_1_237' title='bbox 181 2505 230 2565; x_wconf 76' lang='lat'><strong>14.</strong></span> <span class='ocrx_word' id='word_1_238' title='bbox 255 2506 339 2585; x_wconf 89' lang='grc'>(14.)</span> <span class='ocrx_word' id='word_1_239' title='bbox 363 2508 477 2566; x_wconf 89' lang='lat' dir='ltr'><strong>Summa</strong></span> <span class='ocrx_word' id='word_1_240' title='bbox 497 2506 612 2585; x_wconf 82' lang='lat' dir='ltr'><strong>quidem</strong></span> <span class='ocrx_word' id='word_1_241' title='bbox 632 2506 769 2566; x_wconf 90' lang='lat' dir='ltr'><strong>bonitatis</strong></span> <span class='ocrx_word' id='word_1_242' title='bbox 792 2505 908 2564; x_wconf 84' lang='lat' dir='ltr'><strong>natione</strong></span> <span class='ocrx_word' id='word_1_243' title='bbox 936 2512 1066 2579; x_wconf 88' lang='lat' dir='ltr'><strong>constat,</strong></span> <span class='ocrx_word' id='word_1_244' title='bbox 1089 2514 1166 2569; x_wconf 76' lang='lat' dir='ltr'><strong>utbit</strong></span> <span class='ocrx_word' id='word_1_245' title='bbox 1195 2499 1200 2509; x_wconf 79' lang='lat'>&#39;</span> 
     </span>
     <span class='ocr_line' id='line_1_29' title="bbox 117 2587 1174 2670; baseline -0.006 -22"><span class='ocrx_word' id='word_1_246' title='bbox 117 2606 203 2666; x_wconf 85' lang='lat' dir='ltr'><strong>supra</strong></span> <span class='ocrx_word' id='word_1_247' title='bbox 222 2590 360 2664; x_wconf 82' lang='lat' dir='ltr'><strong>diximus,</strong></span> <span class='ocrx_word' id='word_1_248' title='bbox 378 2589 509 2670; x_wconf 87' lang='lat' dir='ltr'><strong>pluribus</strong></span> <span class='ocrx_word' id='word_1_249' title='bbox 526 2590 629 2651; x_wconf 76' lang='lat' dir='ltr'><strong>modis</strong></span> <span class='ocrx_word' id='word_1_250' title='bbox 660 2590 747 2649; x_wconf 90' lang='lat' dir='ltr'><strong>aliubi</strong></span> <span class='ocrx_word' id='word_1_251' title='bbox 761 2590 834 2649; x_wconf 90' lang='lat' dir='ltr'><strong>enim</strong></span> <span class='ocrx_word' id='word_1_252' title='bbox 848 2587 907 2647; x_wconf 83' lang='lat' dir='ltr'><strong>iavi</strong></span> <span class='ocrx_word' id='word_1_253' title='bbox 925 2604 993 2647; x_wconf 81' lang='lat' dir='ltr'><strong>cera</strong></span> <span class='ocrx_word' id='word_1_254' title='bbox 1006 2596 1154 2665; x_wconf 70' lang='lat' dir='ltr'><strong>specta-⁸2</strong></span> <span class='ocrx_word' id='word_1_255' title='bbox 1172 2593 1174 2602; x_wconf 67' lang='lat'><strong>¹</strong></span> 
     </span>
     <span class='ocr_line' id='line_1_30' title="bbox 117 2670 1120 2751; baseline 0 -21"><span class='ocrx_word' id='word_1_256' title='bbox 117 2670 192 2731; x_wconf 85' lang='lat' dir='ltr'><strong>biles</strong></span> <span class='ocrx_word' id='word_1_257' title='bbox 216 2675 387 2751; x_wconf 81' lang='lat' dir='ltr'><strong>gignuntur,</strong></span> <span class='ocrx_word' id='word_1_258' title='bbox 409 2676 490 2735; x_wconf 89' lang='lat' dir='ltr'><strong>utin</strong></span> <span class='ocrx_word' id='word_1_259' title='bbox 513 2674 627 2749; x_wconf 83' lang='lat' dir='ltr'><strong>Sicilia,</strong></span> <span class='ocrx_word' id='word_1_260' title='bbox 646 2674 785 2751; x_wconf 77' lang='lat' dir='ltr'><strong>Peliguis,</strong></span> <span class='ocrx_word' id='word_1_261' title='bbox 801 2670 888 2732; x_wconf 86' lang='lat' dir='ltr'><strong>aliubi</strong></span> <span class='ocrx_word' id='word_1_262' title='bbox 912 2674 997 2749; x_wconf 88' lang='lat' dir='ltr'><strong>copia</strong></span> <span class='ocrx_word' id='word_1_263' title='bbox 1013 2670 1120 2747; x_wconf 88' lang='lat' dir='ltr'><strong>mellis,</strong></span> 
     </span>
     <span class='ocr_line' id='line_1_31' title="bbox 82 2752 1121 2837; baseline 0.004 -28"><span class='ocrx_word' id='word_1_264' title='bbox 82 2760 149 2813; x_wconf 85' lang='lat' dir='ltr'><strong>aaut</strong></span> <span class='ocrx_word' id='word_1_265' title='bbox 163 2756 192 2813; x_wconf 92' lang='lat' dir='ltr'><strong>in</strong></span> <span class='ocrx_word' id='word_1_266' title='bbox 208 2752 306 2831; x_wconf 83' lang='lat' dir='ltr'><strong>Creta,</strong></span> <span class='ocrx_word' id='word_1_267' title='bbox 323 2756 441 2837; x_wconf 68' lang='lat' dir='ltr'><strong>Oppro,</strong></span> <span class='ocrx_word' id='word_1_268' title='bbox 458 2759 568 2833; x_wconf 79' lang='lat' dir='ltr'><strong>Africa,</strong></span> <span class='ocrx_word' id='word_1_269' title='bbox 585 2757 674 2818; x_wconf 91' lang='lat' dir='ltr'><strong>aliubi</strong></span> <span class='ocrx_word' id='word_1_270' title='bbox 688 2756 900 2834; x_wconf 77' lang='lat' dir='ltr'><strong>magnitudine,</strong></span> <span class='ocrx_word' id='word_1_271' title='bbox 917 2762 947 2812; x_wconf 89' lang='lat' dir='ltr'><strong>ut</strong></span> <span class='ocrx_word' id='word_1_272' title='bbox 963 2756 992 2812; x_wconf 91' lang='lat' dir='ltr'><strong>in</strong></span> <span class='ocrx_word' id='word_1_273' title='bbox 1005 2764 1121 2832; x_wconf 86' lang='lat' dir='ltr'><strong>septen·</strong></span> 
     </span>
     <span class='ocr_line' id='line_1_32' title="bbox 117 2836 1121 2917; baseline -0.002 -19"><span class='ocrx_word' id='word_1_274' title='bbox 117 2838 305 2914; x_wconf 86' lang='lat' dir='ltr'><strong>trionaiibus,</strong></span> <span class='ocrx_word' id='word_1_275' title='bbox 328 2843 392 2901; x_wconf 80' lang='lat' dir='ltr'><strong>viso</strong></span> <span class='ocrx_word' id='word_1_276' title='bbox 413 2842 467 2901; x_wconf 90' lang='lat' dir='ltr'><strong>iam</strong></span> <span class='ocrx_word' id='word_1_277' title='bbox 490 2842 517 2899; x_wconf 87' lang='lat' dir='ltr'><strong>in</strong></span> <span class='ocrx_word' id='word_1_278' title='bbox 537 2840 688 2901; x_wconf 79' lang='lat' dir='ltr'><strong>Germsma</strong></span> <span class='ocrx_word' id='word_1_279' title='bbox 716 2850 784 2899; x_wconf 90' lang='lat' dir='ltr'><strong>octo</strong></span> <span class='ocrx_word' id='word_1_280' title='bbox 806 2839 912 2917; x_wconf 86' lang='lat' dir='ltr'><strong>pedam</strong></span> <span class='ocrx_word' id='word_1_281' title='bbox 933 2836 1121 2913; x_wconf 78' lang='lat' dir='ltr'><strong>longitudinis</strong></span> 
     </span>
     <span class='ocr_line' id='line_1_33' title="bbox 117 2920 1161 3003; baseline 0.005 -22"><span class='ocrx_word' id='word_1_282' title='bbox 117 2920 187 2981; x_wconf 87' lang='lat' dir='ltr'><strong>iavc</strong></span> <span class='ocrx_word' id='word_1_283' title='bbox 208 2922 236 2980; x_wconf 85' lang='lat' dir='ltr'><strong>in</strong></span> <span class='ocrx_word' id='word_1_284' title='bbox 252 2939 323 2985; x_wconf 80' lang='lat' dir='ltr'><strong>cara</strong></span> <span class='ocrx_word' id='word_1_285' title='bbox 344 2932 428 3003; x_wconf 83' lang='lat' dir='ltr'><strong>parte</strong></span> <span class='ocrx_word' id='word_1_286' title='bbox 446 2927 540 3002; x_wconf 73' lang='lat' dir='ltr'><strong>nigro.</strong></span> <span class='ocrx_word' id='word_1_287' title='bbox 574 2924 606 2984; x_wconf 87' lang='lat' dir='ltr'><strong>in</strong></span> <span class='ocrx_word' id='word_1_288' title='bbox 622 2939 804 3003; x_wconf 85' lang='lat' dir='ltr'><strong>quocumque</strong></span> <span class='ocrx_word' id='word_1_289' title='bbox 818 2932 913 2983; x_wconf 89' lang='lat' dir='ltr'><strong>tamen</strong></span> <span class='ocrx_word' id='word_1_290' title='bbox 928 2930 1023 2981; x_wconf 84' lang='lat' dir='ltr'><strong>tractu</strong></span> <span class='ocrx_word' id='word_1_291' title='bbox 1036 2930 1161 2986; x_wconf 69' lang='lat' dir='ltr'><strong>tornati</strong></span> 
     </span>
     <span class='ocr_line' id='line_1_34' title="bbox 118 3000 1121 3082; baseline 0 -17"><span class='ocrx_word' id='word_1_292' title='bbox 118 3014 183 3065; x_wconf 86' lang='lat' dir='ltr'><strong>sunt</strong></span> <span class='ocrx_word' id='word_1_293' title='bbox 194 3022 304 3082; x_wconf 80' lang='lat' dir='ltr'><strong>genera</strong></span> <span class='ocrx_word' id='word_1_294' title='bbox 316 3008 422 3069; x_wconf 85' lang='lat' dir='ltr'><strong>mellis.</strong></span> <span class='ocrx_word' id='word_1_295' title='bbox 450 3026 569 3068; x_wconf 78' lang='lat' dir='ltr'><strong>vernum</strong></span> <span class='ocrx_word' id='word_1_296' title='bbox 584 3026 622 3067; x_wconf 85' lang='lat' dir='ltr'><strong>ex</strong></span> <span class='ocrx_word' id='word_1_297' title='bbox 633 3000 753 3069; x_wconf 77' lang='lat' dir='ltr'><strong>floribus</strong></span> <span class='ocrx_word' id='word_1_298' title='bbox 770 3017 938 3069; x_wconf 88' lang='lat' dir='ltr'><strong>constructo</strong></span> <span class='ocrx_word' id='word_1_299' title='bbox 950 3010 1030 3080; x_wconf 81' lang='lat' dir='ltr'><strong>iero,</strong></span> <span class='ocrx_word' id='word_1_300' title='bbox 1044 3006 1121 3082; x_wconf 81' lang='lat' dir='ltr'><strong>quod</strong></span> 
     </span>
     <span class='ocr_line' id='line_1_35' title="bbox 117 3089 1121 3170; baseline -0.003 -22"><span class='ocrx_word' id='word_1_301' title='bbox 117 3089 187 3149; x_wconf 86' lang='lat' dir='ltr'><strong>ideo</strong></span> <span class='ocrx_word' id='word_1_302' title='bbox 204 3100 325 3151; x_wconf 80' lang='lat' dir='ltr'><strong>vocatur</strong></span> <span class='ocrx_word' id='word_1_303' title='bbox 348 3094 500 3153; x_wconf 89' lang='lat' dir='ltr'><strong>antbinnm.</strong></span> <span class='ocrx_word' id='word_1_304' title='bbox 524 3092 581 3152; x_wconf 88' lang='lat' dir='ltr'><strong>hoc</strong></span> <span class='ocrx_word' id='word_1_305' title='bbox 603 3093 725 3170; x_wconf 87' lang='lat' dir='ltr'><strong>quidam·</strong></span> <span class='ocrx_word' id='word_1_306' title='bbox 741 3094 841 3169; x_wconf 79' lang='lat' dir='ltr'><strong>attingi</strong></span> <span class='ocrx_word' id='word_1_307' title='bbox 857 3100 970 3167; x_wconf 86' lang='lat' dir='ltr'><strong>vetant,</strong></span> <span class='ocrx_word' id='word_1_308' title='bbox 986 3099 1018 3151; x_wconf 90' lang='lat' dir='ltr'><strong>ut</strong></span> <span class='ocrx_word' id='word_1_309' title='bbox 1037 3089 1121 3165; x_wconf 74' lang='lat' dir='ltr'><strong>largo</strong></span> 
     </span>
     <span class='ocr_line' id='line_1_36' title="bbox 84 3170 1121 3251; baseline -0.008 -14"><span class='ocrx_word' id='word_1_310' title='bbox 84 3194 109 3237; x_wconf 81' lang='lat' dir='ltr'><strong>as</strong></span> <span class='ocrx_word' id='word_1_311' title='bbox 118 3173 255 3234; x_wconf 85' lang='lat' dir='ltr'><strong>alimento</strong></span> <span class='ocrx_word' id='word_1_312' title='bbox 276 3176 371 3237; x_wconf 84' lang='lat' dir='ltr'><strong>valida</strong></span> <span class='ocrx_word' id='word_1_313' title='bbox 396 3186 482 3237; x_wconf 84' lang='lat' dir='ltr'><strong>exeat</strong></span> <span class='ocrx_word' id='word_1_314' title='bbox 505 3176 635 3236; x_wconf 88' lang='lat' dir='ltr'><strong>suboles.</strong></span> <span class='ocrx_word' id='word_1_315' title='bbox 678 3176 726 3236; x_wconf 90' lang='lat' dir='ltr'><strong>alii</strong></span> <span class='ocrx_word' id='word_1_316' title='bbox 752 3194 791 3235; x_wconf 82' lang='lat' dir='ltr'><strong>ex</strong></span> <span class='ocrx_word' id='word_1_317' title='bbox 809 3177 889 3237; x_wconf 89' lang='lat' dir='ltr'><strong>nullo</strong></span> <span class='ocrx_word' id='word_1_318' title='bbox 908 3177 1001 3235; x_wconf 89' lang='lat' dir='ltr'><strong>minus</strong></span> <span class='ocrx_word' id='word_1_319' title='bbox 1017 3170 1121 3251; x_wconf 80' lang='lat' dir='ltr'><strong>apibus</strong></span> 
     </span>
     <span class='ocr_line' id='line_1_37' title="bbox 117 3254 1120 3340; baseline -0.004 -24"><span class='ocrx_word' id='word_1_320' title='bbox 117 3257 293 3337; x_wconf 85' lang='lat' dir='ltr'><strong>relinquant,</strong></span> <span class='ocrx_word' id='word_1_321' title='bbox 310 3262 442 3340; x_wconf 89' lang='lat' dir='ltr'><strong>quoniam</strong></span> <span class='ocrx_word' id='word_1_322' title='bbox 457 3276 559 3337; x_wconf 80' lang='lat' dir='ltr'><strong>magna</strong></span> <span class='ocrx_word' id='word_1_323' title='bbox 571 3268 716 3339; x_wconf 63' lang='lat' dir='ltr'><strong>,sequatur</strong></span> <span class='ocrx_word' id='word_1_324' title='bbox 730 3261 849 3320; x_wconf 72' lang='lat' dir='ltr'><strong>ubertas</strong></span> <span class='ocrx_word' id='word_1_325' title='bbox 862 3276 1031 3337; x_wconf 80' lang='lat' dir='ltr'><strong>magnorum</strong></span> <span class='ocrx_word' id='word_1_326' title='bbox 1046 3254 1120 3314; x_wconf 90' lang='lat' dir='ltr'><strong>side·</strong></span> 
     </span>
     <span class='ocr_line' id='line_1_38' title="bbox 117 3340 1120 3425; baseline -0.001 -25"><span class='ocrx_word' id='word_1_327' title='bbox 117 3358 179 3401; x_wconf 89' lang='lat' dir='ltr'><strong>rum</strong></span> <span class='ocrx_word' id='word_1_328' title='bbox 194 3351 315 3420; x_wconf 84' lang='lat' dir='ltr'><strong>exortu,</strong></span> <span class='ocrx_word' id='word_1_329' title='bbox 334 3355 487 3425; x_wconf 86' lang='lat' dir='ltr'><strong>praetcrea</strong></span> <span class='ocrx_word' id='word_1_330' title='bbox 503 3345 644 3419; x_wconf 90' lang='lat' dir='ltr'><strong>solstitio,</strong></span> <span class='ocrx_word' id='word_1_331' title='bbox 660 3360 725 3404; x_wconf 89' lang='lat' dir='ltr'><strong>cnm</strong></span> <span class='ocrx_word' id='word_1_332' title='bbox 743 3344 868 3420; x_wconf 74' lang='lat' dir='ltr'><strong>thymum</strong></span> <span class='ocrx_word' id='word_1_333' title='bbox 889 3353 919 3404; x_wconf 89' lang='lat' dir='ltr'><strong>et</strong></span> <span class='ocrx_word' id='word_1_334' title='bbox 938 3360 994 3402; x_wconf 82' lang='lat' dir='ltr'><strong>nra</strong></span> <span class='ocrx_word' id='word_1_335' title='bbox 1001 3340 1120 3400; x_wconf 75' lang='lat' dir='ltr'><strong>llorere</strong></span> 
     </span>
    </p>
   </div>
   <div class='ocr_carea' id='block_1_3' title="bbox 117 3425 1163 3631">
    <p class='ocr_par' dir='ltr' id='par_1_3' title="bbox 117 3425 1163 3631">
     <span class='ocr_line' id='line_1_39' title="bbox 117 3425 1163 3571; baseline -0.002 -87"><span class='ocrx_word' id='word_1_336' title='bbox 117 3426 270 3506; x_wconf 84' lang='lat' dir='ltr'><strong>incipiant,</strong></span> <span class='ocrx_word' id='word_1_337' title='bbox 286 3431 444 3509; x_wconf 88' lang='lat' dir='ltr'><strong>praecipua</strong></span> <span class='ocrx_word' id='word_1_338' title='bbox 461 3432 596 3492; x_wconf 87' lang='lat' dir='ltr'><strong>cellarum</strong></span> <span class='ocrx_word' id='word_1_339' title='bbox 617 3429 745 3491; x_wconf 87' lang='lat' dir='ltr'><strong>materia.</strong></span> <span class='ocrx_word' id='word_1_340' title='bbox 779 3438 825 3488; x_wconf 86' lang='lat' dir='ltr'><strong>est</strong></span> <span class='ocrx_word' id='word_1_341' title='bbox 837 3438 932 3571; x_wconf 75' lang='lat' dir='ltr'><strong>autepp</strong></span> <span class='ocrx_word' id='word_1_342' title='bbox 942 3429 976 3545; x_wconf 60' lang='lat' dir='ltr'><strong>pn</strong></span> <span class='ocrx_word' id='word_1_343' title='bbox 991 3425 1163 3485; x_wconf 77' lang='lat' dir='ltr'><strong>oximen-35</strong></span> 
     </span>
     <span class='ocr_line' id='line_1_40' title="bbox 931 3602 940 3631; baseline 0 -1"><span class='ocrx_word' id='word_1_344' title='bbox 931 3602 940 3631; x_wconf 71' lang='lat' dir='ltr'><strong>t</strong></span> 
     </span>
    </p>
   </div>
   <div class='ocr_carea' id='block_1_4' title="bbox 0 0 1276 3842">
    <p class='ocr_par' dir='ltr' id='par_1_4' title="bbox 0 0 1276 3842">
     <span class='ocr_line' id='line_1_41' title="bbox 0 0 1276 3842; baseline 0 0"><span class='ocrx_word' id='word_1_345' title='bbox 0 0 1276 3842; x_wconf 95' lang='lat' dir='ltr'><strong> </strong></span> 
     </span>
    </p>
   </div>
  </div>
 </body>
</html>
