2542 3842
156 168 196 227 76
518 146 519 151 ¹
547 178 642 225 rurnr
661 178 811 227 sucunor

155 334 302 394 terminos.
331 331 366 391 ab
388 332 470 391 bisce
488 332 735 410 retrogradiuntur
760 333 796 393 ad
816 333 909 393 solem
927 342 956 393 et
977 349 1084 403 occasu
1100 349 1150 391 ve·

157 419 285 495 spertino
301 416 483 477 delitescunt.
512 416 638 476 Veneris
654 418 739 477 stella
755 426 784 476 et
800 418 940 476 stationes
958 417 1045 492 duas,
1063 425 1151 475 matu·

156 502 243 561 tinam
257 502 526 578 vespertinamque,
548 500 583 559 ab
600 509 721 579 utroque
739 510 842 561 exortu
858 501 926 560 iacit
943 520 960 561 a
977 500 1152 577 longissimis
1209 571 1212 576 Α

99 580 102 587 ’
157 585 306 646 distantiae
319 602 389 643 suae
405 583 517 644 finibus.
547 582 673 645 Mercuri
688 586 828 647 stationes
849 585 987 645 breuiore
1008 593 1157 650 momento
1214 607 1218 617 ·

157 686 241 747 quam
255 676 285 727 ut
300 667 479 746 deprehendi
498 670 618 746 possint.
844 686 848 694 ⁴
1161 690 1174 730 5

115 762 166 817 62,
215 750 299 831 (13.)
317 750 397 811 llaec
413 761 458 811 est
475 752 608 812 luminum
625 751 908 830 occultationumque
922 754 1012 828 ratio,
1036 751 1154 830 perple-

159 837 224 896 xior
238 845 316 896 motu
330 835 484 914 multisque
502 834 627 896 involuta
642 836 797 895 miraculis.
827 837 970 915 siquidem
985 836 1153 913 magnitudi-

158 938 211 979 nes
227 936 293 979 suas
310 928 338 978 et
355 918 472 979 colores
487 926 603 994 mutant,
623 927 652 978 et
667 919 769 979 eadem
782 921 818 980 ad
829 920 1056 997 septentrionem
1068 937 1153 981 acce·

159 1004 226 1063 diunt
250 1001 415 1081 abeuntque
435 1003 472 1062 ad
494 1012 636 1078 austrum,
661 1004 807 1081 terrisque
827 1005 981 1082 propiores
1007 1012 1054 1063 aut
1069 1003 1154 1065 caelo

158 1095 280 1166 repente
295 1094 459 1147 cernuntur.
491 1088 519 1145 in
540 1087 643 1163 quibus
665 1084 750 1146 aliter
766 1088 854 1157 multa
870 1106 953 1166 quam
969 1089 1082 1166 priores
1097 1096 1153 1147 tra·
1164 1105 1190 1147 ro

160 1172 244 1234 dituri
256 1170 379 1231 latemur
389 1187 424 1230 ea
437 1188 553 1250 quoque
568 1171 683 1230 illorum
697 1189 763 1231 esse
775 1174 900 1231 muneris
913 1173 961 1250 qui
974 1173 1055 1249 primi
1068 1189 1154 1249 quae·

159 1256 240 1316 rendi
262 1256 324 1316 vias
347 1254 620 1331 demonstraverint,
643 1255 729 1315 modo
751 1275 787 1315 ne
804 1258 866 1333 quis
881 1257 1021 1333 desperet
1037 1256 1155 1315 saecula

116 1339 307 1419 saproiioere
329 1356 453 1417 semper.
484 1338 616 1399 Pluribus
638 1340 675 1399 de
696 1342 791 1399 causis
806 1340 880 1398 haec
904 1340 996 1399 omnia
1012 1339 1154 1400 accidunt,

159 1426 249 1503 prima
263 1422 435 1481 circulorum
447 1440 520 1500 quos
534 1422 638 1483 Graeci
649 1414 761 1499 ἀψῖδας
770 1424 799 1483 in
811 1422 904 1483 stellis
915 1432 1021 1481 vocant
1035 1424 1156 1501 (etenim

159 1506 279 1576 Graecis
299 1507 433 1566 utendum
456 1506 509 1564 erit
531 1506 708 1584 vocabulis).
745 1514 808 1564 sunt
832 1514 926 1565 autem
941 1505 970 1567 bi
987 1508 1030 1566 sui
1050 1508 1190 1585 cuiquem

160 1607 267 1666 sarum,
284 1589 390 1667 aliique
407 1606 490 1668 quam
505 1589 620 1664 mundo,
640 1589 772 1668 quoniam
787 1598 865 1649 terra
879 1608 896 1649 a
910 1588 1069 1654 verticibus
1085 1590 1155 1664 dpo·

159 1672 213 1732 bus
239 1690 312 1750 quos
336 1673 554 1751 appellaverunt
582 1672 669 1751 polos
700 1682 828 1731 centrum
856 1672 930 1733 caeli
960 1691 1015 1733 nec
1045 1690 1103 1731 non
1127 1682 1156 1733 et
1192 1722 1195 1727 .

161 1757 292 1833 signiferi
314 1766 358 1815 est
381 1756 498 1833 oblique
521 1758 594 1817 inter
612 1773 665 1816 eos
681 1758 735 1815 siti.
769 1757 862 1817 omnia
884 1767 978 1817 autem
995 1756 1069 1816 baec
1086 1774 1154 1816 con·

162 1849 235 1900 stant
249 1842 359 1899 ratione
386 1842 484 1899 circini
507 1859 622 1919 semper
639 1840 803 1901 indubitata.
834 1858 905 1918 ergo
924 1840 959 1913 ab
975 1840 1032 1901 alio
1049 1841 1154 1919 cuique

162 1933 261 1983 centro
278 1924 393 2001 apsides
409 1942 478 1984 suae
493 1934 661 2001 exsurgunt,
677 1924 1065 2001 ideoquedivcrsosirabent
1076 1925 1190 1985 orbisao

160 2017 311 2085 motusque
329 2008 490 2084 dissimilis,
518 2009 651 2087 quoniam
674 2010 827 2068 interiores
842 2009 957 2088 apsidas
971 2027 1095 2068 neeesse
1111 2012 1157 2069 est

15 2114 19 2123 ’
81 2150 83 2155 .
120 2091 312 2158 osbreviores
331 2110 407 2151 esse.
439 2091 485 2153 16.
504 2091 593 2169 Igitur
608 2110 624 2152 a
641 2102 737 2153 terrae
754 2103 854 2154 centro
869 2094 985 2172 apsides
1000 2093 1156 2156 altissimae

164 2185 227 2235 sunt
242 2177 363 2237 Saturno
377 2178 420 2237 in.
438 2180 613 2256 scorpione,
636 2176 698 2238 lovi
713 2179 742 2238 in
755 2180 884 2255 virgine,
907 2177 990 2237 blarti
1012 2178 1041 2236 in
1057 2178 1155 2254 leone,

163 2261 218 2326 soli
234 2262 262 2320 in
279 2261 410 2337 geminis,
426 2260 535 2321 Veneri
550 2264 578 2321 in
593 2264 752 2339 sagittario,
768 2262 913 2322 blercurio
928 2264 959 2331 iu
972 2262 1154 2340 capricorno,
1195 2266 1204 2277 “

163 2344 263 2403 mediis
284 2346 406 2403 omnium
430 2344 572 2420 partibus,
600 2354 629 2405 et
651 2364 667 2404 e
689 2349 832 2406 contrario
854 2346 889 2406 ad
911 2355 1007 2405 terrae
1028 2353 1155 2403 centrum
1164 2365 1190 2405 aa

163 2426 334 2487 humillimae
351 2435 436 2503 atque
452 2443 619 2503 proxumae.
641 2429 690 2486 Sic
706 2429 736 2487 iit
750 2438 780 2486 ut
794 2429 900 2487 tardius
915 2427 1024 2485 moveri
1038 2426 1155 2485 videan-

163 2520 218 2584 tur,
236 2527 298 2567 cnm
316 2508 453 2567 altissimo
469 2508 576 2569 ambitu
594 2510 740 2585 feruntur,
763 2526 820 2568 non
838 2511 903 2588 quia
918 2510 1085 2569 adcelerent
1098 2518 1156 2569 tar·

85 2662 86 2667 1
164 2593 268 2652 dentve
283 2592 419 2653 naturalis
435 2602 545 2668 motus,
568 2593 616 2671 qui
641 2594 714 2652 certi
740 2611 775 2652 ac
796 2592 900 2670 singuli
922 2602 985 2654 sunt
1001 2593 1074 2670 illis,
1103 2593 1156 2653 sed

164 2678 230 2755 quia
246 2676 384 2737 deductas
400 2676 436 2736 ab
454 2694 561 2737 summa
591 2677 691 2757 apside
707 2677 799 2737 lineas
814 2680 956 2737 coarctari
973 2677 1009 2737 ad
1028 2686 1157 2737 centrum
1207 2696 1211 2700 ·

164 2778 288 2836 necesse
307 2762 437 2819 estsicut
452 2761 565 2821 innotis
582 2760 698 2837 radios,
715 2760 849 2841 idemque
868 2769 961 2820 motus
976 2761 1049 2821 alias
1065 2762 1192 2821 maiorm

49 2906 52 2915 Δ
123 2845 234 2912 (toalias
248 2846 343 2919 minor
355 2846 445 2903 centri
460 2846 670 2923 propinquitate
683 2846 810 2906 sentitur.
834 2844 934 2905 Altera
947 2839 1156 2905 sublimitatium

167 2946 263 3003 causa,
281 2930 412 3007 quoniam
426 2946 442 2988 a
458 2946 510 2987 suo
527 2938 626 2989 centro
642 2930 758 3008 apsidas
773 2928 923 2989 altissimas
938 2929 1043 2989 babent
1054 2929 1082 2987 in
1093 2929 1157 2989 aliis

167 3012 272 3087 signis,
299 3014 435 3072 Saturnus
458 3013 486 3072 in
509 3012 599 3073 librae
624 3023 706 3091 parte
731 3015 883 3088 vicesima,
909 3012 1038 3092 luppiter
1060 3014 1158 3072 cancri

167 3096 262 3173 quinta
280 3093 414 3171 decuma,
430 3094 506 3157 Mars
523 3098 685 3176 capricorni
699 3097 836 3158 vicesima
852 3106 972 3175 octava,
996 3098 1042 3157 sol
1059 3098 1157 3157 arietis

166 3178 303 3237 vicesima
318 3194 408 3252 nona,
429 3178 529 3239 Venus
545 3182 666 3259 piscium
687 3190 815 3259 scptuma
835 3181 974 3258 decuma,
996 3180 1192 3241 Mercuriusas

167 3262 285 3338 virginis
300 3263 395 3339 quinta
410 3261 540 3340 decuma,
557 3264 622 3324 luna
637 3267 709 3324 tauri
725 3275 834 3343 quarta.
867 3265 965 3326 Tertia
983 3263 1157 3324 altitudinum

168 3347 240 3404 ratio
262 3346 335 3404 caeli
349 3363 492 3422 mensura,
509 3364 566 3406 uon
586 3348 701 3424 circuli,
723 3347 915 3427 intellegitur,
932 3348 1028 3407 subire
1044 3362 1093 3405 eas
1109 3353 1158 3404 aut

126 3428 346 3490 dddescendere
361 3447 415 3508 per
429 3430 601 3509 profundum
622 3434 699 3493 aeris
714 3433 807 3493 oculis
828 3430 1059 3493 aestumantibus.
1074 3428 1158 3491 diuis
