2542 3842
187 184 245 248 148
526 198 555 245 c.
572 198 832 246 enrnreacnnnr

184 350 377 411 succedentes
399 354 428 411 in
442 352 553 426 vicem,
575 361 604 410 et
618 352 729 430 reliqna
743 352 821 412 fetae
838 353 918 412 n'rore
934 354 1074 413 iacientes
1090 353 1178 413 absti-

184 445 343 513 nentesque
364 453 397 495 se
421 446 513 496 cantu.
562 436 657 513 Super
678 438 770 495 omnia
791 445 835 494 est
851 445 963 497 anatum
978 439 1041 496 oris
1056 436 1179 497 subditis

184 528 269 595 atque
279 519 405 580 exclusis
417 520 577 593 admiratio,
595 520 685 597 prima
696 537 754 578 non
764 520 850 598 plane
862 521 1065 598 adgnoscentis
1076 520 1178 596 ietuni,

184 620 251 675 niort
265 604 367 663 incerti
382 601 522 681 singultus
538 602 663 662 sollicite
676 605 872 680 convocantis,
889 615 1036 683 postremo
1054 605 1179 667 lamenta

183 688 261 745 circa
277 689 406 766 piscinae
423 696 522 763 stagna
539 687 734 762 mergentibus
749 706 782 746 se
800 687 1000 765 pullis'natnra
1014 686 1097 748 duce.
1159 732 1165 744 ·
1193 717 1205 753 s

142 780 193 833 156
257 772 306 833 56.
327 772 412 849 (77.)
429 770 601 831 Gallinarum
613 772 794 848 generositas
806 781 955 848 spectatur
966 774 1053 831 crista
1068 783 1178 846 erecta,

185 854 295 913 interim
313 864 341 913 et
363 856 492 930 gemina,
514 854 606 931 pinnis
621 855 728 930 nigris,
751 872 803 912 ore
824 854 1000 930 rubicundo,
1021 856 1118 932 digitis
1135 858 1179 913 in·

185 938 319 1015 paribus,
340 938 492 1016 aliquando
510 946 539 996 et
560 956 647 1015 super
668 944 809 1015 quattuor
825 939 931 1015 digitos
953 948 1085 998 traverso
1108 956 1177 998 uno.

141 1020 146 1036 ’
184 1022 221 1083 ad
237 1040 299 1081 rem
312 1023 433 1081 divinam
447 1022 526 1082 luteo
544 1030 639 1079 rostro
655 1018 834 1099 pedibusque
855 1042 945 1100 purae
961 1037 1019 1080 non
1033 1022 1176 1096 ridentur,

143 1134 148 1143 =
184 1106 219 1163 ad
243 1115 400 1183 opertanea
422 1124 505 1165 sacra
520 1107 628 1181 nigrae.
666 1104 719 1165 Est
747 1116 777 1164 et
804 1106 985 1184 pumilionum
1005 1124 1106 1181 genus⁴
1121 1122 1213 1165 nonno
1255 1153 1256 1156 ,

122 1244 124 1249 .
183 1190 285 1249 sterile
297 1191 325 1247 in
337 1190 391 1263 bis,
406 1190 483 1267 quod
498 1207 555 1249 non
565 1190 592 1246 in
604 1189 662 1247 alio
678 1207 788 1265 genere
802 1189 908 1264 alitum,
927 1189 981 1249 sed
993 1189 1094 1266 quibus
1111 1206 1177 1247 cen·
1255 1183 1256 1194 ’

182 1280 226 1337 tra
241 1272 400 1333 fecunditas
415 1291 477 1333 rara
494 1283 522 1333 et
537 1272 682 1332 incubatio
699 1275 761 1332 ovis
774 1274 869 1332 noxia.

144 1362 193 1417 151
264 1357 313 1415 57.
340 1356 424 1435 (78.)
453 1356 647 1417 Inimicissima
671 1362 766 1415 autern
791 1357 914 1414 omnium
939 1358 1039 1433 generi
1064 1358 1178 1433 pituita,

182 1456 371 1517 maxumeque
387 1441 461 1500 inter
481 1440 584 1521 messis
601 1459 636 1501 ac
652 1440 813 1498 vindemiae
837 1448 959 1518 tempus.
993 1439 1134 1500 lledicina
1149 1440 1179 1498 in
1201 1482 1205 1499 .

183 1524 257 1581 ieme
275 1533 303 1583 et
319 1523 430 1583 cubitus
445 1525 473 1581 in
487 1522 580 1597 inmo,
604 1525 701 1599 utique
725 1524 749 1579 si
772 1542 789 1581 e
811 1523 891 1581 lauru
911 1533 959 1582 aut
972 1523 1063 1583 herba
1077 1523 1213 1582 sabinam

183 1606 249 1677 liat,
268 1608 352 1681 pinna
363 1624 416 1683 per
428 1616 573 1663 traversas
588 1608 695 1663 inserta
709 1606 786 1663 naris
798 1615 826 1662 et
838 1621 892 1682 per
900 1608 991 1665 omnis
999 1607 1062 1665 dies
1071 1616 1179 1679 emota,

184 1686 264 1747 cibus
290 1687 373 1747 aliurn
395 1704 458 1745 cum
480 1686 558 1745 farre
580 1696 626 1744 aut
652 1704 727 1763 aqua
755 1684 889 1763 perinsus
911 1691 938 1745 in
960 1706 1015 1763 qua
1038 1690 1181 1749 maduerit

182 1779 287 1829 noctua
304 1779 351 1829 aut
372 1787 434 1827 curn
452 1769 564 1827 semine
586 1769 652 1826 vitis
666 1769 751 1827 albae
763 1778 863 1827 coctus
878 1786 912 1827 ac
929 1771 1068 1845 quaedam
1083 1772 1151 1831 alia.

141 1862 191 1915 158
261 1850 310 1911 58.
329 1852 412 1931 (79.)
437 1849 594 1911 Columbae
618 1853 735 1928 proprio
757 1852 811 1909 ritu
834 1850 999 1909 osculantur
1025 1860 1090 1909 ante
1116 1857 1181 1912 coi·

181 1945 246 1997 tum.
276 1936 389 2013 pariunt
403 1936 466 1995 iere
481 1934 546 2008 bina
559 1951 624 2009 ova,
641 1936 679 1993 ita
694 1943 792 1993 natura
806 1934 973 1993 moderante
987 1943 1018 1993 ut
1031 1933 1094 1993 aliis
1111 1951 1215 1995 cre-²⁰

181 2018 261 2079 larior
282 2020 317 2079 sit
339 2020 426 2095 letus,
443 2020 506 2079 aliis
526 2020 715 2097 numerosior.
751 2017 900 2095 palumbes
922 2027 951 2076 ct
969 2026 1062 2077 turtur
1079 2018 1179 2095 pluru-

183 2120 256 2163 mum
271 2112 354 2163 terna
368 2123 423 2163 nec
438 2104 598 2183 plusquam
613 2102 659 2161 bis
669 2120 740 2161 vere
755 2102 877 2178 pariunt,
895 2111 980 2179 atque
991 2103 1041 2176 ita,
1058 2102 1083 2159 si
1096 2104 1177 2180 prior

181 2188 257 2245 fetus
274 2197 426 2269 corruptus
436 2196 492 2262 est,
507 2196 535 2245 ct
548 2188 676 2264 quamvis
691 2187 744 2244 tria
758 2187 933 2264 pepererint,
949 2202 1100 2261 numquam
1110 2186 1175 2263 plns

181 2270 293 2331 duobus
320 2271 453 2331 educunt.
483 2271 596 2329 tertium
622 2271 733 2330 inritum
764 2278 817 2328 est.
848 2270 956 2327 urinum
981 2279 1096 2327 vocant.
1123 2286 1173 2343 μα·-
1255 2313 1256 2316 ¹

180 2354 292 2415 lumbes
310 2354 424 2413 incubat
444 2353 548 2413 femina
571 2362 638 2430 post
654 2351 808 2411 meridiana
829 2353 857 2410 in
871 2353 1051 2431 matutinum,
1074 2359 1169 2411 cetero
1180 2366 1211 2406 es
1255 2419 1256 2422 Ἴ

141 2448 191 2501 159
199 2456 269 2497 nas.
301 2434 458 2497 Columbae
473 2453 579 2495 marem
595 2454 710 2511 semper
725 2444 754 2493 et
768 2434 901 2494 laminam
911 2436 1033 2513 pariunt,
1050 2436 1176 2511 priorem
1255 2471 1256 2480 1

142 2558 147 2569 ·
180 2536 303 2592 marem,
324 2518 463 2595 postridie
491 2518 631 2577 feminam.
666 2517 800 2577 incubant
827 2519 855 2575 in
885 2536 921 2577 eo
942 2535 1051 2594 genere
1076 2516 1175 2590 ambo,

181 2600 303 2662 interdiu
318 2618 388 2676 mas,
405 2610 491 2661 noctu
508 2601 620 2660 femina.
650 2601 804 2660 excludunt
820 2602 959 2660 vicesimo
974 2602 1031 2674 dic,
1060 2599 1179 2675 pariunt

180 2703 197 2743 a
214 2685 290 2743 coitu
305 2687 413 2765 quinto.
444 2693 554 2745 aestate
571 2682 684 2763 quidem
699 2683 838 2743 interdum
852 2684 926 2742 binis
937 2682 1079 2743 mensibus
1090 2689 1178 2739 terna

181 2766 307 2829 educunt
332 2771 421 2847 paria.
450 2786 571 2845 namque
592 2768 713 2827 decumo
740 2776 844 2825 octavo
869 2766 917 2827 die
939 2765 1092 2838 excludunt
1114 2772 1216 2825 sta-ao

180 2852 288 2931 tirnque
311 2855 484 2932 concipiunt.
528 2870 615 2930 quare
637 2853 711 2911 inter
734 2850 831 2928 pullos
856 2867 912 2911 ora
939 2852 1118 2911 inveniuntur
1146 2859 1179 2909 et

181 2936 228 2995 alii
245 2936 414 3013 provolant,
430 2938 479 2997 alii
499 2945 657 3013 erumpunt.
691 2936 746 3012 ipsi
768 2934 872 2993 deinde
895 2934 966 3012 pulli
986 2934 1177 3011 quinqueme-

140 3028 275 3085 lttostres
290 3020 438 3083 fetificant.
472 3030 500 3081 et
515 3021 595 3097 ipsae
612 3028 705 3078 autem
720 3020 857 3092 intense,
874 3019 904 3077 si
913 3034 973 3077 rnas
988 3035 1046 3076 non
1062 3019 1109 3091 slt,
1132 3016 1177 3075 le·

181 3105 273 3163 minae
290 3120 383 3181 acque
405 3104 524 3177 saliunt,
550 3104 718 3181 pariuntque
740 3102 902 3160 ovainrita
925 3118 963 3160 cx
983 3101 1085 3179 quibus
1104 3100 1178 3161 nibil
1255 3147 1257 3170 ,

181 3189 315 3264 gignitur,
332 3205 406 3264 quae
421 3186 591 3265 hypenemia
607 3187 710 3247 Graeci
724 3194 837 3244 vocant.
1187 3201 1216 3243 as

140 3280 189 3333 161
259 3270 309 3330 59.
328 3270 405 3327 Pavo
421 3287 437 3327 a
453 3272 562 3329 trimatu
578 3272 661 3347 parit.
691 3271 782 3346 primo
800 3285 873 3327 anno
888 3286 972 3328 unum
987 3278 1034 3329 aut
1051 3269 1179 3327 alterurn

183 3368 277 3426 ovem,
294 3353 427 3428 sequenti
443 3361 579 3428 quaterna
594 3354 731 3428 quinave,
755 3354 861 3434 ceteris
878 3349 1030 3426 duodena,
1042 3368 1100 3411 non
1116 3370 1177 3411 anr-

182 3434 273 3513 plius,
290 3435 477 3493 intermittens
492 3434 574 3491 binos
596 3434 659 3492 dies
675 3443 811 3495 ternosve
826 3437 916 3513 parit,
938 3444 1027 3497 etter
1040 3428 1133 3511 anno,
1149 3435 1196 3495 si'
