2542 3842
330 174 410 221 unu.
428 174 519 223 assu.
541 175 602 221 vn.
621 172 741 228 ιιι-25.
760 160 908 247 (ιθ-25.)
1072 167 1111 228 st

113 330 219 392 bouem
232 338 376 392 vocatum.
405 330 522 392 solitam
536 338 631 390 autem
647 328 757 393 Punico
769 329 849 391 hello
862 330 1029 407 alrilpbaao
1042 334 1112 393 Sici·

114 414 170 474 liae
193 414 391 491 promontorio
413 421 538 474 exeunte
562 414 660 473 classe
685 411 900 491 eCartlraginie
922 427 1005 494 portu
1029 419 1112 477 etiam

113 515 258 557 munerum
280 498 393 558 navium
415 496 524 559 dicere.
561 494 733 559 Callicrates
754 517 792 559 ers
811 498 901 557 ebore
924 501 1061 561 formicas
1086 510 1114 563 et

113 581 169 648 alia
184 590 242 640 tam
256 599 346 659 passa
361 582 431 641 iecit
446 580 576 644 animalia
593 590 623 639 ut
640 590 740 659 partes
757 599 856 641 eorum
877 602 893 641 a
910 585 1016 645 ceteris
1034 588 1113 645 cerni

87 683 171 730 cnon
185 674 316 742 possent.
348 664 540 740 Myrmecides
549 665 671 743 ‚quidam
684 668 714 725 in
729 666 834 727 eodem
853 684 963 742 genere
980 668 1113 729 inclaruit

114 749 253 831 quadriga
268 766 306 807 ex
322 750 424 812 eadem
438 749 557 810 materia
572 767 655 826 quarn
670 768 768 811 musca
789 752 933 827 integeret
950 752 1003 813 alis
1027 752 1112 815 labri·
1219 805 1224 811 .

115 842 179 893 cata
194 841 224 891 et
237 850 311 893 usve
329 850 413 910 quam
432 833 548 913 apicula
563 834 657 911 pinnis
673 832 876 914 absconderet.

177 915 228 978 22.
252 914 336 996 (22.)
366 917 486 980 eudicus
498 936 582 979 uuum
595 917 759 995 exemplum
773 916 859 979 lrabet
871 918 1012 994 mirabile,
1027 930 1154 998 prce-86

113 1001 183 1060 lium
197 1016 254 1077 quo
272 1000 393 1074 Sybaris
415 1000 513 1065 delata
530 1010 575 1061 eet
592 1019 629 1061 eo
646 1002 692 1063 dle
708 1018 766 1079 quo
781 1011 894 1078 gestum
909 1012 970 1062 erat
987 1004 1112 1065 auditum

80 1082 278 1161 soOlynrpiae.
324 1103 388 1145 naun
418 1086 523 1147 nomed
550 1082 711 1146 Cimbricae
744 1086 882 1145 victoriae
914 1084 1112 1165 Castoresque

114 1167 236 1228 Romani
252 1169 300 1246 qui
316 1168 463 1230 Persicam
476 1170 627 1229 uictoriam
643 1170 708 1246 ipso
723 1169 770 1230 dle
787 1186 845 1247 quo
862 1172 981 1247 contigit
998 1172 1111 1231 numda-

113 1270 183 1311 rere
203 1254 282 1313 uisus
297 1261 327 1311 et
341 1254 482 1316 numinum
497 1252 581 1313 luere
599 1254 762 1329 praesagia.
974 1311 977 1319 ,

176 1329 227 1395 23.
248 1334 333 1414 (23.)
366 1335 506 1397 Patientia
521 1338 672 1413 corporis,
690 1345 721 1395 ut
737 1346 781 1395 est
798 1334 901 1399 crebra
915 1354 980 1397 sors
996 1337 1154 1401 calami-et

114 1420 227 1500 tatinum,
247 1420 392 1480 innumera
412 1420 583 1482 documenta
599 1421 731 1498 peperit,
748 1420 936 1483 clarissimum
956 1422 984 1481 in
1000 1422 1112 1483 lerninis

81 1503 246 1565 ssLeaenae
262 1505 441 1579 meretricis,
463 1522 538 1581 quae
558 1514 632 1571 torta
649 1521 708 1566 non
728 1504 863 1565 indicavit
878 1504 1061 1567 Harmodium
1084 1516 1112 1567 et

113 1588 340 1663 Aristogitonem
356 1588 566 1663 tyrannicidae,
582 1590 695 1650 leniris
714 1587 894 1663 Anaxarchi,
914 1591 961 1667 qui
975 1590 1061 1651 simili
1075 1591 1112 1651 de
1188 1582 1196 1605 '

114 1689 202 1731 causa
219 1690 284 1731 cum
298 1680 481 1748 torqueretur
497 1690 666 1750 praerosam
680 1672 812 1733 dentibus
829 1672 956 1750 linquam
971 1692 1112 1751 unamque

4 1809 5 1820 ,
113 1773 196 1833 spera
211 1755 352 1816 iudiciiin
368 1758 479 1829 tyranni
495 1773 532 1814 oa
545 1758 669 1833 exspuit

174 1838 224 1900 24.
248 1838 332 1918 (24.)
362 1838 500 1900 Memoria
510 1842 706 1907 necessarium
718 1840 1156 1905 maxumauitseloaomcuisa

4 1955 5 1974 r
78 1924 271 2001 „praecipua
286 1923 374 1984 tuerit
387 1922 454 1983 laert
469 1924 557 1986 tacite
572 1924 651 1987 dictu
667 1934 712 1986 eat
727 1934 783 1987 tara
797 1926 893 1987 multis
909 1925 972 1986 eius
989 1925 1112 2002 gloriam

4 2007 6 2084 ]
115 2006 236 2084 adeptis.
267 2004 360 2081 cine
375 2024 428 2067 rex
445 2008 575 2068 omnibus
591 2009 620 2066 in
631 2010 763 2069 exercitu
777 2024 831 2067 suo
849 2008 983 2069 militibus
1000 2009 1114 2067 nomina

5 2133 6 2162 ,
114 2091 247 2166 reddidit,
260 2089 291 2147 L.
304 2090 404 2167 Scipio
420 2090 529 2168 populo
541 2090 682 2166 Romano,
695 2090 800 2154 (lineas
811 2090 892 2165 Pyrri
907 2088 987 2167 regii
1000 2092 1113 2167 legatas

5 2167 6 2216 1
115 2175 226 2238 senatui
238 2181 268 2232 et
282 2175 412 2251 equestri
424 2174 517 2233 ordini
531 2173 641 2233 Romae
655 2184 774 2252 postero
786 2175 834 2237 dle
845 2192 929 2252 quam
945 2173 1110 2235 advenerat.

5 2271 6 2274 ’
114 2256 293 2318 llitleridatae
309 2256 425 2317 duarum
441 2266 471 2317 et
485 2260 725 2334 rigimigentiuua
738 2278 793 2319 rex
806 2257 925 2320 totidem
937 2256 1044 2334 linguis
1052 2259 1114 2319 iura

78 2342 201 2415 zsdixit,
217 2358 270 2418 pro
286 2343 420 2401 contione
432 2342 560 2419 stapulas
574 2343 636 2401 siae
653 2344 811 2421 interprete
824 2342 947 2404 adlatas.
979 2338 1155 2405 chana-ee
1212 2394 1219 2403 .

114 2426 167 2486 das
183 2424 343 2501 quidam'in
355 2424 477 2486 Graecia
492 2443 566 2503 quae
577 2428 641 2503 quis
658 2429 790 2503 exegerit
804 2426 948 2491 volumina
963 2427 993 2489 in
1010 2425 1112 2489 biblio·

114 2509 209 2569 thecie
226 2508 349 2583 legentis
372 2510 457 2569 modo
478 2512 717 2588 repraesentavit.
748 2530 796 2573 ars
813 2522 962 2591 postremo
985 2516 1048 2575 eius
1070 2515 1115 2573 rei

112 2592 190 2653 iacta
205 2600 235 2649 et
248 2593 361 2653 inuenta
374 2602 419 2653 est
434 2611 450 2653 a
464 2594 610 2654 Simonide
625 2596 750 2669 melico,
768 2606 959 2658 consummata
975 2618 991 2659 a
1006 2598 1113 2657 ldetro·

112 2675 187 2753 doro
203 2676 346 2753 Scepsio,
362 2686 394 2735 ut
407 2677 475 2737 ntltt
492 2695 550 2737 non
565 2678 665 2739 iisdem
680 2680 777 2739 verbis
794 2680 965 2742 redderetur
977 2682 1113 2741 auditum.

77 2758 180 2822 aoNec
197 2759 275 2819 aliud
293 2769 338 2821 est
360 2778 453 2837 aequa
471 2761 576 2838 fragile
598 2764 626 2821 ia
646 2763 776 2838 tenire,
796 2762 959 2825 morborum
977 2772 1006 2825 et
1028 2775 1156 2829 casneto

113 2843 232 2904 iniurias
245 2852 331 2922 atque
346 2846 432 2903 etiarn
445 2855 536 2905 metus
552 2847 736 2920 sentit„eliaa
750 2847 953 2923 particulatim,
967 2848 1042 2909 alias
1053 2852 1113 2911 uui·

112 2944 209 2987 uersa.
243 2929 318 2987 ictus
341 2926 437 3004 lapide
460 2928 566 2989 oblitus
585 2938 630 2988 est
653 2930 766 2989 litteras
780 2939 895 2991 tautum
927 2950 967 2991 ex
982 2933 1112 3009 praealto

113 3020 193 3072 tecto
209 3011 308 3089 lapsus
331 3013 428 3071 matris
449 3020 478 3071 et
493 3012 623 3101 adliuipsu
645 3016 928 3091 propinquorumque
947 3017 1025 3093 cepit
1039 3015 1112 3075 obli·

111 3097 240 3170 aionem,
256 3094 329 3155 alius
341 3105 477 3172 aegrotus
488 3113 640 3175 servorum
652 3100 746 3170 etiam,
762 3100 809 3157 sui
819 3115 890 3157 vero
903 3101 1023 3159 nominis
1038 3097 1113 3157 llas·

77 3202 105 3245 se
115 3178 177 3238 sala
190 3177 332 3239 Corvinus
347 3189 454 3239 orator.
483 3181 580 3257 itaque
595 3196 686 3258 saepe
700 3181 828 3241 delicere
844 3191 962 3261 temptat
978 3202 1012 3243 ac
1026 3181 1113 3243 uredi-

113 3271 190 3323 tatur
204 3264 252 3324 rel
270 3265 370 3341 quieto
388 3278 513 3340 corpore
534 3273 563 3326 et
579 3264 686 3325 valido.
719 3282 820 3327 somno
842 3282 957 3347 quoque
975 3274 1113 3344 serpente

113 3355 291 3424 amputatur,
309 3356 338 3406 ut
352 3348 443 3407 inanis
460 3365 539 3407 mens
555 3358 676 3427 quaerat
692 3349 739 3408 ubi
756 3350 791 3411 sit
806 3350 873 3409 loci.

175 3427 226 3493 25.
246 3430 331 3510 (25.)
363 3430 457 3491 Animi
475 3434 577 3509 rigore
599 3434 874 3512 praestantissimum
888 3433 1012 3496 arbitror
1030 3433 1154 3511 geni-91

158 3534 226 3572 reru.
242 3535 303 3573 nar.
319 3535 388 3573 nisu.
405 3520 435 3574 ΙΙ.
