2542 3842
250 218 253 223 ,
382 158 882 244 onr.fl1sr.v1.t-9.(t-1o.)
984 239 987 248 .
1064 159 1123 221 221

126 320 970 488 tllt‘itt.tttlttdttlttt.ttti'ltttltt
986 327 1127 487 hild}

127 489 206 550 radit
229 508 319 569 super
339 490 510 551 Antiochiae
533 502 670 570 tractum,
697 505 727 557 et
755 511 847 573 usqne
873 494 908 554 ad
933 495 1127 571 Cyrresticam

128 574 191 633 eius
213 575 366 651 regionem
386 584 470 653 parte
492 595 544 636 sua
569 594 645 653 quae
666 586 788 639 vocatur
810 577 946 638 Cataonia
971 579 1125 644 contendit.
1230 645 1233 660 ,

104 658 230 802 apppppp
241 659 281 801 ipii
297 659 446 736 longitudo
464 659 553 720 Asiae
570 660 661 728 ffih
679 661 709 722 bl
728 679 864 742 passuum
882 661 988 738 eflicit,
1007 663 1125 725 latitudo

211 824 241 886 9.
278 825 342 906 (9.)
379 827 514 889 Armenia
536 837 630 890 autem
647 831 739 891 maior
762 830 904 908 incipiens
927 827 1167 892 aParibedrisao

126 908 270 970 montibus
282 909 429 989 Euphrate
440 930 539 989 amne,
552 914 694 974 utdictnm
706 922 761 989 est,
774 913 901 974 aufertur
912 911 1116 990 Cappadociae
1124 925 1167 976 aar

129 1002 174 1069 et,
192 1010 249 1070 qua
267 995 390 1055 discedit
408 993 590 1074 Euphrates,
611 995 840 1077 Mesopotamiae
856 997 924 1056 hant
939 997 1029 1054 minus
1044 997 1124 1059 claro
1194 1063 1198 1074 λ

17 1128 18 1149 ,
94 1093 211 1138 aramue
227 1076 318 1154 Tigri.
351 1087 502 1158 utmmquc
527 1080 619 1140 fundit
639 1083 703 1160 ipsa
727 1088 756 1140 et
771 1082 879 1140 initium
896 1078 1125 1157 Mesopotamiae

16 1170 18 1269 l

127 1161 198 1240 lacit
218 1161 295 1220 inter
318 1161 391 1221 dnos
411 1164 501 1222 amnis
526 1165 611 1224 sitae.
655 1174 750 1224 terrae
772 1165 848 1240 quod
876 1165 996 1223 interest
1020 1163 1058 1222 ibi
1082 1172 1124 1222 te·

127 1253 197 1304 nent
219 1241 333 1304 Arabes
360 1243 439 1306 Orsi.
480 1248 524 1306 sic
543 1247 628 1306 linem
650 1265 742 1325 usque
763 1249 792 1305 in
812 1246 981 1306 Adiabenen
1002 1246 1123 1324 perient.

128 1328 165 1390 ab
185 1344 220 1387 ea
244 1330 418 1388 transversis
439 1329 647 1407 iugis-inclusa
670 1330 845 1390 latitudinem
866 1333 894 1390 in
920 1331 1001 1390 laeva
1028 1329 1126 1408 pandit
1190 1405 1191 1410 η

128 1410 165 1472 ad
183 1410 289 1486 (lyram
312 1429 424 1472 amnem
446 1421 611 1474 transversa
628 1415 764 1489 Araxen,
786 1414 993 1490 longitudinem
1004 1431 1077 1473 vero
1088 1413 1125 1472 ad
1247 1419 1250 1426 '

88 1493 266 1561 ‘seminarem
293 1513 386 1573 usque
409 1496 590 1574 Armeniam,
618 1498 747 1558 Absarro
775 1515 856 1557 amne
881 1499 909 1557 in
933 1497 1051 1558 Pontum
1073 1496 1123 1556 de·

129 1578 236 1640 buente
254 1587 283 1639 et
293 1579 456 1650 Parihedris
468 1582 612 1642 montibus
630 1583 678 1668 qui
695 1582 816 1642 fundunt
824 1579 982 1642 Absarrum
998 1581 1124 1640 discreta

14 1644 15 1659 ¹
129 1661 165 1722 m
181 1662 240 1724 rua.

212 1746 297 1826 (10.)
333 1747 427 1822 cyrus
450 1751 542 1811 oritur
561 1751 591 1816 in
617 1749 784 1824 lleuiochiis
806 1747 948 1809 montibus
976 1765 1049 1828 quos
1072 1747 1165 1810 aliito

130 1827 290 1890 Coraxicos
309 1848 472 1908 vocavere,
498 1833 613 1896 Araxes
636 1834 740 1894 eodem
762 1842 858 1894 monte
879 1849 937 1912 quo
959 1831 1122 1910 Euphrates

95 1911 171 1972 2⁰Vl
198 1912 227 1973 lt
251 1932 387 1992 passuum
414 1916 584 1993 intervallo,
614 1927 774 1996 auctusque
798 1935 880 1978 amne
908 1915 961 1986 llsi
989 1924 1019 1975 et
1046 1916 1122 1995 ipse,

128 2006 160 2056 nt
180 1997 280 2075 plures
304 2001 531 2077 existumarem,
554 2019 571 2062 a
592 2000 669 2076 Cyro
689 2002 817 2061 defertur
836 2001 865 2059 in
885 1997 1018 2077 Caspium
1033 2015 1122 2059 mare.

130 2078 244 2158 Oppida
269 2079 454 2140 celebrantur
474 2085 503 2141 in
526 2086 636 2142 minore
664 2083 825 2156 Caesarea,
856 2080 933 2156 Aaa,
961 2081 1122 2159 Nicopolis,

114 2164 159 2222 -in
173 2162 283 2221 maiore
299 2162 485 2223 Arsamosata
501 2163 641 2242 Euphrati
661 2180 845 2242 proxumum,
865 2163 943 2239 Tigri
957 2161 1123 2224 Gareathio-

130 2254 228 2321 certa,
256 2246 285 2304 in
309 2245 547 2306 excelso-autem
569 2246 793 2323 Tigranocerta,
820 2255 850 2306 at
870 2247 898 2305 in
921 2248 1029 2323 campis
1046 2248 1123 2306 iuxta

94 2330 248 2392 aaAraxeu
259 2330 406 2389 Artaxata.
428 2329 587 2390 Universae
601 2332 822 2408 magnitudinem
836 2325 1003 2396 Auidins'rj
1015 2327 1119 2408 hlpro·
1131 2338 1164 2392 at

130 2413 218 2488 didit,
239 2411 375 2474 claudius
389 2411 498 2477 Gaesar
513 2414 719 2492 longitudinem
737 2433 753 2475 a
770 2413 900 2474 Dascusa
918 2415 957 2474 ad
972 2413 1124 2474 conlinium

131 2495 231 2574 Caspii
252 2498 338 2557 maris
355 2498 430 2565 ῑιῖῐ
451 2497 480 2559 Μ
505 2516 658 2578 passuum,
688 2499 862 2560 latitudinem
892 2498 1036 2559 dimidium
1061 2499 1123 2557 eius

131 2598 149 2640 a
168 2580 375 2657 Tigranocerta
391 2581 428 2642 ad
445 2580 577 2644 iberiam.
591 2623 603 2630 .,
615 2584 764 2656 dividitur,
787 2579 864 2665 qnod
884 2591 992 2643 certum
1012 2590 1073 2658 est,
1096 2581 1125 2639 in

131 2665 348 2743 praefecturas,
372 2684 443 2744 quas
461 2665 657 2746 στρατηγίας
674 2677 794 2742 vocant,
815 2665 950 2744 quasdam
968 2683 1004 2724 cx
1023 2666 1057 2724 iis
1075 2663 1124 2724 rel

95 2748 244 2824 aosingnrla
257 2766 348 2826 regna
366 2745 532 2827 qnondam,
545 2749 675 2810 barbaris
693 2749 853 2810 nominibus
868 2745 955 2806 CXX.
991 2747 1125 2832 claudunt

132 2848 197 2892 eam
205 2841 317 2893 montes
327 2832 364 2893 ab
376 2835 498 2908 oriente,
508 2833 560 2894 sed
571 2849 628 2893 non
640 2835 743 2908 statim,
757 2832 901 2906 Ceraunii,
913 2829 1125 2891 necAdiaheue

130 2915 224 2992 regio.
253 2915 339 2989 Quod
355 2917 476 2978 interest
494 2917 567 2994 spati
580 2915 711 2994 Cepheni
728 2922 835 2976 tenent.
864 2913 900 2973 ab
913 2913 1035 2989 hisiuga
1049 2913 1121 2974 ultra
1131 2923 1167 2976 28
1224 2909 1230 2981 ,’

130 2997 273 3059 Adiabeni
290 3007 403 3074 tenent,
419 3017 473 3078 per
485 3000 626 3060 convallis
644 3008 738 3058 autem
752 2997 883 3076 proxumi
894 2996 1048 3056 Armeniae
1061 3005 1126 3058 sunt

132 3079 301 3143 blenobardl
324 3091 354 3142 ct
372 3081 532 3142 Moscheni.
582 3080 752 3142 Adiabenen
768 3079 863 3157 Tigris
885 3088 914 3140 et
930 3089 1042 3140 montes
1057 3081 1125 3140 invii

34 3211 37 3215 «
97 3165 259 3242 accingunt.
303 3164 349 3225 Ab
365 3166 449 3225 laeva
467 3166 530 3224 eius
546 3167 629 3242 regio
646 3163 795 3224 bledornm
817 3172 863 3223 est
883 3163 918 3223 ad
939 3173 1124 3243 prospectum

133 3246 232 3327 Caspii
243 3249 338 3314 maris.
363 3266 402 3308 ex
412 3263 525 3308 oceano
535 3248 603 3324 hoc,
615 3256 646 3307 ut
657 3264 710 3308 suo
723 3248 789 3308 loco
802 3246 1122 3326 dicemus,.inlunditur,
1133 3267 1156 3302 aa

133 3340 281 3409 totumque
295 3329 443 3391 Caucasiis
452 3331 595 3394 montibus
608 3333 739 3410 cingitur.
768 3330 884 3394 Incolae
904 3349 959 3412 per
974 3331 1124 3394 confinium

133 3415 287 3478 Armeniae
303 3433 377 3477 nunc
394 3414 547 3480 dicentur.·
