2542 3842
325 124 870 233 ann.a1sn.11.vo—ea.(s1-ea)
1074 153 1134 216 109

133 314 257 375 interdiu
273 323 320 395 aut
335 314 421 393 paulo
437 324 504 394 post
520 332 657 375 occasum
673 333 779 377 sereno
792 318 888 378 tenuis
904 335 958 379 ceu
974 317 1042 379 linia
1056 318 1133 379 nube

133 400 162 458 ia
178 399 295 474 longmn
312 407 448 475 porrecta
464 400 596 476 spatium.

196 480 246 541 82.
260 479 343 558 (84.)
356 480 409 540 Εει
425 490 454 541 ει
469 482 497 539 in
511 482 606 559 puteis
621 482 762 543 turbidior
777 499 851 559 aqua
864 500 920 546 nec
934 485 996 545 sine
1012 485 1112 548 odoris
1124 493 1175 550 rat

131 565 240 626 taedio.
259 565 334 623 sicut
350 565 379 623 in
393 564 496 624 iisdem
512 573 556 623 εει
570 565 743 642 remedium,
766 565 851 643 quale
869 574 899 625 et
913 567 1008 627 crebri
1022 586 1131 646 specus

110 647 295 728 spraebent,
323 655 495 725 conceptum
513 649 588 708 enim
610 650 740 727 spiritum
757 646 901 708 exhalant.
928 651 1005 727 quod
1019 652 1048 709 ia
1063 653 1131 710 totis

131 740 248 792 notatur
264 730 389 809 oppidis.
405 731 497 798 minus
508 733 670 809 quatiuntur
683 732 796 791 crebris
807 732 843 792 ad
856 730 980 791 eluviem
993 735 1131 793 cuniculis

133 822 245 887 cavata,
258 813 404 893 multoque
412 823 476 873 sunt
485 816 587 875 tutiora
600 817 628 879 in
637 816 739 876 iisdem
750 815 808 875 illis
820 832 895 893 quae
908 814 1045 892 pendent,
1058 818 1146 876 siout.

131 898 259 976 Neapoli
271 898 300 955 in
310 896 390 959 ltalia
403 896 581 974 intellegitur
592 908 674 978 parte
695 900 756 959 eius
769 916 843 976 quae
854 899 947 959 solida
961 906 1006 958 est
1018 898 1054 959 ad
1065 899 1131 957 talis

134 999 220 1041 casus
237 980 373 1040 obnoxia.
405 980 547 1041 Tutissimi
565 990 629 1041 sunt
647 982 844 1043 aedificiorum
867 981 1013 1057 fornices,
1035 981 1132 1057 anguli

97 1081 250 1143 aoquoque
267 1065 407 1142 parietum
423 1074 583 1143 postesque
600 1065 712 1125 alterno
729 1065 813 1143 pulsu
827 1066 979 1125 renitente.
999 1074 1028 1124 et
1038 1065 1131 1124 latere
1160 1084 1168 1093 “

132 1158 252 1209 terreno
268 1146 336 1207 facti
351 1148 479 1224 parietes
493 1149 603 1211 minore
619 1165 696 1208 noxa
713 1149 883 1226 quatiuntur.
910 1147 1013 1223 blagna
1029 1148 1173 1213 dide-198
1231 1194 1236 1197 -

131 1232 225 1293 rentia
244 1239 288 1290 est
306 1231 377 1289 etin
394 1232 459 1308 ipso
474 1249 587 1307 genere
601 1240 712 1306 motus,
735 1230 865 1309 pluribus
882 1229 1024 1308 siquidem
1038 1232 1130 1291 modis

132 1316 268 1394 quatitur.
303 1312 484 1375 Tutissimum
503 1324 547 1375 est
563 1332 627 1374 cum
653 1314 746 1374 vibrat
770 1314 915 1390 crispante
935 1312 1130 1373 aedificiorum

133 1400 248 1475 crepitu
266 1403 295 1455 et
310 1414 374 1455 cum
390 1398 551 1459 intumescit
566 1398 726 1474 adsurgens
742 1396 912 1475 alternoque
926 1406 1004 1457 motu
1018 1396 1130 1471 residit,

96 1482 278 1547 asinaoxium
298 1488 328 1540 et
351 1498 415 1541 cum
441 1482 643 1541 concurrentia
663 1490 742 1541 tecta
763 1481 908 1540 contrario
924 1481 983 1539 ictu
998 1481 1130 1553 arietant,

132 1565 267 1644 quoniam
289 1563 364 1624 alter
384 1574 476 1624 motus
500 1564 584 1625 alteri
608 1565 748 1625 renititur.
777 1564 909 1624 undantis
932 1562 1078 1622 inclinatio
1102 1570 1132 1621 et

132 1648 237 1709 fluctus
250 1663 331 1706 more
344 1644 491 1725 'quaedam
505 1648 644 1709 volutatio
660 1648 765 1708 infesta
780 1654 841 1722 est,
857 1653 905 1705 aut
921 1664 984 1706 cum
1003 1647 1032 1704 in
1048 1662 1131 1705 unam

133 1739 246 1809 partem
267 1738 343 1789 totus
366 1748 400 1789 se
421 1739 514 1789 motus
536 1732 659 1808 inpellit.
693 1730 835 1789 Desinunt
856 1737 951 1789 autem
975 1737 1129 1801 tremores,

133 1832 199 1895 cqm
210 1821 313 1873 ventus
325 1816 453 1889 emersit,
470 1814 514 1873 sia
530 1814 601 1873 vero
618 1814 772 1888 duravere,
788 1830 845 1871 non
860 1822 926 1872 ante
943 1812 1130 1890 quadraginta

95 1898 197 1959 aodies
220 1898 373 1971 sistuntur,
403 1896 571 1975 plerumque
596 1906 625 1957 et
648 1897 774 1971 tardius,
799 1905 901 1975 utpote
930 1913 992 1954 cum
1015 1893 1131 1973 quidam

132 1996 227 2041 annuo
244 1987 273 2039 et
287 1978 383 2039 bienni
400 1982 495 2065 spatio
512 1981 685 2041 duraverint.
793 1991 797 1998 ‘
954 2018 964 2030 s

195 2062 245 2123 83.
263 2060 345 2139 (85.)
362 2060 479 2122 Factum
495 2072 539 2121 est
554 2064 661 2138 semel,
684 2063 761 2141 quod
778 2062 912 2140 equidem
926 2062 954 2118 in
968 2057 1109 2118 Etruscae
1122 2066 1172 2121 199

133 2145 305 2221 disciplinae
320 2144 510 2204 voluminibus
531 2147 664 2218 invenio,
686 2147 789 2218 ingens
811 2152 951 2202 terrarum
967 2150 1131 2218 portentum

132 2228 164 2289 1..
177 2226 287 2287 Marcio
300 2226 369 2287 Sex.
385 2227 458 2289 lulio
476 2243 554 2287 coss.
571 2228 599 2285 in
615 2244 687 2301 agro
695 2223 860 2284 Mutinensi.
881 2241 1004 2300 namque
1017 2232 1131 2279 montes

96 2332 123 2373 aa
137 2312 193 2371 duo
209 2312 285 2369 inter
300 2328 333 2368 sc
350 2319 556 2371 concurrerunt
570 2310 682 2385 crepitu
703 2323 836 2367 maxumo
852 2306 1029 2382 adsultantes
1047 2321 1130 2362 rece-

135 2395 314 2471 dentesque,
338 2395 412 2453 iater
428 2412 480 2454 eos
496 2394 606 2454 flamma
622 2392 757 2470 fumoque
772 2392 803 2452 in
819 2388 931 2450 caelum
949 2394 1074 2446 exeunte
1090 2388 1130 2445 in·

133 2475 247 2549 terdiu,
276 2485 424 2553 spectante
441 2495 458 2536 e
474 2478 521 2536 ria
535 2476 660 2536 Aemilia
676 2492 779 2551 magna
794 2474 921 2553 equitum
938 2470 1132 2530 Romanorum

133 2558 363 2637 familiarumque
388 2568 418 2619 et
440 2562 580 2621 viatorum
603 2559 789 2618 multitudine.
816 2573 853 2616 eo
879 2572 1020 2615 concursu
1043 2553 1132 2613 villae
1226 2555 1229 2559 ’

135 2660 237 2703 omnes
253 2642 355 2716 elisae,
372 2644 501 2703 animalia
517 2641 658 2720 permulta
673 2660 748 2719 quae
763 2641 835 2699 intra
845 2639 959 2698 fuerant
971 2638 1132 2695 exanimata

96 2733 216 2800 absunt,
239 2741 313 2783 aruro
336 2735 401 2785 ante
423 2726 532 2787 sociale
552 2725 660 2786 bellum
676 2724 753 2802 quod
769 2722 844 2781 haud
860 2721 924 2779 scio
941 2737 976 2778 an
990 2718 1132 2776 funestius

132 2817 232 2867 terrae
248 2808 305 2885 ipsi
319 2807 418 2868 ltaliae
432 2809 518 2869 fuerit
529 2827 613 2887 quam
629 2807 708 2867 bella
721 2804 827 2865 civilia.
852 2801 918 2861 Non
929 2801 1022 2863 minus
1032 2800 1132 2857 mirum

134 2899 279 2951 ostentum
295 2899 325 2951 et
339 2900 437 2951 nostra
453 2892 590 2967 cognovit
605 2893 773 2948 aetas'anno
789 2885 916 2945 Neronis
930 2883 1068 2959 principis
1084 2899 1131 2938 su·

133 2989 248 3050 premo,
265 2974 339 3033 sicut
354 2974 382 3032 in
397 2973 485 3032 rebus
501 2976 562 3032 eius
578 2970 775 3048 exposuimus,
791 2968 881 3044 pratis
896 2965 1028 3041 oleisque
1044 2964 1130 3021 inter-

135 3056 260 3115 cedente
283 3054 400 3132 publica
421 3057 469 3115 via
494 3057 522 3113 in
538 3054 698 3115 contrarias
709 3051 791 3126 ‚sedis
807 3048 997 3123 transgressis
1014 3048 1043 3104 in
1060 3062 1131 3122 agro

98 3136 310 3212 tulliarrucino,
326 3138 454 3216 praediis
470 3136 557 3198 Vecti
571 3134 702 3197 Marcelli
718 3132 822 3211 equitis
837 3130 958 3191 Romani
974 3148 1024 3189 res
1038 3127 1131 3187 Nero-

134 3220 180 3279 nis
194 3222 387 3297 procurantis.

198 3302 249 3363 84.
270 3300 354 3382 (86.)
372 3302 456 3363 Fiunt
479 3302 562 3362 simul
585 3319 648 3362 cum
663 3307 760 3360 terrae
775 3305 853 3357 motu
870 3305 899 3356 et
913 3295 1111 3355 inundationes
1121 3302 1174 3354 200

96 3412 101 3421 ·
134 3386 220 3446 maris
237 3386 343 3445 eodem
358 3385 496 3447 videlicet
517 3386 617 3464 spiritu
635 3381 719 3443 inlusi
735 3398 769 3442 ae
790 3390 887 3441 terrac
902 3377 1055 3438 residentis
1071 3375 1132 3433 sinu
