2542 3842
190 240 194 245 .
305 201 385 250 nar.
402 199 493 250 mar.
511 201 548 249 11.
565 194 686 252 67—69.
703 182 854 270 (nt-69.)
1061 184 1142 247 103-

115 359 256 439 premitur
262 374 348 416 omne
360 354 498 433 quidquid
510 363 556 413 est
565 354 726 413 subiectum
737 351 848 413 duabus
858 352 1005 413 extremis
1024 352 1120 411 utrim-

117 460 172 522 que
191 443 271 501 oirca
286 440 426 514 vertices,
442 438 517 497 hunc
534 438 583 517 qni
598 437 722 495 trionum
737 445 851 513 septem
865 445 985 496 vocatur
997 453 1121 514 eumque

117 528 164 607 qui
179 525 322 589 adversus
334 522 376 581 illi
390 523 532 582 austrinus
547 520 721 598 appellatur.
748 527 891 598 perpetua
905 519 999 595 caligo
1011 518 1120 582 utrobi-

118 628 173 687 que
190 616 220 667 et
236 607 333 667 alieno
351 605 514 665 molliorum
530 605 657 664 siderum
672 604 815 681 adspectu
829 602 953 678 maligna
967 620 1003 661 ac
1019 604 1121 681 pruina

96 702 224 755 stantum
242 690 372 750 albicans
390 689 448 748 lux.
476 686 571 747 media
590 704 663 746 vero
687 696 844 760 terrarum,
870 702 926 763 qna
943 684 1014 744 solis
1028 687 1121 745 orbita

118 786 179 850 est,
205 782 308 833 exusta
330 772 451 833 llamnris
474 780 504 830 et
526 780 652 831 cremata
667 770 825 829 cornminus
839 784 952 845 vapore
967 775 1121 829 torrentur.

119 860 198 919 circa
211 858 285 917 duae
301 864 407 915 tantum
418 856 493 914 inter
511 864 641 915 exustam
653 862 683 930 et
696 853 815 929 rigentis
831 859 1039 929 temperantur,
1056 870 1122 911 eae-

119 960 175 1021 que
198 943 281 1019 ipsae
298 941 373 999 inter
396 957 428 997 se
452 955 509 998 non
532 940 653 1016 perviae
676 944 800 1015 propter
822 935 986 996 incendium
1008 934 1122 995 sideris.

119 1026 162 1085 lta
177 1034 274 1085 terrae
291 1025 343 1083 tris
359 1023 449 1100 partis
460 1022 576 1081 abstulit
588 1021 710 1094 caelum,
727 1021 830 1079 oceani
841 1021 941 1097 rapina
953 1020 983 1077 in
993 1019 1105 1078 incerto
1117 1024 1167 1079 na

62 1125 110 1187 ,aa
120 1117 176 1169 est.
205 1108 257 1167 sed
282 1115 311 1166 et
335 1106 437 1165 relicta
458 1104 543 1164 nohis
564 1123 619 1165 una
641 1105 736 1182 portio
758 1103 835 1163 haud
859 1104 921 1174 scio
943 1120 979 1161 an
994 1103 1080 1163 etiam
1096 1102 1124 1160 in

118 1190 349 1253 maiore-damno
366 1190 411 1247 sit.
441 1189 518 1248 idem
537 1188 679 1265 siqnidem
695 1204 825 1246 oceanus
838 1186 949 1245 inlusus
963 1187 992 1244 in
1008 1186 1123 1257 multos,

118 1283 151 1335 ut
166 1274 306 1348 dicemus,
324 1274 401 1331 sinus
414 1272 488 1333 adeo
499 1272 595 1331 ricino
607 1288 731 1332 accessu
746 1272 857 1330 interna
871 1269 960 1329 maria
974 1268 1095 1328 adlatret
1109 1264 1166 1350 ¹214?

119 1366 152 1419 ut
174 1366 290 1417 centum
311 1356 475 1434 quindecim
492 1354 606 1415 milibus
628 1371 762 1433 passuum
778 1351 924 1411 Arabicus
944 1351 1024 1411 sinus
1039 1352 1126 1411 distet

120 1441 158 1503 ab
175 1439 326 1518 Aegyptio
347 1440 432 1515 mari,
457 1436 581 1517 Caspius
602 1455 675 1497 vero
693 1434 872 1496 CCCLXXV
888 1434 1002 1494 milibus
1020 1453 1037 1495 a
1052 1434 1126 1495 Pon·

84 1526 191 1600 attico,
210 1522 287 1583 idem
302 1522 457 1581 interfusus
472 1523 557 1585 intrat
572 1540 627 1600 per
641 1530 685 1581 tot
695 1520 784 1580 maria
795 1518 899 1598 quihus
911 1517 1050 1593 Africam,
1068 1517 1125 1577 Eu·

118 1625 233 1687 ropam,
250 1606 349 1666 Asiam
360 1606 509 1683 dispescit,
525 1614 659 1687 quantum
671 1613 812 1665 terrarum
825 1599 969 1681 occupati
992 1600 1106 1679 Goupu·
1118 1608 1169 1665 171

118 1700 198 1752 tetur
214 1690 389 1749 etiamnunc
405 1700 539 1749 mensura
556 1698 598 1749 tot
620 1688 782 1763 iluminnm,
808 1694 948 1747 tantarum
969 1685 1125 1765 paludium,

120 1774 262 1835 addantur
278 1782 306 1832 et
322 1773 419 1849 lacus,
442 1782 553 1849 stagna,
580 1773 636 1833 iam
652 1772 730 1834 elata
745 1772 773 1829 in
795 1770 907 1831 caelum
923 1777 952 1829 et
972 1769 1061 1830 ardua
1076 1769 1125 1829 ad·

121 1865 228 1935 spectu
245 1873 360 1934 quoqne
376 1857 454 1933 iuga,
472 1857 527 1915 iam
542 1856 634 1917 silvae
650 1855 804 1933 vallesque
821 1862 996 1933 praeruptae
1012 1861 1042 1913 et
1057 1851 1126 1911 soli·

84 1939 378 2001 antudinesetmille
394 1940 489 1999 causis
506 1940 632 2000 deserta.
649 1938 835 1999 detrahantur
848 1938 905 1999 luae
921 1937 1127 2015 totportioues

121 2034 231 2097 terrae,
249 2024 333 2083 immo
349 2040 431 2099 vero,
449 2032 478 2082 nt
493 2022 593 2100 plures
606 2023 764 2097 tradidere,
779 2022 876 2081 mundi
892 2028 998 2098 puncto
1015 2020 1126 2097 (neque

122 2105 298 2167 animaliud
314 2114 358 2165 est
378 2114 455 2171 terra
476 2108 504 2165 in
521 2107 689 2184 universo):
715 2105 791 2164 haec
814 2113 859 2163 est
873 2104 992 2163 materia
1013 2103 1126 2178 gloriae

121 2198 258 2264 nostrae,
283 2189 357 2249 haec
378 2190 475 2249 sedes.
505 2188 553 2247 hic
568 2188 698 2247 honores
717 2187 863 2261 gerimus,
886 2184 934 2244 hic
956 2194 1128 2243 exercemus

121 2274 257 2351 imperia,
275 2271 322 2331 hic
338 2289 411 2350 opes
425 2273 567 2349 cupimus,
583 2269 630 2335 hic
645 2268 844 2329 tumultuamur
859 2267 1009 2328 humanum
1025 2289 1128 2349 genus,

86 2356 171 2416 auhic
187 2356 377 2415 instauramus
388 2355 467 2419 bella
484 2357 570 2415 etiam
586 2352 692 2428 civilia,
708 2354 870 2433 mutuisque
887 2354 1026 2415 caedibus
1038 2356 1128 2415 laxio-

122 2457 186 2498 rem
205 2437 326 2497 faeimus
341 2446 456 2499 terram.
484 2448 514 2499 et
537 2446 566 2497 ut
587 2436 723 2516 publicos
743 2439 871 2515 gentium
884 2437 1000 2499 iurares
1015 2448 1107 2500 trans·
1120 2446 1170 2502 175

123 2539 206 2597 eam,
222 2520 297 2581 haec
311 2522 409 2600 inqua
431 2523 625 2583 conterminos
648 2521 783 2600 pellimus
802 2522 938 2601 furtoque
957 2523 1044 2582 vicini
1061 2542 1127 2583 cae·

122 2606 230 2681 spitem
245 2612 345 2664 nostro
363 2605 427 2665 solo
445 2604 623 2681 adiudimns,
647 2615 678 2665 ut
696 2608 746 2683 qui
768 2605 908 2666 latissime
925 2622 992 2665 rura
1006 2614 1128 2666 metatus

122 2688 212 2747 inerit
228 2687 360 2765 ultraque
381 2688 484 2749 famam
500 2692 633 2767 exegerit
650 2688 770 2749 adcolas
786 2697 873 2766 quota
888 2696 1029 2749 terrarum
1045 2697 1128 2765 parte

88 2770 266 2847 adgaudeat,
294 2770 343 2829 vel
358 2790 422 2830 cum
436 2772 473 2831 ad
489 2790 652 2832 mensuram
667 2772 805 2833 avaritiae
821 2788 891 2829 suae
909 2772 1126 2848 propagaverit,

123 2870 210 2931 qnam
227 2852 342 2912 tandem
360 2855 523 2931 portionem
539 2856 602 2915 eius
619 2856 771 2917 defunctus
786 2851 927 2933 optineat!

186 2936 238 2997 69.
256 2936 339 3014 (69.)
355 2936 479 2997 llediam
502 2956 569 3000 esse
584 2948 691 2998 terram
707 2937 801 2995 mundi
822 2937 908 2995 totins
927 2934 994 2995 lraut
1015 2935 1107 2996 dubiis
1120 2946 1169 3003 176

124 3026 239 3079 constat
255 3021 449 3095 argumentis,
474 3021 528 3081 sed
546 3016 705 3082 clarissime
721 3018 885 3097 aequinocti
903 3017 1022 3095 paribus
1035 3019 1125 3079 horis.

123 3120 189 3161 nam
205 3101 261 3159 nisi
276 3103 304 3159 in
319 3103 415 3163 medio
432 3112 523 3178 esset,
539 3104 681 3181 aequales
696 3104 760 3161 dies
775 3109 937 3181 noctesque
954 3100 1055 3163 haberi
1070 3120 1127 3163 non
1207 3137 1213 3143 ·

90 3190 259 3262 sepossent.
290 3183 523 3264 Deprehendere
547 3194 577 3245 et
598 3186 748 3264 dioptrae,
776 3202 851 3263 quae
874 3185 923 3244 vel
944 3204 1074 3246 maxume
1099 3187 1126 3245 id

125 3268 313 3342 confirmant,
337 3286 401 3329 cum
424 3269 631 3345 aequinoctiali
644 3278 776 3344 tempore
794 3286 832 3329 ex
846 3269 949 3329 eadem
964 3269 1031 3328 linia
1047 3278 1126 3328 ortus

125 3367 311 3431 occasusque
327 3362 472 3429 cernatur,
488 3352 632 3415 solstitiali
645 3358 764 3413 exortus
774 3368 829 3432 per
843 3369 923 3414 snam
938 3350 1044 3427 liniam,
1060 3350 1125 3410 bru·
