2542 3842
142 134 200 195 152
457 164 472 191 ι
486 144 516 191 c.
534 144 630 197 atriu
646 144 798 191 saccum

138 302 250 381 pariunt
273 300 404 377 singulos
430 298 623 375 magnitudine
646 298 729 358 vituli
749 299 911 361 tritnestris.
949 302 1054 361 cameli
1068 303 1143 363 duc·

139 386 232 447 decim
247 385 393 445 mensibus
405 384 510 455 lerunt,
527 402 542 443 e
559 385 673 443 trimatu
687 383 798 460 pariunt
814 402 884 443 uere
899 386 1057 464 iterumque
1074 398 1144 464 post

98 480 257 534 180annum
274 470 418 547 inplentur
432 486 448 527 a
464 476 556 545 partu.
590 484 681 545 equas
699 477 794 527 autem
815 479 883 547 post
900 472 1012 531 tertium
1027 472 1143 531 demum

21 550 30 573 ⁸
139 564 187 615 ant
204 564 271 634 post
291 572 373 613 unum
389 552 424 611 ab
441 554 526 611 enixu
542 552 651 633 utiliter
666 552 774 611 admitti
788 562 898 631 putant,
920 564 1083 633 coguntque
1097 558 1141 614 in-

139 641 221 698 vitas.
253 639 306 725 sed
322 638 389 697 muli
404 646 496 701 mater
515 646 649 715 septumo
673 638 721 697 die
743 639 901 716 concipere
922 638 1059 699 facillime
1076 658 1169 701 cre-s

140 723 224 783 ditur.
258 740 396 800 equarum
411 720 493 781 iubas
508 720 630 779 tondere
648 722 845 799 praecipiunt,
863 731 894 781 ut
916 726 1060 783 asinorum
1081 726 1142 782 coi·
1174 778 1176 782 ,

140 817 197 868 tum
221 808 364 885 patiantur
384 804 550 863 humilitate.
598 807 738 863 comantis
761 808 837 865 enirn
857 807 952 883 gloria
977 808 1139 887 superbire.

95 920 108 941 a
140 893 250 951 ocoitu
267 891 349 951 solae
373 888 533 952 animalium
556 899 674 948 currunt
693 889 885 950 exadversum
904 893 1071 969 aquilonem
1093 912 1141 952 au·

140 986 277 1052 strumve,
293 983 379 1055 prout
395 992 503 1033 marem
525 982 573 1033 ont
589 974 723 1073 lem'qncm
737 993 922 1053 concepere.
955 977 1088 1036 colorem
1107 978 1140 1035 il·

140 1062 197 1120 lico
211 1069 319 1122 mutant
330 1058 464 1150 rubriore
478 1058 537 1137 pilo
551 1057 599 1117 vel
616 1076 789 1137 quicumque
804 1062 843 1119 sit
859 1060 1000 1139 pleniore.
1028 1062 1087 1121 boc
1097 1080 1142 1121 ar·
1152 1086 1180 1126 rc

140 1155 276 1222 gumento
292 1144 425 1205 desinunt
440 1144 602 1217 admittere,
620 1145 705 1203 etiem
720 1144 855 1203 nolentis.
885 1164 942 1205 nec
955 1147 1066 1224 inpedit
1076 1164 1141 1223 par·

140 1239 186 1289 tus
201 1228 338 1309 quasdam
353 1226 389 1288 ab
408 1244 505 1305 opere,
515 1228 677 1305 falluntque
696 1230 846 1304 gravidae.
879 1231 988 1289 vicisse
1009 1229 1141 1308 otynpta

102 1322 365 1392 tsstpraegnantem
395 1310 596 1373 Echecratidis
623 1312 756 1374 Thessali
781 1316 950 1373 invenimus.
984 1314 1087 1392 liquos
1112 1322 1171 1372 et·

141 1416 228 1459 canes
244 1408 273 1457 et
288 1416 355 1458 sues
368 1398 466 1456 initum
476 1398 652 1475 ,matutinum
668 1397 823 1474 adpetere,
830 1399 952 1458 feminae
969 1399 1063 1461 aretem
1074 1408 1143 1477 post

141 1484 288 1543 meridiem
310 1482 433 1540 blandiri
463 1481 663 1555 diligentiores
686 1482 808 1541 tradunt.
842 1502 933 1561 equas
954 1484 1075 1543 domitas
1093 1496 1177 1546 Lxrs

141 1566 243 1625 diebus
266 1565 366 1642 equire
390 1574 456 1624 ante
480 1581 563 1641 quam
588 1563 742 1641 gregales,
765 1585 834 1625 sues
849 1577 956 1626 tantum
973 1570 1049 1627 coitu
1074 1584 1144 1644 spn-

140 1668 212 1709 mam
229 1667 279 1707 ore
295 1648 427 1722 fundere,
443 1664 557 1707 verrem
573 1647 701 1707 subantis
715 1650 810 1710 audita
826 1666 913 1724 voce,
925 1653 953 1707 ni
968 1650 1143 1724 admittatur,
1225 1697 1228 1701 .

142 1733 235 1792 cibum
251 1748 307 1790 nou
324 1748 431 1809 capere
447 1748 539 1809 usque
556 1733 583 1788 in
599 1732 731 1805 maciem,
749 1734 870 1791 feminas
885 1742 980 1791 autem
991 1736 1019 1791 in
1035 1744 1145 1792 tontum
1254 1779 1255 1812 3

141 1816 254 1875 efferari
271 1825 301 1874 ut
315 1815 458 1875 bominem
473 1814 635 1888 lancinent,
658 1814 779 1875 candida
799 1824 930 1877 maxume
951 1826 1035 1874 veste
1060 1803 1149 1874 indul
1254 1823 1255 1872 l

99 1908 220 1963 lssttum.
250 1899 347 1959 rabies
369 1916 404 1958 ea
428 1906 513 1972 aceto
530 1899 806 1974 mitigaturnaturae
831 1898 981 1978 adsperso.
1011 1898 1181 1959 Aviditosto
1254 1917 1255 1970 f

139 1986 231 2045 coitus
253 1992 367 2063 putatur
388 1992 418 2043 et
436 1983 508 2043 cibis
531 1984 611 2057 beri,
629 1984 705 2042 sicut
718 1985 782 2042 viro
798 2002 897 2060 eruca,
921 1987 1022 2062 pecori
1039 2002 1141 2062 caepa.

139 2086 213 2147 quae
236 2069 364 2129 exieris
387 2070 552 2144 mitigentur
572 2084 630 2127 non
651 2068 824 2146 concipere,
846 2078 876 2128 ut
892 2074 1034 2143 anseres,
1053 2086 1141 2146 apros

138 2171 209 2213 vero
224 2154 306 2214 tarde
322 2161 351 2211 et
369 2170 474 2213 cervos
490 2170 546 2215 uec
561 2152 615 2211 nisi
630 2152 666 2210 ab
681 2152 799 2212 infantia
816 2155 958 2214 educatos
969 2156 1070 2213 mirum
1086 2162 1139 2211 est.
1158 2156 1163 2163 ’
1254 2163 1255 2220 t

138 2237 353 2317 Quadripedum
368 2247 564 2315 praegnantes
583 2254 721 2296 venerem
739 2247 841 2297 arcent
858 2247 978 2316 praeter
994 2252 1096 2317 equam
1111 2246 1140 2294 et
1254 2225 1255 2276 l

138 2341 227 2382 soem.
261 2322 314 2381 sed
332 2322 514 2398 superfetant
530 2321 657 2399 dasypus
673 2330 702 2379 et
717 2322 801 2400 lepus
817 2332 933 2382 tantum.
1147 2345 1172 2385 m
1254 2301 1255 2374 l

50 2434 53 2439 ·
99 2416 147 2469 183
218 2408 267 2467 64.
287 2403 370 2482 (84.)
393 2404 599 2483 Quaecumque
622 2406 724 2465 animal
742 2408 856 2484 pariunt
873 2407 1009 2486 incapite
1024 2410 1141 2483 gignunt
1254 2379 1255 2432 ¹

139 2492 313 2551 circumacto
326 2487 379 2546 sub
393 2490 505 2547 enixum
518 2489 577 2547 fetu
589 2489 660 2548 alias
673 2492 702 2549 in
715 2500 799 2549 utero
815 2500 963 2569 porrecto.
990 2490 1139 2568 quadripe-

139 2574 191 2645 des
203 2580 353 2650 gestantur
362 2574 491 2631 extensis
504 2573 540 2631 ad
552 2574 758 2649 longitudinem
771 2576 903 2635 cruribus
913 2586 943 2635 et
954 2576 1047 2635 alvom
1059 2590 1139 2631 suam

138 2658 300 2734 adplicatis,
317 2657 403 2716 bomo
420 2657 449 2715 in
459 2666 552 2716 semet
572 2657 764 2733 conglobatus
778 2661 853 2719 inter
873 2661 930 2719 duo
953 2675 1046 2737 genna
1066 2658 1139 2716 nari·

96 2741 206 2806 leubus
222 2742 292 2799 sitis.
323 2740 435 2816 blolas,
457 2743 494 2801 de
512 2741 614 2819 quibus
638 2753 706 2802 onte
721 2744 859 2819 diximus,
882 2746 962 2822 gigni
979 2752 1079 2825 putant
1093 2742 1174 2809 ubim

96 2824 253 2885 ⁷·⁸³mulier
268 2844 325 2885 non
341 2832 473 2897 exulare
488 2844 588 2885 verum
604 2845 642 2885 ex
658 2831 815 2908 semetipsa
833 2838 940 2889 tantum
961 2830 1140 2906 conceperit.
1194 2853 1197 2857 >

138 2909 204 2971 ideo
217 2928 272 2969 nec
284 2910 412 2985 animari,
431 2912 496 2988 quia
507 2913 607 2971 nonsit
627 2930 665 2971 ex
683 2912 812 2989 duobus,
826 2914 1015 2990 altricemque
1033 2912 1141 2971 babere

138 3012 191 3072 per
207 2996 337 3055 sevitam
352 2995 430 3080 illarn
443 2996 598 3073 quassatis
616 2997 828 3076 arboribusque
846 3000 1000 3075 contingat.
1030 2998 1080 3057 65.
1096 2994 1142 3055 llx

139 3078 270 3140 omnibus
279 3096 353 3157 quae
368 3079 518 3159 periectos
531 3081 607 3141 fetus
624 3100 693 3141 sues
707 3091 813 3142 tanturn
827 3093 856 3143 et
869 3098 1041 3143 numerosos
1055 3082 1142 3145 edunt

140 3164 219 3242 [item
231 3163 336 3242 pluris]
355 3173 453 3224 contra
466 3174 593 3225 naturam
606 3165 799 3245 solidipedum
814 3176 862 3227 aut
876 3168 1062 3227 bisulcorum.
1148 3180 1174 3221 se

99 3256 147 3309 185
218 3246 302 3325 (85.)
325 3249 422 3325 Super
438 3256 539 3309 cuncta
556 3258 601 3309 est
615 3252 736 3311 mnrinrn
751 3252 838 3325 fetus,
860 3250 928 3312 baut
945 3253 1007 3311 sine
1026 3256 1139 3309 cuncta·

140 3330 216 3389 tione
226 3330 380 3405 dicendus,
399 3350 570 3409 quamquam
586 3332 639 3392 sub
653 3344 773 3395 sudore
788 3336 947 3396 Aristotele
969 3346 1000 3396 et
1013 3335 1138 3394 Alexan·

140 3412 182 3471 dri
197 3412 292 3488 Magni
308 3414 452 3473 militibus.
474 3414 630 3475 Generatio
643 3436 743 3478 eornm
755 3419 909 3481 lambendo
927 3430 1138 3494 constare,non
1199 3440 1203 3449 ·
