2542 3842
317 145 397 191 unu.
414 143 505 190 mss.
521 143 569 189 vr.
586 133 871 214 13—16.(15-18.)
1032 131 1093 192 225
1119 95 1122 102 ¹

187 299 234 358 14.
254 297 337 376 (17.)
357 295 504 357 Ecbatana
517 305 603 375 caput
613 293 726 358 Mediae
734 299 874 360 Seleucus
889 318 943 360 rex
955 299 1090 376 condidit,
1100 308 1135 364 tt

99 402 117 444 a
138 380 274 443 Seleucia
296 399 398 457 magna
412 379 512 440 DCCL
527 379 557 440 Μ
577 399 727 460 passuum,
751 400 767 442 a
787 385 879 460 portis
894 401 965 443 vero
981 381 1094 462 Caspiis

99 464 156 526 XX
179 465 218 524 Μ.
269 463 555 543 reliquantedorum
589 465 696 543 oppida
724 464 936 552 Phisganzaga,
966 467 1094 546 Apamea

100 550 250 626 Rhagiane
266 548 475 626 cognominata.
498 546 592 608 Causa
607 557 752 626 portarum
768 551 888 610 nominis
905 551 1005 610 eadem
1019 571 1093 631 quae

76 651 206 711 ssupra,
228 632 396 711 interruptis
418 641 541 708 angusto
566 634 683 699 transitu
707 635 782 710 iugis
803 635 842 693 ita
862 636 957 694 utrix
977 635 1123 712 singulam

99 718 205 777 meent
221 714 366 794 plaustra,
398 715 575 792 longitudine
596 715 664 776 VIII
685 714 715 776 Μ
736 735 885 796 passuum,
916 725 977 778 toto
1002 735 1093 797 opere

101 798 297 862 manufacto.
349 799 450 860 dextra
479 799 621 878 laevaque
646 801 782 861 ambustis
807 801 916 862 similes
940 802 1095 878 Impendent
1160 871 1162 878 ‚

102 882 217 962 scopuli
238 884 356 953 sitiente,
378 891 470 944 tractu
489 902 544 962 per
564 881 686 944 XXVIII
708 885 737 945 Μ
760 903 903 964 passuum.
949 888 1093 962 angustias

101 967 221 1046 Impedit
238 968 402 1027 conrivatus
419 968 488 1029 salis
504 986 521 1026 e
537 967 667 1028 cautibus
685 968 779 1047 liquor
790 979 875 1047 atque
892 968 993 1029 eadem
1010 972 1092 1030 emis·

68 1066 161 1110 rosus.
207 1059 361 1128 praeterea
392 1053 568 1129 serpentium
591 1051 740 1113 multitudo
761 1055 815 1112 nisi
835 1054 928 1121 hieme
949 1055 1094 1114 transitum

102 1152 159 1195 non
176 1135 253 1194 sinit.
752 1165 755 1172 v

188 1218 237 1278 15.
270 1216 428 1278 Adiabenis
456 1227 644 1278 conectuntur
672 1215 813 1278 Carduchi
842 1221 982 1298 qnondam
1012 1221 1134 1297 dictito

101 1321 177 1364 nuno
194 1298 350 1378 Cordueni,
368 1302 546 1380 praefluente
562 1301 652 1380 Tigri,
667 1302 712 1364 bis
727 1301 849 1364 Pratitae
861 1297 934 1382 παρ’
947 1294 1029 1366 riddo
1043 1323 1091 1384 ap·

101 1385 220 1466 pellati,
243 1387 291 1464 qui
307 1394 406 1447 tenent
417 1384 538 1464 Caspias
552 1395 660 1465 portas.
697 1387 732 1446 iis
746 1403 763 1446 a
779 1386 871 1449 latere
884 1389 976 1450 altero
992 1405 1091 1458 occur·

11 1482 12 1493 ¹
68 1489 92 1528 15
100 1477 166 1531 runt
178 1469 293 1530 deserta
304 1468 435 1530 Parthiae
451 1479 481 1530 et
496 1467 608 1530 Citheni
623 1471 700 1547 iuga.
735 1487 802 1532 mox
820 1472 948 1533 eiusdem
962 1472 1091 1534 Parthiae

101 1554 320 1616 amoenissimus
334 1555 405 1614 situs
419 1555 468 1633 qui
487 1564 607 1614 vocatur
623 1552 746 1615 Choara.
783 1554 855 1615 duae
875 1556 962 1616 urbes
975 1556 1015 1616 ibi
1026 1556 1091 1617 Par·

102 1638 214 1698 thorum
236 1639 389 1715 oppositae
411 1638 552 1716 quondam
566 1637 677 1714 Iledis,
702 1637 833 1718 Calliope
854 1649 885 1700 et
899 1640 955 1700 alia
967 1641 998 1701 in
1019 1660 1091 1719 rupe
1192 1637 1196 1647 ’

102 1719 202 1784 Issatis
226 1722 377 1800 quondam.
417 1724 508 1800 ipsius
524 1740 596 1782 vero
611 1722 743 1784 ParthIae
767 1731 852 1802 caput
865 1723 1090 1804 hecatompylos

102 1804 186 1864 abest
207 1822 224 1865 a
246 1807 338 1884 portis
355 1803 501 1867 CXXXIII
515 1802 545 1869 Μ
561 1825 705 1885 passuum.
745 1807 783 1868 ita
796 1807 961 1890 Parthorum
977 1826 1091 1888 quoque
1210 1803 1214 1811 “

11 1874 15 1945 l
67 1901 193 1965 ttregna
208 1888 318 1949 foribus
332 1888 534 1955 discluduntur.
572 1889 719 1969 Egressos
733 1893 823 1970 portis
839 1893 946 1971 excipit
962 1895 1090 1970 protinus
1100 1904 1132 1956 45

102 1989 175 2049 gens
188 1969 293 2049 Caspia
304 1973 339 2032 ad
355 1973 439 2033 litora
453 1991 555 2052 usque,
573 1993 647 2052 quae
661 1991 764 2034 nomen
775 1977 866 2053 portis
878 1985 908 2035 et
920 1977 990 2035 mari
1003 1977 1089 2036 dedit.

103 2055 187 2115 laeva
206 2064 365 2114 montuosa.
411 2055 457 2116 Ab
480 2075 515 2117 ea
535 2067 623 2132 gente
644 2066 787 2118 retrorsus
802 2059 840 2128 ¹ad
855 2055 960 2133 Cyrum
982 2076 1089 2118 amnem

99 2137 260 2218 produntur
277 2135 381 2196 CCXX
399 2137 429 2196 II
448 2157 591 2216 passuum.
629 2139 789 2206 abeodem
810 2157 891 2199 amne
912 2142 937 2198 si
958 2141 1092 2200 subeatur

103 2221 272 2300 adportas,
293 2218 370 2280 DCC
386 2219 416 2280 Μ
437 2238 579 2298 passuum.
615 2221 689 2280 huno
709 2222 782 2280 enim
804 2222 945 2283 cardinem
966 2223 1090 2284 hieran·

68 2306 148 2381 andri
167 2303 263 2382 Ilagni
286 2305 416 2365 itInerum
441 2304 542 2369 iecere
569 2304 604 2366 ab
632 2305 668 2364 iis
690 2307 781 2383 portis
806 2305 843 2366 ad
868 2305 965 2368 Indiae
987 2309 1089 2386 princi-

105 2389 181 2468 piu'm
198 2387 288 2450 stadia
308 2386 363 2448 XV
377 2387 406 2448 Μ
421 2385 577 2449 DCIXXX
592 2388 759 2468 prodendo,
782 2390 818 2451 ad
832 2389 934 2452 Bactra
956 2391 1090 2470 oppidum

105 2470 181 2551 quod
207 2473 355 2551 appellant
385 2472 530 2549 Zariasta,
558 2471 650 2551 ΜΜΜ
668 2471 761 2550 DCC,
794 2473 859 2535 inde
890 2474 925 2537 ad
948 2474 1090 2537 iaxartem

104 2573 214 2616 amnem
230 2555 265 2614 V.

176 2640 236 2701 ld.
259 2637 342 2719 (18.)
361 2637 386 2700 Α
403 2637 516 2720 Caspiis
532 2646 568 2702 ad
579 2643 722 2703 orientem
737 2661 839 2702 versus
852 2644 934 2720 regio
952 2653 996 2704 est
1010 2643 1086 2722 Apa·
1097 2651 1131 2708 to

67 2731 225 2782 aovortene
249 2724 338 2800 dicta,
364 2732 394 2782 et
416 2725 445 2784 iu
469 2743 504 2785 ea
523 2724 686 2802 fertilitatis
699 2725 822 2786 inclutae
844 2726 926 2786 locus
944 2725 1089 2787 Dareium.

103 2822 173 2865 mox
191 2805 427 2885 gentes'lapyri,
450 2806 598 2884 Anariaoi,
620 2811 756 2882 Staures,
777 2808 916 2884 Hyrcani,
940 2825 1089 2887 aquorum

103 2886 237 2952 litoribus
249 2889 324 2949 idem
337 2907 415 2951 mare
426 2888 594 2965 Hyrcanium
605 2893 704 2952 uocari
720 2893 819 2970 incipit
830 2909 846 2950 a
860 2891 973 2952 domine
986 2893 1088 2952 Sideri.

104 2973 176 3033 citra
190 2971 220 3032 id
235 2990 333 3032 amnes
347 2971 472 3048 liauiris,
495 2975 602 3049 Strato,
625 2975 719 3036 omnia
734 2992 771 3036 ex
788 2971 929 3036 Caucaso.
955 2976 1090 3053 Sequitur

42 3060 44 3065 ’
104 3056 187 3133 regio
204 3054 351 3132 Margiane
364 3057 521 3134 apricitatis
531 3059 666 3134 inclutae,
686 3055 750 3118 sola
767 3059 795 3116 in
812 3074 848 3117 eo
862 3067 953 3118 tractu
964 3059 1086 3133 vittiera,

67 3156 93 3196 ss
104 3140 229 3219 undique
240 3138 350 3199 inclusa
366 3139 508 3199 montibus
519 3141 658 3215 amoenis',
672 3139 776 3200 ambitu
794 3141 948 3202 stadiorum
958 3141 1024 3218 le,
1036 3143 1088 3204 dil·

104 3223 189 3282 iicilis
208 3223 285 3283 aditu
310 3231 431 3300 propter
446 3221 603 3285 harenosas
624 3223 794 3286 solitudines
815 3242 869 3303 per
884 3223 1007 3286 CXXII
1024 3245 1088 3304 pas·
1135 3239 1137 3245 ·

104 3324 195 3382 suum,
218 3315 248 3366 et
265 3306 328 3384 Ipsa
346 3313 444 3365 contra
459 3304 589 3369 Parthiae
604 3315 724 3369 tractum
742 3309 795 3370 sita
814 3310 908 3388 inqua
924 3309 1089 3370 Alexander

104 3388 307 3452 Alexandriam
334 3389 510 3452 condiderat.
549 3409 605 3472 qua
625 3391 716 3454 diruta
738 3411 754 3453 a
778 3389 906 3456 barbaris
928 3391 1128 3456 dntIocbustt

145 3493 213 3533 sumu
228 3495 288 3534 nar.
305 3494 372 3534 ausu.
396 3477 417 3537 1.
893 3475 928 3534 15
