2542 3842
182 145 225 207 90
527 161 557 209 c.
573 160 670 207 eninr
686 159 836 209 ssounnr

181 331 235 373 cue
253 322 283 373 et
296 315 419 391 sopitus,
439 322 470 371 ut
484 312 631 391 adparuit,
651 314 751 373 odoris
770 316 898 375 nouitate
915 314 1125 395 fluctuatusque
1142 318 1182 379 ei-

179 396 255 457 milis
271 398 394 457 exanimi
414 398 505 457 caruit
521 397 665 457 hominum
691 400 912 459 couversatione
935 408 964 457 nt
979 400 1078 459 iniuria
1101 398 1181 477 luga-

180 489 226 540 tus
242 497 296 559 per
312 482 421 558 aliquot
432 498 558 555 menses,
573 498 641 540 mox
651 498 788 541 reversus
801 484 829 541 in
846 482 950 542 endem
965 482 1102 555 miraculo
1118 483 1180 545 luit.

181 566 301 625 iniuriae
326 574 502 643 potestatum
535 566 564 623 in
589 564 742 642 hospitalis
765 566 801 625 ud
833 566 983 627 visendum
1008 566 1181 627 venientium

138 655 174 709 ut
184 648 382 727 Hipponensis
403 650 549 708 inuocem
567 650 632 707 eius
650 648 849 726 conpulerunt.
877 648 952 711 Ante
977 650 1050 711 haec
1078 650 1202 711 similias

182 733 220 792 de
240 750 333 810 puero
356 735 386 792 in
400 732 466 791 laso
480 732 552 791 urbe
577 742 781 807 memorantur,
805 735 885 793 cuius
909 748 1007 793 amore
1033 744 1181 812 spectatus

180 816 270 892 longo
285 826 428 896 tempore,
445 816 511 875 dum
525 816 677 876 abeuntem
694 817 721 873 in
745 816 812 875 litus
828 817 911 877 avide
931 820 1071 895 sequitur,
1088 820 1115 877 in
1129 820 1179 879 ha·

179 918 278 961 renam
295 903 428 960 invectus
442 901 610 977 exspiravit.
627 917 748 979 puerum
763 900 932 961 Alexander
950 900 1071 979 Magnus
1086 900 1179 976 Baby·

181 982 249 1045 lone
268 984 413 1063 Neptunia
442 984 607 1044 sacerdotio
631 984 775 1062 praefecit
801 1002 927 1045 amorem
955 985 1034 1045 illum
1061 987 1179 1045 numinis

179 1070 297 1148 propitii
312 1069 402 1128 luisse
419 1069 634 1147 interpretetus.
667 1067 700 1127 ln
720 1068 821 1129 eedem
845 1069 917 1131 urbe
938 1068 1212 1146 lasoHcgeside·1o

180 1172 243 1213 mus
261 1151 363 1213 scribit
376 1161 405 1213 et
419 1152 505 1211 alium
520 1170 642 1232 puerum
662 1151 795 1213 Hermien
810 1155 924 1214 nomine
949 1154 1081 1215 similiter
1092 1154 1179 1213 maria

180 1239 420 1316 perequitantem,
435 1254 499 1297 cnm
510 1238 680 1314 repentinae
691 1236 842 1315 procellae
857 1236 991 1297 fluctibus
1004 1238 1178 1297 exanimatus

180 1332 276 1396 esset,
300 1320 438 1396 relatum,
462 1319 686 1399 delphinumque
710 1338 824 1379 censam
840 1321 889 1407 leti
907 1323 1044 1383 latentem
1061 1340 1119 1381 nun
1132 1340 1179 1380 re·

137 1415 173 1469 28
183 1424 298 1465 versum
312 1406 340 1463 in
351 1406 438 1463 muria
452 1413 539 1482 atque
554 1405 679 1464 insieco
696 1406 873 1481 exspirasse.
901 1406 964 1465 Hoc
975 1406 1051 1466 idem
1063 1405 1092 1465 et
1103 1404 1177 1467 Nau·

181 1490 258 1568 pacti
275 1488 419 1547 recidisse
431 1487 649 1565 Theophrastus
665 1488 758 1547 tradit.
787 1506 843 1548 nec
856 1491 958 1549 modus
971 1490 1176 1567 exemplorum.
1188 1510 1211 1550 n

183 1574 285 1633 eadem
300 1570 485 1649 Amphilochi
502 1580 532 1630 et
552 1571 698 1632 Tarentini
720 1570 757 1629 de
773 1573 871 1649 pneris
890 1573 1092 1651 delphinisque
1115 1590 1177 1631 uar-

179 1664 250 1715 rant.
283 1672 357 1732 quae
372 1656 478 1713 iaciunt
493 1663 523 1713 ut
535 1655 670 1714 credetur
685 1652 823 1715 Arionem
835 1672 952 1733 quoque
964 1656 1179 1717 citharoedicae
1247 1668 1248 1673 ’

145 1780 150 1788 -
180 1740 266 1812 urtie,
285 1738 558 1797 interlicere‘neutie
574 1739 602 1796 in
615 1739 687 1797 mari
702 1737 867 1815 parantibus
891 1739 926 1797 ad
952 1737 1180 1818 intercipiendos
1253 1736 1254 1803 i

179 1824 243 1882 eius
258 1830 412 1899 quaestus,
437 1820 611 1881 eblanditum
628 1830 659 1879 ut
680 1822 760 1898 prins
785 1830 903 1881 caneret
925 1822 1033 1881 cithare
1055 1841 1179 1899 congce·
1253 1820 1254 1885 l

179 1906 255 1981 gatis
272 1914 357 1963 cantu
371 1904 527 1983 delphinis,
544 1922 607 1963 cum
622 1920 655 1963 se
672 1905 793 1964 iecisset
808 1905 836 1963 in
852 1907 949 1981 mare,
970 1908 1130 1983 'exceptum
1142 1906 1178 1967 ab
1186 1932 1211 1971 ιι
1253 1894 1254 1957 i

178 2006 236 2048 unu
253 1989 412 2049 Taenarum
427 1990 456 2048 in
470 1989 537 2048 litus
548 1988 727 2066 pervectum.

134 2082 172 2138 29
242 2072 304 2151 (9.)
328 2072 381 2132 Est
399 2073 567 2151 provinciae
584 2070 781 2132 Narbonensis
798 2082 828 2133 et
843 2074 872 2132 in
886 2072 1086 2137 Nemausienei
1107 2090 1177 2151 agro
1253 2130 1254 2137 ,

180 2167 311 2235 stagnum
326 2156 430 2218 batere
446 2156 639 2235 appelletum,
663 2154 710 2215 ubi
727 2175 790 2217 cum
807 2157 922 2217 homine
940 2158 1067 2237 delphini
1083 2160 1178 2217 sode-
1253 2156 1254 2199 l

178 2251 238 2302 tute
257 2245 414 2321 piscentur.
450 2244 596 2301 innumera
626 2242 670 2300 vie
697 2242 833 2317 mugilum
866 2250 941 2301 stato
969 2251 1177 2321 ternporean-

179 2329 271 2403 gustis
286 2324 419 2383 lancibus
438 2325 534 2400 stagni
555 2327 583 2383 in
603 2343 681 2385 mare
699 2327 822 2404 erumpit
840 2324 997 2386 observata
1019 2334 1116 2385 aestus
1128 2343 1176 2385 rc·
1188 2349 1214 2389 25
1253 2330 1254 2381 l

182 2408 389 2488 ciprocatione.
423 2425 477 2484 qua
494 2408 531 2466 de
546 2426 633 2468 cansa
646 2408 796 2486 praetendi
808 2424 864 2467 nnn
883 2419 991 2488 queunt
1000 2412 1073 2469 retia
1085 2426 1180 2487 aeque

180 2493 287 2551 molem
303 2490 441 2567 ponderie
461 2492 540 2551 nullo
555 2492 642 2551 modo
658 2492 827 2567 toleratura,
842 2495 960 2552 'etiamsi
975 2511 1031 2553 non
1047 2492 1181 2553 sollertia
1253 2502 1254 2577 l

165 2574 330 2635 'insidietur
353 2577 485 2653 tempori.
516 2576 601 2634 simili
615 2576 731 2633 ratione.
749 2576 779 2633 in
800 2576 886 2636 altum
909 2578 1038 2654 protinue
1054 2574 1182 2637 'tendunt
1253 2580 1254 2587 ’

181 2656 258 2735 quod
276 2658 373 2718 ricino
386 2661 502 2735 gurgite
516 2659 650 2732 eflicitur,
667 2658 820 2737 locumque
842 2660 937 2719 solum
952 2659 1109 2738 pandendis
1132 2676 1180 2717 re·

136 2739 258 2805 actibus
279 2740 405 2801 habilem
433 2743 563 2818 elingere
588 2742 733 2801 festinent.
771 2742 848 2819 quud
875 2744 924 2803 ubi
948 2744 1215 2812 aninadrerteregn
1253 2748 1254 2825 l

179 2826 338 2903 piscantes,
348 2827 544 2886 -concnrrit
554 2834 649 2885 autem
661 2826 810 2885 multitudo
826 2829 964 2905 temporie
978 2846 1066 2904 gnara
1079 2835 1109 2885 et
1121 2843 1181 2889 mae

179 2910 224 2986 gis
242 2912 326 2969 etiam
341 2910 498 2988 voluptatis
512 2909 595 2969 huius
612 2910 706 2984 avida,
719 2942 760 2955 η-
773 2917 908 2988 totusque
923 2912 1048 2989 populus
1060 2930 1077 2971 e
1090 2910 1181 2971 litore

179 3002 285 3070 quanto
293 3002 391 3070 potest
402 2994 531 3053 clamore
543 2994 660 3053 conciet
670 2994 808 3054 simonem
819 2994 980 3072 spectaculi
992 2997 1020 3053 in
1032 3003 1181 3067 eventum,

180 3077 318 3137 celeriter
332 3076 459 3155 delphini
476 3077 630 3137 exaudiunt
651 3076 975 3155 desideriaaqnilonnm
991 3078 1059 3139 lietu
1074 3094 1183 3137 vocem

179 3169 393 3239 prosequente,
418 3171 517 3221 austro
533 3178 604 3221 vcro
619 3160 728 3219 tardius
744 3178 784 3219 ex
798 3160 921 3222 aduerso
935 3163 1093 3223 referente.
1127 3160 1217 3223 sedas

136 3252 171 3307 31
181 3254 239 3303 tum
256 3259 373 3321 quoqne
397 3245 546 3321 inproviso
568 3246 597 3302 in
618 3243 754 3305 auxilium
778 3244 921 3305 advolant.
953 3264 1119 3325 properare·
1130 3245 1183 3307 ad-

180 3335 264 3402 paret
285 3326 366 3385 acies
388 3344 461 3403 quae
481 3328 612 3404 protinus
633 3326 794 3403 disponitur
810 3327 839 3385 in
864 3327 932 3388 loco
953 3330 1002 3389 ubi
1026 3332 1183 3389 cuniculus

142 3422 145 3426 ·
181 3416 229 3467 eet
243 3424 368 3484 pugnae.
399 3416 549 3486 opponunt
567 3426 637 3469 sese
657 3407 694 3468 ab
709 3408 768 3469 ulto
785 3411 974 3491 trepidusque
992 3400 1025 3471 in'
1039 3413 1115 3475 vada
1126 3430 1184 3475 ,ur
