2542 3842
301 211 382 261 nun.
399 209 490 260 man.
504 209 551 259 v1.
567 205 689 262 na-te.
713 196 865 278 (ut—25.)
1032 197 1092 260 235

103 385 164 428 reru
183 382 274 427 unum
319 383 436 427 servom
453 365 572 441 nemini,
595 380 654 424 nou
673 363 702 424 in
721 363 797 424 dem
811 371 859 424 eut
874 362 996 427 interdiu
1015 381 1103 426 som·

102 470 181 528 nom,
206 449 338 512 aedilicia
361 449 474 510 modice
498 448 537 508 ab
556 447 642 510 humo
666 449 825 524 exstantia,
854 465 994 509 annonem
1014 467 1092 510 num·

101 550 186 613 quum
199 534 315 611 angeri,
332 550 391 594 non
405 533 469 594 lora
486 533 582 604 litisue
597 549 681 608 esse,
697 531 756 592 coli
772 530 943 609 Herculem,
961 534 1030 611 eligi
1045 552 1091 593 re·

100 637 168 696 gem
181 636 199 678 e
211 617 323 696 populo
335 625 455 678 senecta
466 615 676 695 clementiaque
688 614 798 676 liberos
813 631 870 676 uon
883 614 1047 694 habentem,
1063 627 1093 678 et

80 704 128 762 ssi
143 709 247 781 postea
262 701 377 778 gignet,
392 700 535 775 abdicari,
549 718 587 760 ue
603 700 653 760 liat
666 698 868 760 hereditarium
880 717 1009 777 regnum.
1043 719 1088 762 re·
1100 711 1135 766 90
1247 791 1250 798 Ι

102 795 199 847 atores
224 786 252 845 ei
272 801 290 844 a
311 783 420 863 populo
438 782 523 845 XXX
542 783 619 860 dari,
650 801 705 844 neo
729 785 785 844 nisi
804 783 927 864 plurium
952 785 1092 846 sententia

100 886 270 948 quemquern
288 869 390 947 cepitis
405 868 541 929 damari.
584 869 629 928 sic
644 877 759 948 quoque
772 867 1001 947 'appellationem
1024 886 1093 930 asse

100 953 137 1014 ad
149 952 295 1032 populum.
324 951 401 1012 LXX
418 951 530 1012 indices
546 952 616 1012 duri.
649 953 674 1012 si
688 950 812 1014 liberent
826 952 846 1012 ii
860 970 955 1028 reum,
971 952 1092 1032 amplius

97 1038 214 1114 ‚triginta
228 1037 263 1096 iis
278 1035 384 1098 nultum
398 1053 466 1096 esse
481 1035 684 1111 dignationem,
696 1036 867 1112 grauissimo
882 1036 1001 1116 probro.
1028 1038 1092 1114 regi

68 1132 91 1174 ¹⁰
101 1121 209 1182 cultum
220 1118 318 1180 hiberi
331 1119 434 1194 Patris,
449 1121 556 1179 ceteris
572 1117 707 1178 Arabum.
749 1137 860 1197 regern,
876 1120 901 1180 si
916 1119 983 1198 quid
998 1119 1088 1181 delin-
1099 1129 1131 1184 91

99 1213 186 1283 quat,
202 1212 295 1264 morte
309 1203 440 1279 multari,
455 1202 535 1264 nullo
551 1203 748 1279 internitente,
766 1203 964 1264 aversantibus
981 1200 1090 1264 eunctis

14 1330 15 1355 ,
99 1297 131 1348 et
144 1288 308 1349 conmercia
323 1288 408 1348 etiem
418 1287 561 1347 sermonis
575 1284 763 1363 negantibus,
780 1286 857 1348 testu
871 1287 1025 1348 venatione
1041 1286 1090 1348 ab·

98 1373 190 1448 sumi,
226 1372 418 1449 gredssimem
443 1388 508 1432 earu
534 1368 656 1448 tigribus
689 1369 911 1450 elephantisque
945 1379 1089 1432 constare.
1129 1431 1132 1447 ,

98 1472 187 1533 egros
202 1455 356 1534 diligenter
374 1454 449 1530 coli,
470 1454 537 1514 ritis
549 1471 632 1514 usura
645 1469 703 1514 non
720 1471 803 1532 esse,
824 1455 917 1533 pomis
933 1453 1090 1517 abundare.

13 1572 14 1589 r
66 1556 170 1600 messe
182 1547 212 1599 et
225 1539 255 1600 in
268 1541 381 1616 piscatu
395 1538 588 1619 uoluptatem,
607 1537 781 1599 testudinum
802 1531 949 1616 arnume,
973 1556 1090 1618 quemm

12 1618 14 1665 J
98 1623 255 1701 superlicio
268 1622 390 1686 humilias
405 1621 591 1684 habitantium
604 1621 731 1700 contegi.
752 1631 829 1684 tantu
843 1622 966 1704 reperiri
982 1623 1089 1700 magni·
1132 1649 1136 1656 ·
1213 1643 1216 1651 ¹

13 1760 14 1769 ,
98 1705 216 1851 lumb
234 1704 474 1769 vitamhoruiunur
489 1705 607 1768 Cannis
621 1705 772 1767 modicum.
799 1703 880 1768 llaec
895 1715 1033 1787 cooperta
1051 1706 1088 1767 de

125 1807 196 1870 apro
216 1808 280 1851 aue.

11 1878 14 2011 ι
184 1873 268 1954 (25.)
289 1872 432 1949 Quattuor
445 1865 587 1955 mtrupiue
601 1891 674 1954 quas
690 1874 719 1934 ic
729 1873 804 1936 huuc
816 1875 912 1937 locum
927 1874 1085 1938 distulimus
1097 1882 1130 1938 92

64 1958 140 2017 mite
155 1976 189 2018 se
205 1956 322 2018 habent.
964 1970 968 1978 ’
1096 1978 1119 2012 rs

186 2038 236 2099 23.
272 2039 299 2099 A
314 2043 461 2119 proxumis
471 2040 541 2102 ludo
557 2041 692 2119 gentihus
702 2049 843 2102 monmna.
884 2039 1026 2120 Capisene
1040 2039 1089 2100 he·

98 2124 162 2185 buit
177 2120 311 2201 Capisam
325 2123 425 2183 urbem
440 2141 525 2200 quum
537 2124 623 2183 diruit
636 2122 739 2198 Cyrus.
780 2121 941 2184 Arachosia
959 2141 1022 2184 cum
1038 2123 1088 2182 llu-

99 2208 176 2267 miue
191 2204 345 2284 etoppido.
356 2205 484 2266 eiusdem
498 2206 635 2283 nominis,
656 2205 857 2284 quodquidam
873 2202 963 2266 Cutim
978 2207 1089 2281 dixere,

100 2289 319 2352 esernirumide
334 2289 486 2350 conditum.
514 2290 604 2350 amnis
619 2288 810 2366 Erymanthus
826 2289 988 2368 praefluens
1005 2287 1089 2348 Pera·

64 2375 203 2435 asbeston
222 2373 454 2434 Arachosiorum.
489 2373 650 2434 Proxumus
673 2374 708 2434 iis
737 2390 755 2434 a
783 2372 904 2435 meridie
924 2372 961 2434 ed
980 2381 1090 2451 partem

11 2528 13 2533 ¹
100 2455 308 2517 Arachotarum
327 2457 433 2522 iaciunt
446 2455 670 2535 Dexeudmsos,
689 2475 706 2519 a
726 2457 922 2538 septentrione
935 2455 1089 2537 Paropani-

12 2564 13 2651 ἡ
101 2541 213 2618 siudas,
236 2538 359 2603 Cartana
380 2542 518 2622 oppidum
535 2540 589 2602 sub
605 2539 754 2619 Caucaso,
776 2541 854 2622 quod
869 2551 972 2621 postea
989 2540 1088 2602 Tetra·

100 2626 185 2702 genis
209 2624 325 2685 dictum.
367 2625 442 2687 haec
466 2628 551 2704 regio
576 2635 623 2686 est
651 2645 689 2690 ex
711 2627 836 2688 adverso
864 2625 1088 2699 Bactrianorum,

101 2708 205 2769 deinde
220 2709 302 2769 cuius
316 2710 454 2788 oppidum
466 2708 642 2771 Alexandria
659 2729 676 2772 a
693 2710 842 2771 conditore
860 2711 974 2770 dictum
1017 2708 1088 2783 Syn·

66 2790 196 2868 codreci,
218 2791 377 2870 Dangalae,
395 2791 570 2870 Parapinae,
593 2790 734 2869 Catuces,
755 2792 837 2853 llari.
880 2789 916 2853 ed
931 2788 1089 2852 Caucasum

101 2873 232 2950 Cadrusi,
252 2874 389 2954 oppidum
402 2875 440 2936 ab
457 2875 624 2936 Alexandro
643 2877 797 2937 conditum.
818 2874 894 2936 loire
905 2873 979 2934 haec
993 2876 1084 2935 omnia
1096 2883 1130 2939 93

101 2975 153 3018 ora
174 2958 211 3018 ab
227 2957 308 3019 lodo.
348 2958 454 3020 Amana
477 2961 562 3036 regio
580 2959 710 3020 ambusta
728 2957 892 3018 femoribus
907 2957 1089 3036 desertisque

101 3041 290 3117 circumdata,
315 3042 403 3103 multa
426 3051 522 3102 tamen
541 3042 680 3104 interfusa
701 3043 845 3122 opacitate
872 3041 999 3102 cultores
1021 3057 1087 3101 con·

100 3134 205 3202 gregat
219 3127 297 3187 circe
312 3126 385 3186 duos
404 3143 535 3187 muume
554 3125 674 3203 duvios,
696 3125 852 3188 Tonberon
874 3133 904 3187 et
923 3125 1085 3204 Arosapen.

66 3209 238 3288 etoppidom
251 3207 445 3284 Amacoanna,
465 3208 552 3269 Arina
566 3209 657 3270 amnis
674 3210 721 3290 qui
737 3209 871 3287 praefluit
885 3207 1087 3271 Alexandriam

100 3291 137 3352 ab
152 3291 319 3354 Alexandro
333 3291 484 3354 couditm
520 3301 602 3371 putet
619 3293 757 3371 oppidum
772 3292 864 3362 stadie
878 3291 970 3370 XXX,
986 3291 1086 3352 multo·

102 3393 159 3454 qne
173 3374 320 3454 pulchrius
333 3376 408 3436 sicut
420 3376 561 3456 antiquins
572 3375 764 3453 Artacabene,
781 3377 884 3437 iterum
895 3377 931 3438 eb
942 3375 1085 3436 Antiocho

101 3459 251 3537 munitum,
272 3459 363 3522 stadia
378 3457 410 3522 h.
448 3459 646 3541 Dorisdorsigi
663 3478 747 3540 genu.
768 3477 867 3524 amnes
886 3459 1082 3540 Pharnacotis,
1093 3468 1128 3526 ut
1173 3521 1175 3528 ,
