2542 3842
147 100 207 163 168
491 109 799 159 c.ru1u1sscuno1
878 155 883 167 ,

145 260 210 314 sunt
230 249 369 329 quaedam
384 248 485 326 albae,
502 268 577 329 quae
592 249 786 309 bisiurueuse
806 249 894 310 mella
916 251 1039 326 iaciunt,
1065 253 1150 313 circa

145 334 387 399 Thermodontem
411 343 505 395 autem
528 334 643 396 lineium
664 333 721 393 dao
743 352 871 412 genera,
890 335 1008 404 aliarum
1024 354 1100 417 quae
1118 338 1150 397 iu

143 418 295 491 arboribus
308 418 485 495 mellificant,
503 417 621 479 aliarum
636 434 712 496 quae
728 417 782 478 sub
797 428 875 479 terra
890 417 996 498 triplici
1011 437 1148 480 cerarum

102 504 263 578 uuordiue,
287 502 424 563 uberrimi
443 511 611 581 proventus.
654 500 796 563 aculeum
818 504 921 581 apibus
944 502 1021 563 dedit
1042 512 1150 565 natura

145 589 238 649 ventri
254 596 428 648 consertum.
463 588 499 650 ad
518 604 603 647 unum
617 589 704 645 ictum
719 586 776 646 hoc
790 586 878 668 inlixo
894 588 1007 669 quidam
1020 606 1069 649 eas
1085 598 1174 657 sta-5

144 674 193 733 tim
213 672 304 733 cruori
323 679 438 751 putaut,
453 671 542 750 aliqui
554 670 674 731 nonnisi
684 672 714 728 iu
729 671 957 733 tantum-adacto
973 683 1004 733 ut
1018 674 1148 733 intestini

145 756 291 836 quippiam
307 764 461 835 sequatur,
478 756 530 817 sed
549 756 633 816 lucos
657 763 762 832 postca
782 774 850 815 esse
871 776 927 817 uec
941 756 1029 817 nuella
1044 756 1146 817 iacere

145 840 225 902 velut
240 842 372 903 castratis
391 840 499 901 rhibus
520 841 688 919 pariterque
709 849 739 898 et
753 858 863 900 nocere
884 850 921 901 et.
934 841 1077 919 prodesse
1094 840 1144 899 dc‘·

102 938 136 991 61
146 926 252 985 sinere.
282 934 327 984 cst
348 926 376 983 iu
392 926 533 1003 exemplis
549 942 643 1003 equos
660 922 697 983 ab
713 924 750 982 iis
764 926 890 985 occisos.
924 924 1021 988 Odere
1039 924 1167 985 loedos'
1248 973 1249 978 ,

146 1008 254 1071 odores
279 1008 440 1085 proculque
467 1008 593 1087 lugiunt,
616 1011 670 1071 sed
696 1016 726 1067 et
745 1009 839 1081 liotos.
880 1011 976 1088 itaque
998 1017 1147 1089 unguenta
1156 1027 1184 1069 ιιι

144 1092 305 1155 redolentis
320 1091 474 1167 infestant,
493 1095 575 1173 ipsae
586 1094 783 1172 plurumo'ruru
793 1094 956 1158 animalium
970 1094 1080 1153 iniuriis
1093 1094 1146 1153 ob·

144 1180 258 1245 nuxiae.
287 1176 448 1254 inpugnant
476 1196 527 1239 eas
548 1189 666 1239 naturae
694 1179 824 1239 eiusdem
845 1180 1007 1256 degeneres
1032 1195 1146 1257 vespae
1248 1223 1249 1256 3

144 1273 231 1341 atque
252 1260 429 1337 crabrones,
454 1264 579 1325 etiams
597 1264 721 1326 culicum
735 1281 845 1341 genere
866 1264 915 1342 qui
930 1272 1070 1323 vocantur
1084 1281 1146 1321 mu·
1248 1283 1249 1292 ι

144 1348 255 1422 boues,
276 1346 450 1425 populentur
472 1347 640 1410 hirundines
663 1358 693 1407 et
714 1348 854 1427 quaedam
869 1347 944 1407 aliae
964 1365 1044 1406 aves.
1075 1347 1146 1406 insi-

144 1433 256 1493 diantur
279 1431 449 1508 aquantibus
470 1448 573 1508 ranae,
596 1450 672 1512 quae
683 1440 820 1492 maxuma
836 1448 934 1491 earum
950 1440 995 1498 est
1010 1430 1147 1509 operatio
1158 1455 1183 1493 ιι
1248 1423 1249 1496 ι

101 1522 203 1577 dutum
216 1532 280 1575 cura
293 1513 426 1575 subolem
441 1515 558 1575 iaciunt.
588 1535 643 1577 nce
655 1517 710 1575 hae
722 1523 828 1575 tanturn
843 1533 917 1592 quae
933 1526 1034 1591 stagna
1051 1516 1147 1574 rivos·

145 1619 201 1679 que
216 1598 365 1675 obsident,
382 1614 482 1657 rerum
498 1608 529 1659 et
549 1601 671 1661 rubetae
683 1599 799 1658 veniunt
814 1599 889 1657 ultro
908 1599 1149 1676 adrepentesque
1248 1661 1249 1678 ,

143 1682 254 1745 loribus
269 1698 323 1757 per
335 1700 386 1741 eas
400 1681 524 1743 suillam
555 1686 590 1743 ad
606 1684 664 1745 hoc
678 1684 763 1743 statio
780 1680 914 1759 provolat
930 1680 1147 1762 confestimque

143 1766 291 1841 abripitur
319 1782 376 1825 nee
396 1766 505 1825 sentire
519 1768 593 1827 ictus
587 1768 702 1851 apium
718 1783 805 1825 ranae
820 1763 977 1825 traduntur
1009 1765 1149 1825 inimicae
1248 1787 1249 1794 ¹

144 1858 172 1909 et
187 1865 259 1908 oves
278 1846 396 1907 diflicile
417 1866 485 1907 see
507 1849 580 1910 lanis
602 1867 699 1911 earum
719 1847 940 1927 explicantibus.
973 1864 1184 1913 cancrorumcc

143 1932 351 2007 etiamodore,
369 1934 472 2012 siquis
491 1934 572 1994 iuxta
585 1944 707 2015 coquat,
725 1933 930 1993 exanimantur

101 2027 135 2081 63
206 2016 291 2096 (20.)
315 1976 390 2091 Qbia
406 2026 436 2077 et
457 2018 576 2079 morbos
592 2026 694 2097 suapte
709 2026 808 2077 natura
826 2017 961 2075 sentiunt.
989 2014 1077 2075 index
1093 2033 1145 2076 eo·

142 2120 209 2165 ratu
219 2101 332 2161 tristitia
348 2112 468 2179 torpeus
491 2111 520 2162 et
536 2120 600 2162 curn
616 2105 683 2163 aute
698 2101 804 2162 iores
794 2119 823 2159 ru
839 2109 973 2179 teporem
987 2099 1060 2158 solis
1076 2117 1143 2179 pro·

142 2189 227 2249 motis
248 2186 325 2248 aliae
341 2186 424 2246 cibos
444 2188 619 2264 ministrant,
642 2205 707 2247 curn
724 2186 874 2251 defunctas
890 2192 1049 2263 progerunt
1062 2184 1141 2244 iunc-

99 2273 320 2351 terminoque
340 2287 422 2331 more
435 2272 606 2331 comitantur
621 2272 787 2351 exsequias.
823 2268 907 2346 nege
924 2286 959 2327 ea
973 2276 1059 2347 peste
1075 2286 1174 2343 con-as
1248 2255 1249 2272 ¹

138 2366 257 2437 sumpm
271 2362 382 2415 maeret
404 2353 508 2431 plebes
529 2355 635 2432 ignavo
652 2355 771 2430 dolore,
790 2371 846 2412 uon
865 2353 948 2413 cibos
965 2352 1139 2429 convehens,

141 2460 199 2505 uou
214 2438 389 2520 procedens.
422 2438 496 2497 tristi
512 2446 618 2499 tanturn
633 2456 776 2499 murmure
795 2437 1011 2515 glomeratur
985 2453 1061 2496 cirea
1077 2453 1139 2495 cor·

141 2544 196 2605 pas
229 2522 303 2581 eius.
352 2520 527 2581 subtrahitur
552 2524 650 2602 itaque
680 2523 813 2585 diductae
846 2519 1025 2580 multitudini.
1067 2518 1137 2577 alias

141 2612 310 2705 spectaqtes
326 2606 486 2669 exanimem
505 2607 615 2667 lucturn
631 2623 690 2666 uon
707 2607 842 2666 minuunt.
875 2613 944 2664 tuno
965 2619 1093 2703 quoque,
1110 2600 1139 2660 ui

136 2690 343 2767 subreniatur,
364 2690 440 2751 lame
452 2691 620 2753 moriuntur.
652 2690 820 2750 hilaritate
811 2690 897 2767 igitur
914 2697 944 2746 et
959 2690 1052 2768 nitore
1067 2685 1139 2745 saui-
1150 2706 1178 2747 ao
1248 2745 1249 2752 ,

140 2788 186 2839 tas
200 2776 374 2837 aestimatur.
402 2775 450 2835 19.
469 2776 540 2835 Sunt
555 2784 585 2835 ct
603 2776 703 2853 operia
716 2774 818 2834 morbi.
846 2758 1004 2833 cantavos
1019 2788 1077 2830 nou
1092 2789 1140 2830 ex·

140 2862 237 2941 pient,
254 2860 355 2922 claron
376 2868 506 2921 vocant..
523 2859 592 2919 item
609 2859 829 2938 blapsigoniau,
852 2858 877 2916 si
899 2857 988 2917 ieturn
1003 2874 1060 2915 uon
1075 2873 1140 2935 per·

99 3040 133 3096 hb
203 3029 287 3109 (21.)
308 3026 426 3089 inimica
448 3036 479 3089 et
500 3028 579 3089 echo
593 3036 639 3087 est
660 3027 812 3087 resultanti
836 3042 925 3102 sono,
946 3024 995 3103 qui
1021 3020 1139 3102 pavidas

137 3113 254 3177 alterno
277 3112 375 3191 pulset
397 3114 465 3172 ictu.
497 3110 612 3173 inimica
633 3120 664 3170 et
683 3110 799 3171 nebula.
834 3111 932 3169 aranei
957 3124 1075 3187 qnoque
1091 3104 1176 3165 velas

139 3212 271 3261 maxume
287 3195 419 3256 hostiles.
450 3213 513 3257 cum
535 3194 730 3274 praevaluere
744 3204 775 3255 ιιι
796 3196 939 3269 intexant,
961 3197 1084 3251 enecant
1099 3188 1138 3250 al·

61 3310 66 3314 ·
140 3298 204 3343 ros.
235 3280 344 3360 papilia
360 3281 468 3339 etiam
459 3296 580 3357 ignavos
596 3284 626 3337 et
640 3278 827 3339 inhonoratus
843 3276 995 3338 luminibus
1008 3274 1141 3335 accensis

141 3364 318 3438 advolitans,
334 3362 468 3441 pestifer,
483 3378 538 3421 nec
552 3377 609 3420 uuo
624 3359 720 3422 modo
748 3380 812 3423 nam
827 3370 856 3420 et
871 3362 935 3441 ipse
952 3377 1037 3420 ceras
1052 3358 1138 3437 depa
