2542 3842
180 134 239 197 126
352 176 355 181 -
552 146 863 196 commanebam
888 168 891 172 ·
928 191 934 197 .

178 298 342 363 Cordubam
361 309 472 379 petunt.
504 297 635 361 Celticos
656 317 673 360 a
691 297 847 361 Celtiberis
867 316 906 359 ex
925 298 1069 362 Lusitania
1089 301 1178 364 adve-

142 410 147 417 ·
176 386 256 444 nisse
277 383 458 444 manifestum
480 392 526 444 est
549 386 658 459 sacris,
685 383 799 460 lingua,
828 383 1001 461 oppidorum
1026 385 1179 447 vocabulis
1262 393 1263 398 ’

135 484 252 547 ιιιιιι
276 467 495 544 cognominibus
518 469 547 528 in
560 467 680 539 Baetica
700 467 901 542 distinguntur.
932 466 1035 528 Seriae
1055 468 1179 529 adicitur

176 550 263 611 Tama
279 549 365 627 lulla,
385 550 580 627 Nertobrigae
596 548 765 611 Concordia
780 549 867 625 lolia,
889 548 1022 627 Segidae
1034 550 1179 612 Restituta

176 633 257 710 Iulia,
271 632 458 695 Contributae
468 634 538 694 luha
541 633 779 711 Ugultunracum
790 650 864 711 quae
877 642 907 692 et
917 631 1025 711 Curiga
1035 653 1111 694 nuno
1122 644 1178 711 est
1192 647 1206 686 ⁵

176 718 377 801 laconimurgi
399 715 566 778 Constantia
581 716 668 794 lulla,
692 714 852 776 Teresibus
872 714 1046 778 Fortunales
1066 726 1096 777 et
1112 714 1179 779 Cal·

177 786 306 861 lensibus
317 801 487 862 Aeneanici.
501 808 620 879 praeter
629 800 725 860 haec
717 818 745 858 m
757 796 869 859 Celtica
880 798 1037 879 Acinippo,
1047 801 1180 877 Arunda,

177 884 296 959 Arunci,
313 883 491 961 Turobriga,
505 882 630 960 Lastigi,
646 882 776 964 Alpcsa,
795 883 950 961 Saepone,
966 884 1106 962 Serippo
1137 884 1178 945 al·

176 976 240 1028 tera
256 966 405 1041 Baeturia,
427 985 512 1045 quam
535 967 658 1027 diximus
673 954 865 1027 Turdulorum
881 973 911 1025 et
931 976 1090 1027 conventus
1106 964 1179 1027 Cor·

91 1056 93 1061 '
178 1049 326 1125 dubensis,
342 1049 431 1110 habet
446 1052 553 1149 oppida
569 1068 627 1110 non
642 1049 782 1127 ignobilia
797 1049 917 1125 Arsam,
934 1048 1108 1127 Mellariam,
1126 1050 1218 1110 tii-10

136 1147 170 1203 15
178 1132 333 1209 robrrgam
349 1134 479 1211 regionis
495 1131 652 1195 Osintiadis
669 1134 852 1212 Sisaponem.
872 1132 1003 1195 Gaditani
1019 1142 1180 1195 conventus

92 1223 96 1231 '
178 1217 281 1276 civium
298 1215 491 1277 Romanorum
508 1217 639 1295 Regina,
660 1216 824 1278 Latinorum
837 1201 963 1295 Laepi'a,
981 1216 1062 1294 Ulia,
1079 1215 1180 1277 Carisa

178 1300 350 1376 cognomine
365 1299 503 1377 Aurelia,
513 1302 614 1379 Urgia
630 1302 833 1378 cognominata
849 1297 981 1360 Castrum
994 1262 1119 1361 lulibm
1111 1310 1180 1359 rtem

179 1379 314 1443 Caesaris
330 1345 543 1444 Salutariensis.
572 1384 762 1462 stipendiaria
776 1383 899 1456 Besaro,
914 1382 1052 1462 Belippo,
1070 1383 1180 1445 Barbe-

178 1466 252 1540 sula,
268 1464 409 1544 Lacippo,
425 1466 592 1545 Baesippo,
609 1464 716 1541 Callet,
734 1464 912 1544 Cappmnm,
931 1464 1079 1543 Oleastro,
1095 1467 1221 1541 Ituci,1s
1262 1455 1264 1521 ἶ

137 1548 281 1624 ltiBrana,
296 1547 428 1624 bassula,
445 1548 591 1626 Saguntia,
604 1549 706 1608 Situdo
708 1548 861 1626 ,.Usaepo
887 1548 1104 1625 hongitudinem
1119 1549 1180 1609 uni·

179 1648 294 1690 versam
314 1634 376 1691 eius
398 1632 524 1711 prodidit
545 1630 583 1691 Μ.
607 1630 743 1709 Agrippa
765 1628 973 1692 CCGCLXXV
988 1631 1018 1691 Μ
1033 1650 1180 1711 passuum,

179 1714 355 1775 latitudinem
371 1712 512 1775 CCLVIII
527 1712 566 1791 Μ
584 1715 638 1775 sed
655 1733 718 1774 cunr
731 1716 846 1776 termini
860 1713 1065 1791 Carthaginem
1087 1733 1180 1793 usque

179 1796 390 1875 procederent,
413 1816 488 1878 quae
505 1816 592 1873 causa
609 1816 730 1875 magnos
746 1816 865 1871 errores
881 1800 1085 1877 conputatione
1101 1817 1180 1858 men-

179 1898 264 1939 surae
280 1880 397 1957 saepius
413 1882 497 1959 parit,
518 1870 587 1941 alibi
602 1890 710 1942 mutato
726 1882 940 1959 provinciarum
952 1883 1039 1943 modo
1052 1882 1145 1942 alibi'
1135 1882 1179 1940 rti·
1190 1893 1220 1934 ιι

178 1980 278 2021 nerum
300 1965 392 2023 auctis
415 1972 463 2023 ιιι
486 1960 630 2024 dimibutis
652 1964 797 2043 passibus.
830 1965 989 2025 incubuere
1010 1966 1099 2025 maria
1123 1974 1181 2023 tam
1262 1983 1263 1986 ¹

179 2045 269 2123 longo
284 2064 376 2120 aevo,
394 2046 464 2107 alibi
482 2065 659 2126 processere
677 2048 774 2123 litora,
791 2058 907 2108 torsere
922 2066 956 2108 se
972 2049 1117 2109 huminum
1132 2055 1181 2107 aut

180 2146 338 2189 correxere
355 2128 458 2191 ιΙιιιιι.
484 2138 639 2210 praeterea
655 2131 770 2192 aliunde
786 2132 850 2191 aliis
864 2132 1016 2192 exordium
1027 2148 1180 2192 mensurae
1262 2188 1264 2199 ,

138 2225 171 2281 17
180 2222 225 2272 est
241 2222 269 2273 et
285 2215 341 2274 alia
355 2224 475 2275 meatus.
504 2215 542 2275 ita
557 2214 590 2274 tit·
603 2222 633 2274 ιι
647 2215 720 2274 nulli
735 2216 791 2275 duo
807 2216 969 2276 concinant.
997 2214 1026 2273 2.
1042 2214 1179 2274 Baeticae
1262 2215 1263 2220 ’

179 2296 327 2373 longitudo
349 2314 426 2357 nunc
444 2316 461 2357 a
482 2296 648 2357 Castulonis
671 2298 771 2377 oppidi
793 2299 851 2358 line
874 2298 962 2359 Gadis
978 2294 1050 2357 cct
1070 2296 1100 2356 Μ
1120 2305 1149 2356 ιι
1165 2312 1220 2356 ιιι

178 2378 273 2454 Murgi
293 2382 431 2439 maritima
456 2397 508 2439 ora
523 2378 606 2439 XXV
620 2379 651 2439 M
670 2399 749 2459 pass.
770 2381 910 2459 amplior,
935 2364 1054 2441 latitudo
1072 2399 1089 2440 a
1110 2374 1181 2439 Car·

178 2462 274 2521 telana
289 2478 342 2521 ora
355 2458 543 2521 ccxxxflfl
554 2460 584 2519 Μ
596 2480 675 2539 pass.
692 2461 853 2540 Agrippam
866 2464 1007 2541 quidem
997 2482 1027 2523 m
1039 2471 1116 2522 tanta
1126 2462 1182 2521 viri

179 2542 329 2619 diligentia
344 2550 520 2623 praeterque
536 2545 565 2602 in
575 2544 633 2604 hoo
646 2561 739 2623 opere
755 2563 834 2620 cura,
852 2546 953 2606 orbem
966 2564 1030 2606 cum
1041 2554 1182 2605 terrarum

180 2624 244 2685 orbi
261 2626 448 2705 spectandum
463 2627 666 2705 propositurus
690 2637 787 2704 esset,
812 2645 928 2689 errasse
950 2630 1015 2707 quis
1036 2628 1136 2689 credat
1153 2636 1183 2688 ιι

181 2727 245 2769 curn
260 2727 296 2770 eo
315 2711 409 2770 divom
424 2706 639 2787 Augustum?
629 2729 655 2769 rs
676 2729 800 2810 namque
821 2712 995 2790 conplexam
1009 2729 1076 2771 eum
1090 2711 1181 2789 porti·
1170 2724 1221 2766 -ao

181 2810 245 2851 cum
266 2812 305 2853 ex
324 2794 515 2854 destinatione
538 2802 567 2853 et
588 2795 801 2854 commentariis
823 2793 861 2854 Μ.
878 2795 1029 2895 Agrippae
1044 2811 1062 2854 a
1077 2809 1182 2855 sorore

182 2877 244 2935 eius
260 2877 423 2938 inchoatam
436 2878 563 2955 peregit.

140 2964 174 3020 18
236 2958 318 3021 3.4
283 2961 318 3037 (4
321 2962 345 3038 .)
360 2958 511 3021 Citerioris
522 2960 679 3039 Hispaniae
692 2961 766 3020 sicut
778 2960 957 3038 conplurium
969 2958 1183 3038 provinciarum

181 3042 356 3120 aliquantum
369 3052 454 3103 vetus
466 3043 557 3103 forma
571 3053 677 3104 mutata
688 3051 744 3118 est,
761 3052 861 3120 utpote
876 3061 942 3102 cum
952 3042 1107 3120 Pompeius
1121 3041 1182 3102 Μι-

181 3142 255 3202 gnus
272 3126 399 3202 tropaeis
415 3127 473 3185 suis
492 3143 567 3204 quae
583 3126 748 3187 statuebat'
739 3144 768 3185 ιι
783 3126 933 3201 Pyrenaeo
944 3122 1184 3185 uccctxxvtt
1194 3147 1223 3190 cc

130 3279 133 3287 Ι
183 3205 289 3287 oppida
311 3206 347 3267 ab
363 3206 487 3286 Alpibus
509 3210 545 3270 ad
568 3210 632 3270 linis
648 3209 804 3287 Hispaniae
825 3208 1001 3269 ulterioris
992 3227 1021 3268 m
1038 3209 1185 3269 dicionem

183 3291 221 3351 ab
237 3308 270 3351 se
285 3290 403 3350 redacta
419 3298 541 3351 testatus
557 3293 706 3351 situnne
722 3293 858 3351 universa
880 3293 1045 3369 provincia
1041 3291 1185 3351 dividitur

183 3376 213 3435 in
230 3381 390 3434 conventus
406 3382 535 3453 septem,
561 3372 829 3453 Carthaginiensem
844 3374 1092 3436 Tarraconensem
1109 3370 1185 3437 Cae-
