2542 3842
167 132 228 194 250
474 142 503 190 o.
517 144 612 190 curru
629 108 781 191 sncuunr'
948 146 953 178 ι

165 309 248 360 tunsa
261 315 349 374 suco,
365 315 422 358 nec
438 298 579 358 corticem
591 296 735 356 abdicant.
758 297 853 356 omnia
865 314 901 358 ea
916 314 1039 356 venena.
1063 296 1188 377 quippe

154 381 343 443 fodientibus
358 390 463 456 nocet,
480 381 505 440 si
521 382 644 440 minuma
656 380 786 459 adspiret
801 399 884 440 aura:
900 381 1093 440 intumescunt
1110 397 1186 440 cor-

165 483 257 546 pora,
278 465 442 544 faciemque
455 463 590 526 invadunt
606 465 689 540 ignes
704 466 790 525 sacri.
818 464 855 523 ob
873 464 902 524 id
918 470 1018 524 cerato
1035 465 1121 542 prius
1138 466 1185 523 in-

125 562 175 616 las
187 551 286 610 linunt.
328 549 497 627 quibusdam
525 558 620 608 tamen
645 548 755 608 morbis
788 548 919 608 auxiliari
947 549 1044 610 dicunt
1067 549 1186 610 medici

165 636 337 714 permixtam
351 633 433 706 aliis,
455 634 523 694 item
539 632 683 710 alopeciis
703 633 926 710 suggillatisque
949 650 984 692 ac
1002 631 1204 708 liventibus,5

166 737 221 780 cen
236 735 307 778 vero
329 717 459 778 remedia
474 717 584 791 desint,
607 725 639 776 ut
658 716 775 778 scelera
795 735 853 777 non
868 724 1003 776 tractent.
1042 717 1107 777 Sed
1122 718 1183 776 ista

165 810 338 882 praetexunt
364 802 452 861 noxio
479 803 685 874 instrumento,
718 810 883 878 tantumque
911 800 1100 879 inpudentiae
1134 811 1181 860 est

166 897 196 946 ut
207 903 348 946 venenum
365 885 434 946 artis
451 902 520 946 osse
542 885 746 963 persuadeant.
776 883 903 964 'l'bapsia
923 885 952 943 in
965 883 1068 944 Africa
1084 885 1180 944 vehe-

166 970 352 1030 mentissima.
384 968 499 1046 quidam
521 969 633 1031 caulem
657 969 784 1030 incidunt
804 969 984 1047 permensis
1006 976 1037 1028 et
1057 969 1090 1027 iu
1111 970 1181 1047 ipsa

48 1115 49 1124 ,
167 1065 308 1117 excavant
331 1053 447 1128 radice,
471 1070 528 1130 quo
549 1071 638 1113 sucus
656 1053 797 1127 condunt,
821 1053 1038 1131 arefactumque
1053 1053 1179 1112 tollunt.
1190 1083 1206 1121 u

125 1149 174 1202 lto·
188 1138 236 1198 alii
252 1139 339 1212 lolia,
356 1137 486 1211 caulem,
504 1137 632 1198 radicem
646 1138 765 1206 tundunt
779 1139 807 1199 in
824 1137 885 1215 pila
899 1145 929 1198 et
944 1154 1045 1196 sucum
1059 1137 1092 1196 in
1108 1139 1179 1198 sole

167 1231 300 1282 coactum
315 1221 443 1282 dividunt
458 1222 486 1280 in
502 1221 646 1299 pastillos.
674 1220 755 1282 Nero
772 1219 882 1281 Caesar
900 1220 1061 1280 claritatem
1078 1222 1110 1280 ei
1125 1223 1177 1282 de·

166 1307 214 1384 dit,
229 1307 308 1366 initio
331 1306 450 1383 imperi,
471 1307 619 1366 nocturnis
642 1304 871 1382 grassationibus
889 1304 1110 1364 converberata
1134 1306 1177 1366 ia-

167 1393 212 1450 cie
225 1391 347 1450 inlinens
362 1391 406 1450 sic
418 1407 481 1450 cum
496 1399 559 1450 ture
572 1407 712 1469 ceraque,
727 1399 757 1449 et
772 1398 874 1450 secuto
888 1388 935 1449 die
951 1397 1052 1450 contra
1066 1389 1177 1450 laruam

167 1484 262 1535 cutem
281 1476 423 1536 sinceram
445 1473 662 1534 circumferens.
689 1475 787 1550 iguem
802 1473 903 1535 ferulis
922 1481 1038 1550 optume
1053 1477 1202 1542 serverin

167 1568 277 1619 certum
292 1568 336 1618 est
352 1575 461 1636 easque
476 1559 505 1618 in
523 1557 662 1636 Aegypto
676 1559 870 1636 praecellere.

124 1651 175 1706 lbi
252 1641 302 1711 23.
312 1697 317 1708 ,
328 1642 413 1719 (44.)
436 1639 492 1700 Ubi
507 1649 535 1702 et
551 1644 703 1720 capparis,
719 1641 853 1702 firmioris
870 1640 940 1717 ligii
954 1641 1071 1718 frutex,
1086 1646 1174 1704 semi·

132 1728 140 1732 ’
165 1728 268 1802 nisque
281 1734 310 1787 et
322 1725 394 1786 cibis
407 1724 528 1800 volgati,
542 1726 625 1786 caule
638 1742 756 1804 quoque
767 1743 820 1784 una
833 1725 1003 1803 plerumque
1015 1726 1169 1804 decerpto.

167 1808 295 1870 cavenda
311 1810 371 1898 eius
389 1825 500 1884 genera
515 1809 686 1886 peregrina,
702 1809 845 1886 siquidem
861 1808 999 1870 Arabium
1015 1809 1163 1888 pestilens,

165 1892 296 1952 Africum
319 1891 443 1969 gingivis
465 1892 624 1968 inimicum,
650 1891 847 1975 Marmaricam
874 1893 969 1952 volvis
989 1902 1020 1954 et
1046 1893 1200 1958 omniumm

165 1975 375 2049 inllationibus.¹
404 1975 529 2054 Apulum
552 1977 675 2036 vomitus
700 1977 786 2053 iacit,
812 1977 992 2038 stomachum
1016 1987 1048 2038 et
1072 1977 1170 2038 alror‘n

166 2061 263 2121 solvit.
295 2061 408 2140 quidam
425 2061 454 2120 id
467 2061 647 2136 cynosbaton
661 2071 784 2137 vocant,
804 2061 853 2123 alii
869 2061 1127 2140 ophiostaphylen.

124 2155 174 2209 lan
239 2146 322 2224 (45.)
337 2144 502 2205 Frutectosi
518 2155 562 2205 est
578 2148 696 2222 generis
714 2155 743 2205 et
765 2146 882 2223 saripha
903 2146 980 2205 circa
999 2143 1096 2205 Nilum
1121 2165 1172 2207 na·

66 2226 68 2234 ’
165 2247 268 2304 scens,
281 2231 404 2290 duornrd
414 2229 506 2289 ferme
521 2228 683 2290 cubitorum
697 2230 863 2306 altitudine,
879 2227 1012 2306 pollicari
1030 2233 1172 2291 crassitu-

165 2315 247 2388 dine,
263 2331 346 2374 coma
359 2315 477 2391 papyri,
494 2311 638 2390 similique
651 2313 792 2373 manditur
802 2313 905 2386 modo,
923 2313 1021 2374 radice
1036 2313 1175 2376 ferrariis
1183 2347 1205 2387 25

165 2397 289 2458 cilicinis
301 2397 460 2475 praecipua
476 2395 612 2456 carbonis
626 2415 679 2456 usu
695 2407 817 2476 propter
831 2395 970 2456 duritiam.

123 2491 174 2546 129
250 2481 301 2540 24.
325 2479 409 2557 (46.)
433 2477 499 2538 Non
520 2480 705 2543 omittendum
720 2490 766 2542 est
785 2489 816 2540 et
836 2481 915 2558 quod
930 2480 1078 2557 Babylone
1095 2484 1172 2541 seri-

164 2574 209 2626 tur
229 2567 258 2624 in
274 2563 380 2640 spinis,
408 2563 542 2641 quoniam
562 2581 619 2624 nnn
640 2562 729 2624 aliubi
749 2565 834 2639 vivit,
856 2565 931 2626 sicut
953 2575 983 2624 et
1003 2567 1111 2626 vocum
1138 2565 1174 2624 in

164 2645 332 2722 arboribus,
348 2647 401 2708 sed
421 2647 490 2707 illud
505 2649 630 2726 inopina
645 2650 752 2708 tanturn
766 2665 841 2726 qnae
855 2649 937 2725 regia
953 2659 1081 2711 vocatur.
1113 2649 1176 2708 mi·

163 2749 234 2804 rum,
249 2730 443 2808 quodeodcm
456 2730 502 2791 die
513 2733 656 2808 gemninat
667 2748 725 2810 quo
735 2732 871 2792 iniectum
883 2741 979 2792 est—
989 2734 1106 2792 inicitur
1120 2750 1178 2794 au·
1188 2763 1209 2802 ῃ

165 2824 222 2874 tem
244 2815 309 2892 ipso
332 2816 412 2876 canis
428 2825 492 2874 ortu
506 2849 548 2860 -
565 2825 595 2876 et
611 2815 764 2877 celerrime
779 2815 912 2878 arborem
924 2826 1062 2894 occupat.
1092 2813 1177 2878 Gon·

164 2898 242 2958 diunt
264 2917 301 2958 eo
317 2900 399 2972 vina,
419 2908 450 2959 et
465 2899 531 2960 ideo
545 2909 656 2960 serunt.
689 2901 779 2978 Spina
793 2900 843 2960 illa
858 2901 985 2960 nascitur
1000 2909 1029 2960 ct
1043 2900 1178 2962 Athenis

163 2981 192 3042 in
207 2982 303 3059 longis
317 2983 415 3042 muris.
667 3026 669 3039 .

122 3073 173 3128 lbo
245 3067 327 3146 (47.)
346 3064 455 3126 Frutex
478 3076 524 3126 est
542 3076 573 3128 et
593 3070 702 3143 cytisus
723 3067 759 3128 ab
775 3067 968 3146 hrnpbilocbo
984 3067 1177 3131 Atheniense

162 3151 241 3209 miris
263 3149 395 3208 laudibus
409 3151 593 3228 praedicatus
609 3151 716 3232 pabulo
736 3153 848 3227 orium,
872 3154 967 3213 aridus
988 3170 1062 3212 vero
1080 3157 1209 3230 etlamg

162 3251 260 3307 suum,
285 3234 468 3310 spondetque
492 3235 594 3311 iugero
622 3237 684 3294 eius
703 3253 795 3296 annua
811 3235 867 3296 tls.
884 3251 938 3298 trit
957 3235 1005 3296 vel
1025 3237 1177 3299 mediocri

162 3315 228 3376 solo
250 3316 370 3376 reditus.
401 3318 508 3376 utilitas
531 3336 607 3395 quae
629 3337 718 3392 ervo,
736 3320 883 3380 sedoeior
899 3323 1002 3394 sabas,
1025 3338 1177 3400 perquam

161 3399 275 3458 modico
306 3401 514 3476 pinguescente
539 3401 735 3477 quadripede,
763 3404 803 3461 ita
823 3412 854 3461 ut
875 3406 998 3464 iumenta
1025 3403 1177 3466 hordeum

163 3488 311 3556 spernant.
342 3496 398 3540 non
415 3499 453 3542 ex
468 3483 525 3541 alio
546 3483 653 3560 pabulo
671 3484 755 3543 lactis
772 3487 862 3546 maior
878 3490 964 3566 copia
979 3495 1027 3548 aut
1046 3489 1176 3570 melior,
