2542 3842
319 152 399 231 nar.
420 184 511 231 meu.
534 166 594 231 'vra
616 180 736 234 stt-ta.
762 171 914 251 (so—53.)
995 200 997 207 ·
1077 170 1117 235 83

116 338 318 419 quadrinisve,
336 338 420 397 etiam
435 352 510 397 annu
524 346 598 397 toto.
615 337 803 414 atqneetiam
818 336 936 395 morbus
952 346 997 397 est
1012 337 1115 417 aliquis

117 442 171 502 per
185 422 356 509 sapientiam
372 422 453 481 mori.
481 420 590 480 morbis
604 422 679 479 enim
695 432 811 499 qnoque
827 420 962 498 quasdam
974 421 1057 499 leges
1069 440 1117 481 na·
1266 478 1267 501 ,

116 518 178 567 tara
194 506 305 583 posuit:
322 505 451 582 quadrini
466 505 600 564 circuitus
612 503 724 563 febrem
736 522 887 582 numquam
899 503 1008 581 bruma,
1020 524 1098 565 num·
1088 513 1161 571 ·1iu
1266 510 1267 567 Ϊ

116 608 200 669 quam
216 589 345 649 bibernis
359 588 528 648 mensibus
520 589 660 667 incipere,
678 588 816 666 quosdam
829 597 895 687 post
907 591 1118 666 sexagesimum

94 676 195 740 aritae
211 674 333 751 spatium
348 689 406 731 non
423 672 576 749 accidere,
594 672 668 732 alios
687 671 838 770 pubertate
856 660 979 749 deponi,
999 690 1014 731 a
1036 674 1117 733 lemi

116 759 161 817 nis
177 758 355 855 praecipue,
378 774 466 817 senes
485 757 607 816 minume
628 757 737 815 sentire
760 756 962 833 pestilentiam.
995 774 1117 836 namque

116 850 146 900 et
159 841 302 899 universis
317 839 474 915 gentibue
466 850 599 915 ingruunt
614 838 719 914 morbi,
737 848 765 899 et
781 840 939 917 generatim
953 840 1040 899 modo
1056 858 1118 899 ser·

115 925 193 1003 vitiis
207 923 293 983 modo
313 940 468 1001 procerum
487 924 580 984 ordini
598 924 731 1002 aliosque
754 940 807 1001 per
822 924 938 999 gradus.
970 940 1025 1001 qua
1040 926 1068 983 in
1084 942 1116 983 re
1171 982 1175 990 ,

118 1008 302 1067 observatum
318 1026 334 1067 a
353 1008 515 1067 meridianis
537 1006 670 1085 partibus
680 1006 715 1066 ad
731 1023 866 1067 oceasum
881 1006 952 1065 solis
979 1008 1117 1083 pestilen-

83 1094 185 1151 tatiam
202 1108 318 1169 semper
332 1092 391 1166 ire,
409 1109 464 1151 nec
480 1108 612 1168 amquam
627 1091 711 1149 aliter
726 1090 806 1164 lere,
822 1106 879 1149 non
896 1090 999 1164 hieme,
1016 1109 1071 1149 nec
1087 1099 1118 1158 ui

116 1186 217 1235 ternos
240 1175 365 1234 excedat
390 1192 516 1235 menses
560 1174 609 1232 51.
633 1172 758 1253 (52')
750 1192 804 1232 iarn
828 1176 909 1251 signa
932 1174 1044 1233 letalia:
1069 1177 1158 1237 until

116 1260 223 1342 luroris
237 1258 340 1317 morbo
361 1260 463 1341 risum,
486 1259 645 1337 sapientiae
661 1274 733 1317 vero
751 1258 929 1333 aegritudine
946 1256 1116 1317 fimbriarum

117 1335 213 1403 caram
230 1352 261 1401 ιι
273 1342 418 1417 stragulae
436 1343 526 1401 vestis
542 1341 714 1418 plicaturas,
731 1358 746 1399 a
763 1358 862 1399 somno
879 1342 1052 1399 moventium
1066 1358 1116 1401 aa·

116 1427 261 1503 glectam,
284 1423 432 1503 praefandi
453 1426 579 1485 humoris
604 1442 620 1483 e
640 1440 766 1501 corpore
788 1424 975 1499 elduvium,
968 1442 994 1481 ιιι
1017 1424 1117 1483 oculo·

82 1524 177 1583 nram
202 1509 316 1587 quidem
343 1518 373 1567 et
391 1511 499 1569 narium
521 1509 661 1586 adspectu
681 1507 836 1567 indubitata
857 1524 1003 1583 maxume,
1030 1516 1118 1585 atque

117 1596 200 1653 etiam
222 1594 324 1671 supino
341 1592 459 1653 adsidue
477 1592 592 1664 cubitu,
609 1608 746 1651 venarum
763 1590 937 1669 inaequabili
958 1599 1005 1650 ant
1020 1590 1118 1651 formi·
1174 1634 1176 1643 ,

117 1686 200 1738 cante
219 1694 377 1753 percussu,
400 1694 534 1755 quaeque
551 1676 607 1735 alia
624 1676 792 1753 Hippocrati
815 1676 937 1773 principi
957 1674 1117 1734 medicinae

117 1761 271 1821 observata
293 1770 366 1819 sunt.
398 1770 506 1820 etcum
521 1758 735 1819 innumerabilia
755 1752 810 1817 sidt
829 1759 929 1819 mortis
952 1760 1051 1835 signa,
1073 1776 1117 1817 sa·

107 1845 183 1905 lutis
197 1845 419 1923 securitatisque
435 1844 514 1903 nulla
527 1852 606 1918 sunt,
622 1845 730 1921 quippe
748 1858 810 1902 cum
826 1844 977 1903 censorius
991 1840 1062 1902 Gaio
1080 1842 1115 1901 ad

80 1928 204 1987 miilium
220 1928 256 1986 ιιι
274 1927 376 1986 ualidis
392 1945 507 2007 quoque
523 1926 755 1987 obseruationem
776 1935 806 1985 ιιι
824 1945 861 1984 ex
882 1926 1000 1985 oraculo
1020 1916 1117 2004 aliqa'c

116 2012 277 2089 prodiderit
293 2011 411 2069 senilem
427 2013 571 2070 iuventam
586 2019 785 2089 praematurae
801 2010 899 2067 mortis
913 2026 979 2067 esse
996 2009 1116 2085 signum.

116 2094 282 2154 morborum
296 2112 368 2153 vero
386 2103 443 2154 tam
458 2094 565 2154 inlicita
580 2102 624 2151 est
635 2091 783 2151 multitudo
800 2100 829 2149 ut
841 2090 1026 2164 Pherecydes
1041 2092 1094 2166 Sy·
1107 2097 1158 2153 tta

116 2180 176 2237 rins
199 2179 375 2255 serpentium
395 2176 572 2237 multitudine
594 2194 631 2235 ex
652 2189 777 2251 corpore
796 2176 858 2232 eius
877 2184 1045 2249 erumpente
1067 2192 1117 2234 ex-

116 2263 278 2340 spiraverit.
312 2260 481 2339 quibusdam
499 2268 640 2338 perpetua
662 2258 752 2318 febris
774 2267 838 2332 eet,
857 2258 931 2317 sicut
952 2255 985 2315 G.
1001 2256 1117 2316 blaecc-

79 2343 185 2412 macti
219 2345 312 2404 eidem
331 2346 452 2405 triennio
469 2360 607 2422 supremo
624 2342 704 2402 nulio
725 2342 815 2403 borae
832 2350 975 2401 momento
998 2340 1119 2417 contigit

116 2446 243 2491 somnus.
270 2428 423 2507 Antipater
437 2428 571 2489 Sidonius
584 2435 672 2504 poeta
689 2423 817 2485 omnibus
829 2427 908 2485 annis
924 2442 980 2485 uno
994 2425 1041 2486 die
1057 2433 1117 2483 tan·

114 2522 174 2572 tum
185 2512 272 2571 natali
284 2512 498 2590 concipiebatur
507 2510 592 2575 tetre
604 2520 633 2569 et
646 2527 681 2569 eo
695 2518 879 2609 consumptus
893 2518 938 2569 est
948 2510 1018 2569 satis
1031 2509 1117 2585 longa

117 2604 247 2655 senecta

95 2729 98 2734 .
181 2677 231 2739 52.
256 2678 340 2757 (53.)
368 2678 473 2739 Aviola
489 2659 672 2739 consularis
665 2695 777 2753 inrogo
794 2677 898 2735 revixit
914 2676 1160 2753 et,quoniam173

80 2761 264 2825 aosabreairi
287 2780 344 2822 non
361 2772 494 2841 potuerat
515 2762 701 2839 praevalente
724 2760 850 2832 damma,
872 2760 956 2816 vivos
974 2766 1117 2817 crematus

118 2854 172 2906 cst.
203 2846 304 2904 similis
328 2862 413 2905 causa
431 2846 509 2905 inb.
526 2844 625 2905 bannia
642 2844 788 2922 praetorio
808 2842 871 2901 uiro
888 2840 1016 2900 traditur.
1053 2858 1116 2900 nara

117 2927 150 2990 C.
166 2928 280 2989 Aelium
295 2929 479 2989 Tuberonem
494 2937 627 3008 praetura
641 2928 766 2987 iunctum
783 2946 798 2985 a
813 2942 887 3001 rogo
903 2924 1023 2984 relatum
1038 2922 1114 2983 liles-

116 3012 189 3088 saia,
205 3012 295 3071 Rufus
311 3023 341 3073 et
357 3012 490 3090 plerique
506 3010 627 3071 tradunt
654 3010 734 3069 Haec
750 3018 794 3069 est
807 3002 932 3069 conditio
944 3005 1115 3067 mortalium.

117 3097 153 3157 ad
174 3095 226 3155 luas
245 3106 274 3155 et
291 3095 430 3156 eiusmodi
449 3096 620 3155 occasiones
631 3094 767 3153 fortunae
783 3093 941 3168 gignimur,
958 3092 998 3152 uti
1014 3090 1050 3151 de
1065 3088 1116 3149 ho-

79 3182 191 3243 asmiue
204 3181 333 3240 nemorti
343 3178 456 3257 quidem
468 3178 575 3238 debeat
586 3178 675 3237 credi.
698 3176 887 3255 Reperimus'
879 3183 953 3235 mter
962 3172 1097 3249 exempla
1107 3180 1161 3237 lii

115 3262 284 3323 Hermotimi
302 3261 476 3322 Clazomenii
493 3263 613 3321 animam
628 3261 732 3321 relicto
748 3277 873 3338 corpore
890 3268 987 3319 errare
1004 3257 1117 3315 solitam

110 3364 277 3444 vagamque
293 3364 310 3405 e
325 3346 481 3423 longinquo
493 3344 580 3405 malta
592 3344 756 3405 adnuntiare
770 3362 844 3422 quae
859 3345 913 3403 nisi
928 3360 944 3403 a
960 3348 1115 3418 praesente

117 3431 200 3489 nosci
220 3448 278 3490 non
298 3438 434 3508 possent,
457 3446 582 3507 corpore
602 3430 714 3489 interim
738 3428 918 3501 semianimi,·
931 3425 1027 3485 donec
1050 3440 1115 3485 cra-

159 3518 437 3572 rcru.nnr.n1sr.ll.
570 3536 573 3540 ’
933 3506 953 3569 3
