2542 3842
327 162 406 211 unu.
423 162 513 213 nasu.
530 165 567 211 ιι.
586 155 853 233 12—15.(9—12.)
1068 158 1107 218 75

55 378 57 387 ,
116 318 264 395 hebetari,
293 334 368 377 nunc
389 316 426 378 ab
448 334 571 377 occasus
586 328 669 397 parte
684 318 742 380 boc
757 322 783 379 ei
800 325 952 399 accidere,
981 340 1056 383 nunc
1069 324 1106 385 ab

117 411 250 478 exortus,
273 416 394 480 quanam
408 403 533 477 ratione,
556 408 620 462 c'nm
636 403 707 463 solis
724 413 825 464 exortu
839 406 938 467 umbra
952 407 1002 467 illa
1016 407 1107 468 bebe-

114 488 199 547 tatrix
213 485 267 544 sub
284 494 361 549 terra
376 504 443 545 esse
455 485 571 561 debeat,
591 487 683 569 semel
694 489 749 547 iam
765 489 902 549 acciderit
917 492 984 551 utin
999 509 1108 553 occasu

114 572 178 633 luna
196 569 338 629 deiiceret
355 578 478 648 utroque
500 587 587 647 super
608 579 715 630 terram
736 574 898 650 conspicuo
909 576 1015 635 sidere.
1043 594 1107 637 nam

95 664 144 723 sut
165 652 219 713 XV
244 652 345 714 diebus
367 662 520 732 utrumque
546 653 623 713 sidus
649 665 841 734 quaereretur
862 666 891 716 ct
914 667 1013 718 nostro
1032 678 1107 719 aevo

4 772 12 799 t
113 737 217 799 accidit
234 737 456 817 imperatoribus
471 737 658 815 Vespasianis
682 749 764 817 patre
782 738 831 799 lll.
850 740 910 801 lilio
924 742 1026 801 iterum
1040 760 1106 802 con-

113 820 232 882 sulibus.
529 818 531 821 ’
707 869 714 881 .

175 904 222 965 14.
240 905 324 983 (11.)
342 902 447 964 Lunam
463 923 579 984 semper
594 908 707 966 aversis
722 925 739 968 a
754 907 819 967 sole
838 907 986 983 cornibus,
1002 909 1027 968 si
1045 921 1150 973 cre-58

113 997 189 1065 scat,
217 998 298 1049 ortus
323 997 472 1065 spectare,
502 990 526 1047 si
550 991 706 1066 minuatur,
734 1008 874 1068 occasus,
903 992 971 1053 baut
993 992 1109 1053 dubium

81 1095 103 1137 ro
114 1082 168 1135 est.
185 1073 284 1133 lucere
300 1071 455 1131 dodrantes
471 1075 631 1133 semuncias
646 1073 781 1134 horarum
795 1075 831 1135 ab
844 1076 972 1140 secunda
982 1077 1107 1138 adicien-

111 1167 169 1217 tem
192 1174 283 1235 nsqne
308 1156 345 1217 ad
367 1156 483 1233 plenum
505 1155 606 1215 orbem
624 1157 881 1238 detrahentemque
897 1161 925 1217 in
940 1158 1107 1222 deminutio·

111 1258 187 1317 nem,
204 1242 278 1300 intra
294 1241 522 1319 quattuordecim
534 1250 629 1301 autem
641 1242 731 1319 partis
745 1242 818 1301 solis
833 1259 951 1320 semper
965 1244 1109 1304 occultam

112 1343 189 1387 esse.
223 1322 288 1397 Quo
305 1333 474 1401 argumento
491 1324 614 1403 amplior
629 1326 784 1385 errantium
802 1325 949 1385 stellarum
964 1344 1049 1406 quarn
1065 1328 1107 1387 lu·

110 1427 164 1470 nae
179 1406 345 1485 magnitudo
362 1408 518 1485 colligitur,
535 1408 650 1488 quando
666 1407 734 1468 illae
749 1418 809 1469 eta
823 1412 952 1488 septenis
967 1411 1107 1471 interdum

77 1520 100 1562 ιι
111 1492 240 1571 partibus
258 1500 416 1568 emergant.
444 1494 496 1553 sed
518 1492 638 1553 altitudo
659 1494 738 1571 cogit
759 1496 885 1555 minores
902 1494 1011 1571 videri,
1033 1498 1107 1556 sicut

109 1576 220 1637 adfixas
235 1574 319 1636 caelo
335 1576 406 1635 solis
421 1575 536 1653 lulgore
552 1577 675 1639 interdiu
690 1594 747 1636 non
765 1578 862 1653 cerni,
881 1596 946 1637 cum
962 1596 1056 1657 aeque
1072 1596 1107 1639 ac

108 1670 195 1721 noctu
213 1660 346 1736 luceant,
371 1660 458 1740 idque
480 1660 662 1721 manifestum
682 1661 731 1721 liat
753 1661 871 1721 delectu
886 1661 959 1725 solis
975 1671 1004 1722 et
1021 1680 1105 1741 prae·

108 1746 173 1805 altis
187 1745 294 1822 puteis.

170 1829 218 1889 15.
236 1826 318 1907 (12.)
335 1826 496 1888 Errantinm
511 1838 606 1889 autem
622 1837 700 1904 tres,
722 1848 792 1909 quas
813 1848 900 1909 snpra
921 1830 1015 1891 solem
1031 1831 1101 1891 dixi·
1113 1834 1148 1886 59

72 1930 169 1977 comus
181 1913 261 1987 sitas,
275 1911 455 1972 occultantur
470 1922 600 1973 meantes
612 1932 676 1973 cum
693 1931 746 1990 eo,
765 1917 932 1975 exoriuntur
949 1933 1021 1977 uero
1043 1907 1145 1994 manli,

4 1998 8 2027 ³
106 1996 197 2057 tutino
210 1994 395 2057 discedentes
410 1996 539 2075 partibus
551 1997 702 2076 numquam
716 1999 837 2078 amplius
849 2002 980 2059 undenis.
999 2010 1103 2078 postea

104 2080 251 2141 radiorum
265 2081 326 2139 eius
345 2089 480 2141 contactu
496 2091 652 2158 reguntur,
675 2090 704 2141 et
730 2083 760 2141 in
774 2085 916 2160 triquetro
942 2082 1104 2160 apartibus

105 2172 224 2225 centum
246 2164 345 2241 viginti
373 2166 513 2225 stationes
539 2166 690 2223 matutinas
707 2164 831 2236 iaciunt,
859 2180 934 2240 quae
950 2172 980 2219 et
995 2165 1103 2238 primae

87 2255 267 2334 jocantur,
286 2265 352 2315 mox
373 2249 402 2307 in
423 2248 548 2307 adverso
569 2265 586 2305 a
606 2244 737 2324 partibus
754 2253 868 2303 centum
884 2245 1032 2319 octoginta
1053 2262 1103 2301 er·

70 2358 94 2398 ²⁵
105 2342 187 2393 ortus
204 2334 403 2409 vespertinos,
422 2334 583 2410 iterumque
599 2330 627 2387 in
646 2338 760 2388 centum
781 2329 881 2406 viginti
894 2327 997 2388 abalio
1010 2326 1103 2387 latere

103 2416 369 2495 adpropinquantes
384 2417 523 2477 stationes
537 2414 721 2493 vespertinas
737 2432 809 2494 quas
826 2412 969 2474 secundas
986 2421 1102 2488 vocant,

103 2500 202 2560 donec
220 2501 375 2561 adsecutus
389 2500 418 2559 in
434 2500 565 2579 partibus
580 2500 720 2560 duodenis
736 2498 866 2559 occultet
882 2497 963 2573 illas,
987 2498 1035 2577 qni
1053 2516 1102 2557 re·

103 2584 227 2663 spertini
243 2602 365 2643 occasus
382 2583 573 2664 appellantur.
610 2582 711 2643 Martis
737 2582 820 2643 stella
837 2591 867 2641 nt
881 2583 1002 2660 propior
1018 2582 1146 2641 etiam6⁰

103 2685 143 2727 ex
167 2668 306 2746 quadrato
329 2670 415 2729 sentit
436 2669 552 2743 radios,
578 2684 595 2726 a
622 2667 777 2744 nonaginta
801 2664 948 2743 partibus,
973 2666 1048 2723 unde
1073 2674 1104 2723 et

67 2768 212 2816 annomen
235 2754 349 2831 accepit
368 2762 462 2813 motus
488 2754 596 2831 primus
619 2760 650 2810 et
669 2750 813 2810 secundus
831 2748 1045 2823 nonagenarius
1060 2748 1102 2805 di·

102 2844 169 2895 ctus
190 2834 226 2895 ab
246 2844 370 2914 utroque
392 2844 505 2895 exortu.
539 2835 643 2895 eadem
663 2833 825 2894 stationalis
850 2833 929 2889 senis
956 2829 1102 2888 mensibus

101 2928 287 2979 conmoratur
301 2921 330 2978 in
347 2919 447 2995 signis,
465 2919 572 2999 alioqui
589 2918 750 2991 bimestris,
768 2934 831 2975 cum
846 2923 964 2973 ceterae
980 2921 1101 2991 utraque

100 3002 227 3061 statione
254 3011 412 3081 quaternos
440 3020 555 3062 menses
576 3018 632 3060 non
656 3000 793 3077 inpleant.
825 2997 983 3056 luieriores
1007 2991 1143 3058 autem⁶l

99 3086 177 3145 dnae
190 3086 371 3147 occultantur
384 3087 415 3146 in
430 3089 505 3146 coitu
521 3085 689 3161 vespertino
704 3082 788 3141 simili
804 3080 901 3156 modo,
918 3081 1101 3161 relictaeque

63 3186 118 3233 ssa
136 3169 202 3230 sole
218 3170 338 3230 totidem
353 3171 381 3229 in
397 3170 523 3249 partibus
538 3168 647 3245 iaciunt
663 3173 782 3226 exortus
795 3167 957 3241 matutinos,
974 3166 1011 3225 ad
1025 3183 1100 3244 qnos

102 3270 119 3313 a
138 3252 320 3331 longissimis
340 3255 490 3315 distantiae
514 3270 582 3311 suae
604 3253 689 3310 metis
708 3249 800 3308 solem
821 3250 1024 3327 inseqnontur‚
1051 3249 1101 3308 ad·

101 3346 253 3417 eptaeque
282 3354 390 3399 occasu
415 3337 548 3414 matutino
573 3334 731 3394 conduntur
756 3351 792 3393 ac
813 3340 1005 3412 praetereunt.
1033 3348 1100 3389 mox

101 3420 210 3483 codem
225 3422 378 3485 intervallo
395 3438 523 3500 vespere
542 3420 708 3479 exoriuntur
725 3435 816 3496 usque
833 3416 869 3477 ad
885 3432 957 3493 quos
975 3414 1130 3473 diximusne
