2542 3842
301 166 383 217 uun.
400 166 491 215 mrsu.
507 168 571 217 1111.
599 151 854 238 t-e.(11-1s.)
1055 158 1114 219 tut
1220 162 1227 170 '

109 324 189 385 sinus
211 321 248 382 ab
270 320 375 381 ineolis
397 321 506 398 dictus,
535 322 564 381 in
587 336 645 399 quo
668 321 776 400 oppida
799 321 967 400 Halcyone,
991 322 1113 401 Eeouia,

108 407 241 467 Phalara.

171 489 257 568 (13.)
276 486 503 563 Dorisdeinda,
529 488 629 565 inqua
647 488 825 567 Sperchios,
851 487 995 568 Erineon,
1011 490 1157 568 Boiumad

109 574 226 647 Pindus,
247 569 389 646 Gytiuum.
424 570 541 630 Doridis
557 589 574 633 a
589 581 674 649 tergo
689 589 772 632 mous
788 570 861 633 Oeta
877 580 932 636 est.

85 683 98 722 5
170 656 255 735 (14.)
269 656 407 733 Sequitur
417 656 531 713 mutatis
548 674 639 733 saepe
655 656 817 723 homiuibus
829 655 999 732 Haemonia,
1011 660 1114 721 eadem

110 740 288 816 Pelasgicon
304 739 412 814 Argos,
429 737 541 814 llellas,
561 740 663 801 eadem
679 739 831 801 Thessalia
842 748 872 799 et
883 739 1023 818 Dryopis,
1038 761 1112 803 seru·

110 842 166 902 per
184 842 200 883 a
218 822 338 898 regibus
355 823 564 898 cognominata.
596 822 636 883 ibi
654 825 769 900 genitus
781 842 838 883 rex
852 824 967 884 nomine
985 823 1114 887 Graecus

111 925 129 967 a
147 925 205 985 quo
224 905 358 982 Graecia,
375 906 415 964 ibi
430 905 566 967 Hellana
583 922 641 985 quo
657 906 807 968 Helleues.
839 906 901 967 llos
919 908 1040 970 eosdem
1055 909 1112 969 llo·

110 1009 210 1051 merus
224 989 317 1056 tribua
329 989 491 1049 nominibus
506 990 665 1068 appellavit
675 990 869 1065 Myrmidonas
887 999 916 1051 et
928 990 1067 1052 llellenas
1085 1003 1114 1053 et

76 1074 260 1135 1⁰Aehaecs.
293 1072 340 1133 Ex
359 1071 403 1134 his
426 1072 577 1133 Phthiotae
598 1076 776 1134 nominantur
798 1072 909 1134 Dorida
930 1074 1111 1136 adeoleutes.

111 1176 213 1218 eorum
231 1156 338 1236 oppida
357 1155 502 1231 Echinus,
521 1157 550 1214 iu
574 1156 707 1216 lancibus
729 1157 863 1235 Sperchii
883 1156 1004 1217 lluminis
1022 1160 1112 1221 Ther·

109 1240 292 1319 mopylarum
313 1240 479 1315 angustiae,
505 1256 563 1319 quo
588 1250 757 1317 argumento
775 1240 828 1300 llll
847 1239 876 1299 ll
891 1258 1026 1319 passuum
1046 1245 1113 1304 iude

109 1324 257 1385 Heraclea
279 1323 405 1383 Trachin
426 1322 502 1383 dicta
523 1332 578 1383 est.
604 1341 688 1385 mous
708 1324 747 1383 ihi
770 1321 979 1401 Callidromus,
1005 1328 1113 1405 oppida

111 1407 262 1470 celebrata
279 1406 391 1481 Hellas,
407 1405 508 1481 Halos,
526 1405 632 1482 Lamia,
651 1406 762 1482 Phthia,
778 1407 868 1467 Arne.
901 1399 905 1409 ’

77 1508 101 1549 ts
177 1488 206 1551 8.
226 1488 360 1569 (15.)1n
382 1483 532 1550 Thessalia
555 1500 650 1551 autem
670 1488 870 1551 Orchomenus
884 1489 1009 1567 blinyius
1029 1496 1156 1554 auteattt

111 1578 207 1639 dictus
224 1584 253 1635 et
271 1573 408 1653 oppidum
424 1571 549 1650 Alimon,
569 1574 605 1635 ab
622 1575 686 1635 aliis
700 1572 835 1650 llolmon,
852 1574 954 1650 Atrax,
967 1574 1112 1652 Palamna,

111 1662 178 1720 lons
195 1657 334 1736 Hyperia,
353 1656 462 1736 oppida
476 1656 604 1734 Pherae,
622 1676 741 1736 quarum
756 1676 773 1719 a
786 1666 874 1735 tergo
890 1657 985 1718 Pieria
1002 1660 1038 1719 ad
1053 1658 1113 1719 lia·

112 1743 263 1803 ceduuiam
284 1741 479 1819 protenditur,
502 1739 617 1817 Larisa,
640 1740 779 1820 Gomphi,
800 1741 919 1803 Thebae
941 1741 1113 1818 Thessalae,

111 1844 214 1887 nemus
242 1825 380 1900 Pteleon,
409 1824 486 1883 siuns
514 1824 689 1901 Pagasicus,
715 1822 854 1903 oppidum
884 1824 1011 1902 Pegusa,
1036 1826 1114 1886 idem

76 1918 218 1989 inpostea
232 1908 395 1969 Demetrias
412 1907 532 1982 dictum,
557 1906 677 1984 Tricca,
700 1908 840 1969 Pharsalii
856 1910 950 1987 campi
967 1928 1031 1969 cam
1044 1912 1113 1969 civi·

112 2002 172 2054 tate
190 1991 294 2067 libera,
312 1988 457 2067 Grannon,
472 1990 565 2052 Iletia.
598 1991 714 2052 Montes
736 1991 905 2053 Phthiotidis
925 1992 1113 2071 Nymphaeus

113 2077 257 2155 quondam
273 2074 396 2152 topiario
412 2083 530 2135 naturae
547 2092 640 2153 opere
655 2075 837 2153 spectabilis,
853 2074 1035 2150 Buzygaeus,
1053 2075 1112 2146 Do·

112 2176 274 2234 naccessa,
295 2157 479 2231 Bromiaeus,
503 2156 657 2234 Daphusa,
676 2155 858 2231 Chimerion,
877 2157 1030 2232 Athamas,
1047 2156 1112 2217 Ste-

114 2244 220 2323 phane.
248 2243 277 2301 iu
297 2241 449 2303 Thessalia
471 2238 622 2315 XXXllll,
650 2257 771 2317 quorum
785 2238 956 2303 nobilissimi
972 2237 1156 2315 Cercetii,30

76 2344 103 2385 rs
113 2326 270 2405 Olympus,
292 2324 409 2401 Pierus,
429 2322 520 2399 Ossa,
544 2325 624 2383 cuius
640 2341 680 2382 ex
696 2322 821 2385 adverso
837 2322 943 2384 Pindus
959 2331 988 2382 et
1005 2320 1112 2397 Othrys

111 2410 294 2489 lapitharum
310 2409 409 2482 sedes,
427 2408 456 2469 hi
471 2408 507 2467 ad
523 2425 659 2468 occasum
674 2418 842 2485 vergentes,
860 2407 896 2467 ad
914 2416 993 2465 ortus
1003 2404 1112 2481 Pelius,

113 2510 215 2553 omues
227 2491 359 2553 theatrali
369 2491 573 2567 modoiullexi,
590 2492 719 2551 caveatis
733 2501 798 2551 aute
808 2505 860 2550 eos
868 2487 972 2549 LXXV
983 2489 1111 2550 urbibus.
1128 2488 1135 2501 “

112 2576 242 2637 Flumina
257 2574 426 2635 Thessaliae
442 2575 601 2653 Apidanus,
617 2574 758 2650 Phoenix,
773 2574 913 2654 Enipeus,
927 2572 1112 2648 Onochonos,

60 2718 66 2723 .
113 2660 251 2721 Pamisus.
278 2658 344 2718 lous
356 2658 490 2719 Messeis.
518 2658 599 2719 lacus
616 2657 755 2718 Boebeis.
783 2668 813 2718 et
828 2667 893 2717 aute
917 2666 1038 2717 cunctos
1054 2655 1112 2715 cla·

78 2756 103 2797 su
113 2744 197 2803 ritate
214 2740 320 2803 Penius
335 2750 415 2802 ortus
432 2743 509 2803 iuxta
529 2741 678 2821 Gomphos
699 2742 833 2818 interque
849 2738 951 2799 Ossam
972 2748 1001 2798 et
1016 2738 1113 2813 Olym·

113 2844 179 2907 pum
196 2842 352 2887 nemorosa
368 2826 502 2885 convalle
521 2823 689 2887 dellueusD
707 2824 817 2898 stadiis,
836 2822 951 2885 dimidio
964 2823 1027 2883 eiua
1039 2821 1114 2899 spati

76 2913 81 2917 ’
112 2908 296 2987 navigabilis.
330 2908 362 2968 lu
385 2924 423 2967 eo
444 2925 530 2967 cursu
552 2907 664 2986 Tempe
685 2906 831 2965 vocautV
849 2905 955 2968 milium
978 2911 1154 2983 passuumdl

113 2992 292 3069 longitudine
313 3001 343 3052 et
359 2992 452 3057 ferme
474 2991 669 3076 sesquiiugeri
690 2988 837 3050 latitudine
859 2988 933 3050 ultra
948 2989 1040 3047 visum
1060 2988 1112 3047 hc·

111 3078 196 3135 minis
217 3074 414 3135 attollentibus
439 3094 471 3133 se
495 3074 597 3134 dextra
613 3065 758 3151 labiaque
781 3071 885 3131 leuiter
909 3072 1049 3137 convexis
1071 3072 1113 3131 iu·

79 3162 158 3236 segis
172 3160 248 3219 intus
264 3177 315 3219 sua
331 3158 396 3219 luce
414 3158 565 3218 uiridante.
600 3156 776 3231 haclabitur
792 3155 916 3231 Penius,
928 3157 1035 3240 aviridis
1053 3156 1112 3215 cal·

113 3243 190 3319 culo,
208 3259 346 3305 amoenus
362 3244 440 3301 circa
454 3242 534 3320 ripas
551 3241 692 3317 gramine,
711 3256 835 3297 canorus
850 3240 943 3299 avium
958 3247 1111 3299 concentu.

112 3327 220 3403 accipit
234 3343 346 3389 amnem
359 3322 494 3399 Horcon,
517 3342 573 3385 uec
587 3323 707 3402 recipit,
729 3321 782 3389 sed
798 3320 858 3381 clei
872 3323 959 3382 modo
974 3338 1112 3398 superna·

111 3416 234 3491 tantem,
257 3417 286 3469 ut
303 3407 409 3468 dicturn
430 3414 476 3467 est
492 3405 636 3484 Homero,
664 3405 747 3467 brevi
764 3406 858 3484 spatio
878 3413 1020 3483 portatum
1032 3402 1113 3463 abdi-

194 3512 263 3551 etmt
281 3512 345 3552 nur.
364 3512 432 3553 uusr.
465 3496 483 3553 l.
799 3502 807 3515 ·
873 3488 908 3546 11
