2542 3842
142 96 202 158 134
497 106 526 155 c.
543 90 805 157 rcrut'sncortnt

137 267 308 327 fruticumve
326 264 368 326 sic
384 274 413 326 et
427 263 596 327 animalium.
632 281 692 323 non
713 262 793 328 nasci
812 262 1004 339 tralaticium,
1029 265 1148 327 invecta

140 351 231 410 emori
245 348 354 408 mirum.
386 348 463 426 quod
481 346 559 408 illud,
575 355 619 407 est
642 350 725 407 unius
744 348 864 423 generis
879 348 963 410 saluti
977 348 1147 423 adversum,

140 452 253 514 quaeve
270 434 325 493 ista
340 442 457 493 naturae
474 430 588 507 invidia,
605 441 653 491 aut
664 432 713 511 qui
728 440 869 491 terrarum
885 432 953 493 dicti
967 431 1068 491 avibus
1083 440 1146 490 ter-

97 524 131 580 77
139 514 225 579 ruini?
255 514 376 577 Rhodos
398 515 523 593 aquilam
537 533 595 575 uon
618 515 716 575 babet.
750 513 953 594 Transpadana
967 514 1049 575 ltalia
1063 516 1148 575 iuxta

139 602 224 681 Alpis
238 600 350 664 barium
367 600 462 661 laeum
479 599 608 679 appellat
619 618 771 660 amoenam
785 600 903 662 arbusto
916 616 988 677 agro
1006 600 1148 677 adquam
1162 614 1176 654 s

28 693 31 709 '
138 687 269 747 ciconiae
286 702 344 745 nou
359 693 519 763 permeant,
537 684 619 743 sicuti
643 702 698 745 uec
716 693 849 744 octavom
871 686 943 745 citra
964 684 1091 761 lapidem
1106 681 1146 743 ab

138 787 185 829 eo.
217 768 347 829 inmensa
361 768 470 846 alioqui
484 767 601 827 finitimo
620 766 781 828 Insubrium
804 777 898 829 tractu
921 769 1054 829 examina
1075 784 1145 846 gra·

139 854 269 913 culorum
283 851 501 913 monedularum
522 854 567 911 cui
591 851 649 912 soli
663 853 710 912 avi
729 852 867 913 furacitas
888 854 1001 931 argenti
1022 850 1145 929 aurique
1176 900 1180 903 .

138 939 296 1017 praecipue
312 938 381 996 mira
398 945 452 995 est
488 938 569 1014 picus
584 934 726 996 Martius
718 954 747 994 ιιι
760 935 917 995 Tarentino
932 953 1004 1013 agro
1021 944 1146 1013 negatur

96 1030 218 1086 lssesse.
248 1040 340 1100 nuper
362 1029 391 1079 et
413 1018 506 1081 adbuc
526 1029 622 1080 tamen
643 1038 709 1081 rara
731 1020 767 1081 ab
791 1020 964 1100 Appennino
983 1020 1022 1083 ad
1042 1020 1182 1105 urbemro

136 1125 240 1167 versus
264 1104 344 1166 cerui
371 1122 501 1183 coepere
526 1104 656 1182 picarum
679 1122 789 1203 genera
810 1123 884 1184 quae
905 1104 1023 1181 longa
1013 1098 1144 1180 insigues

141 1190 232 1252 cauda
248 1190 346 1249 variae
361 1187 553 1267 appellantur.
588 1191 736 1267 proprium
757 1188 803 1247 bis
822 1188 994 1249 calvescere
1012 1186 1144 1249 omuibus

138 1274 234 1351 annia,
251 1292 314 1333 oum
329 1281 461 1333 serantur
474 1289 555 1351 rapa.
580 1272 717 1349 perdices
736 1289 795 1333 non
811 1270 990 1333 transvolant
1003 1270 1144 1331 Boeotiae

137 1362 201 1421 bois
219 1360 247 1419 in
262 1356 368 1433 Attica,
389 1376 445 1417 uec
460 1357 519 1417 ulla
539 1356 600 1415 avis
616 1358 645 1417 io
659 1357 749 1417 Ponto
765 1356 856 1416 insula
872 1375 928 1435 qua
949 1358 1082 1434 sepultus
1099 1362 1145 1415 est

40 1440 42 1447 ‘
138 1444 270 1506 Achilles
294 1450 437 1503 sacratam
458 1442 484 1499 ei
507 1440 619 1499 aedem.
647 1443 675 1499 irr
692 1440 831 1501 Fidenate
851 1458 924 1518 agro
944 1441 1024 1503 iuxta
1041 1439 1181 1500 urbemta

139 1528 271 1589 ciconiae
291 1542 347 1583 uec
369 1525 466 1603 pullos
488 1542 544 1583 nec
565 1524 662 1584 nidum
681 1524 799 1583 faciunt.
835 1526 889 1583 at
880 1543 909 1583 m
934 1543 1043 1607 agrum
1052 1524 1143 1583 Vola-

96 1624 130 1679 79
140 1624 283 1673 terrarium
298 1607 470 1747 palumbium
485 1610 529 1667 vis
547 1627 562 1667 e
577 1608 649 1668 mari
665 1610 816 1684 quotannis
832 1607 961 1667 advolat·
988 1588 1125 1670 Romae'
1115 1626 1144 1666 ιιι

137 1694 238 1757 aedem
255 1689 412 1749 Herculis
404 1709 433 1749 ιιι
445 1689 511 1749 loro
526 1689 630 1750 Boario
647 1707 703 1748 nec
717 1707 835 1749 muscae
851 1708 908 1749 nec
923 1708 1011 1749 canes
1028 1694 1143 1753 intrant

136 1777 224 1839 multa
240 1784 396 1853 practerea
413 1773 532 1847 similia,
555 1791 629 1851 quae
645 1773 771 1871 prudeus
790 1772 911 1833 subinde
929 1774 1050 1831 omitto
1040 1793 1069 1833 ιιι
1085 1777 1144 1838 sirr-

136 1859 212 1938 gulis
230 1856 404 1958 generibus,
423 1854 539 1917 fastidio
558 1874 693 1933 parcens,
717 1857 825 1935 quippe
844 1875 908 1917 cum
924 1855 1184 1935 Theophrastusm

136 1943 230 2003 tradat
245 1942 414 2003 invecticias
431 1959 499 2001 esse
520 1941 549 1999 in
571 1938 641 2000 Asia
662 1939 811 2001 columbas
834 1950 864 2002 et
882 1958 1012 2020 pavones
1029 1950 1059 2001 et
1075 1958 1142 2001 cor·

135 2044 190 2088 vos
205 2038 234 2089 ct
250 2028 279 2088 iu
295 2023 458 2101 Cyrenaica
472 2025 584 2103 vocalis
601 2043 695 2085 ranas.

94 2122 129 2175 80
205 2110 288 2191 (42.)
311 2110 377 2173 Alia
393 2110 541 2171 admiratio
560 2111 638 2169 circa
653 2111 778 2170 oscines.
808 2110 872 2169 fere
886 2119 995 2171 mutant
1012 2109 1143 2170 colorem

136 2215 300 2275 vocemque
311 2205 445 2274 temporo
457 2194 532 2269 anui,
548 2194 583 2254 ac
597 2204 720 2273 repente
733 2194 802 2254 fiunt
818 2194 904 2271 aliae,
922 2195 1000 2273 quod
1017 2196 1045 2253 in
1056 2212 1141 2270 gran·

138 2282 221 2341 diore
248 2280 344 2341 alitum
365 2297 475 2355 genere
496 2296 585 2353 grues
605 2288 722 2337 tactum.
752 2277 807 2339 hae
831 2279 906 2337 enim
928 2287 1080 2339 senectute
1098 2279 1172 2338 iri-2⁵

136 2373 286 2443 grescunt.
317 2363 427 2421 merula
446 2379 484 2419 ex
498 2361 580 2438 nigra
595 2362 727 2438 rufescit,
744 2363 821 2421 canit
835 2371 958 2438 aestate,
970 2362 1066 2422 bieme
1081 2360 1139 2421 bal·

137 2448 220 2524 butit,
236 2448 313 2507 circa
329 2445 482 2504 solstitium
496 2456 582 2505 muta.
608 2454 733 2507 rostrum
745 2463 862 2524 quoque
874 2447 1015 2507 anniculis
1027 2448 1055 2505 in
1070 2446 1141 2504 ebur

136 2494 371 2605 tranifigmatur,
393 2528 538 2589 dumtaxat
557 2525 693 2588 maribus.
724 2529 815 2592 turdis
832 2530 914 2590 color
936 2540 1047 2592 aestate
1063 2530 1141 2587 circa

139 2616 285 2677 cervicem
299 2613 406 2688 varius,
425 2613 520 2673 bieme
537 2612 686 2674 concolor

95 2710 129 2763 ει
204 2695 288 2775 (43.)
311 2694 451 2760 Lusciniis
473 2694 575 2757 diebus
599 2714 634 2757 ao
656 2694 789 2778 noctibus
807 2698 948 2757 continuis
978 2676 1178 2777 quindecimao

100 2778 308 2879 garrulus'
284 2800 346 2841 sure
359 2782 521 2841 intermissu
533 2790 633 2841 cantus
648 2766 789 2844 densante
799 2800 833 2841 se
845 2781 988 2843 frondium
999 2782 1142 2859 germine,

137 2881 195 2925 non
209 2867 239 2923 in
253 2866 445 2927 novissimrmr
456 2865 542 2943 digna
562 2866 664 2925 miratu
681 2884 745 2924 ave.
778 2868 898 2943 primum
917 2876 994 2927 tanta
1010 2884 1070 2925 vox
1085 2874 1143 2925 tam

37 2964 39 2971 ¹
138 2966 229 3028 parvo
252 2950 280 3009 in
299 2950 494 3048 corpusculp,
516 2960 572 3010 tarn
592 2952 726 3027 pertinax
751 2951 881 3028 spiritus
915 2950 1047 3011 deinde
1037 2969 1066 3011 ιιι
1087 2967 1144 3018 utra

137 3030 274 3111 perfecta
295 3036 403 3132 mpsica
427 3034 549 3095 scientia
569 3033 733 3095 modulatus
759 3034 852 3093 editur
879 3052 983 3109 sonus,
1012 3044 1042 3094 et
1066 3052 1143 3098 nuuc

139 3119 273 3178 continuo
288 3105 388 3209 spiritu
400 3118 541 3179 trabitur
533 3139 561 3180 m
574 3118 702 3195 longum,
713 3136 790 3180 nunc
802 3118 928 3180 variatur
938 3118 1056 3195 inflexo,
1066 3136 1176 3184 nuncia

94 3208 129 3265 m
136 3192 338 3279 distinguntur
333 3201 464 3276 conciso,
492 3202 667 3281 copulatur
658 3211 776 3278 intorto,
802 3203 975 3281 promittitur
989 3211 1142 3278 revocato,

136 3284 295 3345 infuscatur
314 3304 352 3344 ex
372 3286 538 3365 inopinato,
562 3286 704 3345 interdum
724 3294 753 3344 et
776 3303 876 3345 secum
894 3288 959 3365 ipse
974 3294 1142 3361 murmurat,

137 3366 252 3447 plenus,
271 3368 380 3444 gravis,
396 3378 513 3447 acutus,
538 3368 654 3443 creber,
671 3377 815 3429 extentus.
847 3367 895 3429 ubi
914 3372 1007 3430 visum
1025 3378 1083 3446 est,
1098 3370 1140 3429 vi-
