2542 3842
254 64 381 289 iam-'st
426 178 511 255 usu,
530 179 622 226 ursa.
645 180 769 229 anuas.
1100 174 1119 231 5

112 337 164 397 iter
181 207 244 395 vlt

246 353 302 396 uou
318 336 385 395 trita
400 334 568 395 auctoribus
584 335 631 395 via
654 353 709 393 nec
730 355 785 415 qua
808 328 992 416 peregrinari
1010 340 1120 401 animos
1173 380 1179 385 -

108 429 243 501 expetat.
270 436 357 479 nemo
380 420 455 498 apud
477 437 532 478 uos
549 419 598 497 qui
623 420 701 479 idem
715 425 914 500 temptaverit,
938 441 1023 485 nemo
1042 426 1118 504 apud

109 504 245 566 Graecos
263 506 312 583 qui
328 522 399 563 unus
422 506 515 564 omnia
538 521 573 564 ea
589 506 768 564 tractaverit.
797 526 902 585 magua
922 526 990 587 pars
1007 510 1118 569 studio·

19 580 25 595 '
109 607 172 649 rum
196 590 389 649 amoenitates
412 590 593 667 quaerimus,
618 606 695 668 quae
717 605 791 647 vero
806 600 927 653 tractata
942 593 979 653 ab
995 594 1060 654 aliis
1075 594 1117 654 di·

89 683 216 733 suuntur
229 674 378 733 inmensae
394 672 559 733 subtilitatis
575 670 710 733 obscuris
726 692 823 733 rerum
838 675 968 736 tenebris
982 696 1117 757 premun-

110 767 166 817 tur.
200 752 256 817 iam
272 758 367 817 omnia
391 757 557 834 attingenda
573 775 648 837 quae
665 756 771 817 Graeci
786 762 838 837 τῆς
859 750 1130 838 ἐγκυκλωιιιιδείας·

110 850 229 916 vocant,
247 850 277 901 et
293 850 390 902 tamen
406 842 504 919 ignota
522 851 569 902 aut
584 842 696 901 incerta
712 843 837 920 ingeniis
853 844 949 920 iacta,
973 844 1029 906 alia
1044 784 1159 907 recob

110 928 150 988 ita
174 926 272 986 multis
292 926 408 1003 prodita
430 935 460 985 ct
480 926 510 983 iu
529 924 675 987 fastidium
697 927 754 987 siut
775 928 910 989 adducta.
947 926 1008 989 lies
1030 930 1100 991 ardu
1126 939 1158 990 15

110 1010 236 1069 vetustis
253 1010 410 1070 novitatem
425 1010 512 1085 dare,
538 1012 622 1069 novis
640 1012 858 1089 auctoritatem,
885 1012 1029 1073 obsoletis
1044 948 1126 1168 nito]

79 1106 103 1148 ro
112 1112 183 1170 rem,
198 1092 335 1153 obscuris
347 1094 454 1169 lucem,
470 1095 605 1155 fastiditis
617 1096 751 1174 gratiam,
768 1096 863 1157 dubiis
874 1097 971 1172 iidem,
985 1097 1125 1178 omuibus¹

111 1195 183 1239 vero
200 1187 332 1239 naturam
349 1187 379 1237 et
394 1188 514 1241 naturae
538 1197 589 1240 sua
607 1180 713 1238 omnia.
738 1180 824 1240 nobis
842 1181 941 1259 itaque
958 1182 1044 1241 etiam
1058 1199 1130 1241 uon·

112 1262 262 1323 adsecutis
284 1263 415 1323 voluisse
439 1262 553 1323 abunde
576 1262 729 1341 pulchrum
749 1272 837 1342 atque
859 1265 1042 1341 magnificum
1060 1274 1114 1326 est.

112 1346 255 1426 Equidem
272 1346 311 1407 ita
326 1348 432 1423 sentio,
449 1346 629 1426 peculiarem
645 1346 673 1406 in
688 1347 790 1407 studiis
802 1365 919 1409 causam
931 1366 1033 1409 eorum
1048 1368 1116 1409 esse
1126 1360 1159 1413 16

113 1434 158 1511 qni
174 1431 393 1491 difficultatibus
409 1432 493 1491 victis
507 1431 784 1512 utilitatemiuvaudi
795 1434 994 1510 praetulerunt
1003 1435 1116 1511 gratiae

82 1516 258 1595 ttplacendi,
274 1515 361 1593 idque
378 1516 432 1575 iam
448 1524 478 1575 et
492 1515 521 1574 iu
536 1515 601 1575 aliis
617 1516 756 1594 operibus
772 1517 836 1595 ipse
849 1518 919 1593 leci,
933 1527 963 1578 et
975 1518 1116 1597 proliteor

110 1602 208 1661 mirari
231 1599 265 1661 T.
289 1598 413 1675 Livium,
442 1608 591 1659 auctorem
616 1600 857 1676 celeberrimum,
883 1602 912 1661 in
932 1602 1116 1663 historiarum
1194 1628 1198 1634 ¹

110 1702 225 1745 suarum
249 1702 322 1764 quas
344 1685 453 1762 repetit
474 1683 510 1745 ab
532 1685 646 1761 origiue
667 1683 747 1744 urbis
767 1686 894 1763 quodam
907 1686 1053 1747 volumine
1071 1688 1124 1762 sic,

110 1786 223 1829 orsum:
250 1768 323 1827 satis
339 1768 397 1827 iam
412 1767 469 1827 sibi
480 1767 594 1844 gloriae
610 1769 782 1847 quaesitum,
801 1764 831 1829 et
847 1771 978 1849 potuisse
990 1788 1024 1830 se
1034 1772 1114 1831 'dasi-

111 1853 200 1927 dere,
231 1853 259 1911 ui
284 1852 392 1912 animus
414 1852 528 1931 inquies
549 1862 721 1931 pasceretur
743 1870 845 1931 opere.
884 1854 1023 1915 Proiecto
1039 1849 1114 1915 enirn

19 1968 23 1985 ·
80 1937 211 2016 20populi
226 1937 354 2015 gentium
366 1937 485 1996 victoris
498 1946 527 1997 et
542 1935 664 1998 Romani
681 1938 803 1997 nominis
814 1938 941 2015 gloriae,
956 1956 1014 1999 non
1030 1958 1112 2012 suae,

111 2022 305 2101 conposuisse
328 2021 377 2081 illa
395 2020 502 2097 decuit.
534 2022 624 2083 maius
639 2022 772 2082 meritum
788 2032 869 2082 esset
884 2017 984 2101 operis
1001 2042 1112 2097 amore,

110 2118 168 2165 nou
181 2106 266 2165 animi
283 2122 383 2178 causa,
399 2122 622 2183 perseverasse,
640 2114 669 2167 et
683 2105 741 2165 luoc
756 2107 866 2184 populo
884 2106 1015 2167 Romano
1024 2111 1112 2186 'prae-

113 2190 235 2265 stitisse,
257 2188 397 2249 nonsibi.
426 2188 921 2275 VigiufflnilianQignarum
938 2204 1013 2248 cura'
1026 2192 1112 2267 (quo
1121 2198 1154 2251 17

113 2273 196 2349 niam,
208 2281 238 2332 ut
248 2274 288 2333 ait
299 2272 441 2332 Domitius
451 2272 530 2347 Piso,
545 2271 699 2348 thesauros
712 2280 830 2349 oportet
842 2289 922 2346 esse,
935 2289 993 2331 non
1005 2272 1112 2351 libros)

80 2368 104 2409 2⁵
113 2376 149 2417 ex
158 2358 293 2417 lectione
310 2356 484 2416 voluminum
501 2357 618 2416 circiter
635 2351 858 2448 duum-Qum,
881 2374 1003 2435 quorum
1020 2374 1113 2434 pauca

111 2442 262 2502 admodum
284 2441 406 2500 studiosi
431 2442 571 2517 attingunt
588 2450 717 2519 *propter
732 2450 879 2501 secretum
895 2442 1051 2516 materiae,
1074 2459 1113 2500 ex
1193 2516 1195 2520 ι

109 2525 262 2605 exquisitis
275 2524 441 2603 auctoribus
454 2534 568 2591 centum
583 2525 752 2585 inclusimus
763 2526 880 2603 triginta
892 2545 946 2586 sex
961 2526 1111 2586 volumini-

107 2608 172 2684 bus,
189 2608 313 2669 adiectis
325 2606 415 2669 rebus
426 2608 563 2687 plurumis
576 2627 649 2688 quas
660 2619 709 2670 aut
720 2610 926 2687 ignoraverant
937 2612 1051 2689 priores
1064 2619 1111 2671 aut

108 2702 213 2772 postea
229 2694 380 2769 invenerat
394 2694 462 2752 vita.
489 2692 553 2753 Nec
569 2693 730 2755 dubitamus
744 2694 833 2754 multa
847 2713 915 2755 esse
929 2712 1003 2773 quae
1018 2704 1047 2754 et
1058 2708 1154 2761 uos18

78 2777 325 2856 suprastarIeriut.
356 2776 486 2837 homiues
505 2779 579 2847 enim
592 2787 750 2863 sumerset
749 2780 883 2856 occupati
900 2778 1022 2851 ciliciis,
1041 2773 1110 2837 sub·

108 2860 462 2939 sicivisquetemporibus
478 2862 532 2921 ista
548 2880 691 2936 curamus,
708 2858 967 2926 taciturnitatis.
995 2861 1111 2940 nequis
1137 2890 1139 2892 >
1163 2907 1165 2912 .

110 2954 236 3005 vestrum
247 2953 329 3023 putet
343 2943 387 3003 his
401 2947 546 3007 cassatum
557 2945 646 3006 boris.
663 2946 727 3006 dies
739 2945 824 3005 vobis
839 2945 1030 3025 inpendimus,
1047 2963 1110 3005 cum

109 3045 209 3089 somno
222 3028 417 3089 valetudinem
429 3038 625 3109 conputamus,
639 3030 688 3091 vel
696 3030 754 3090 hoc
764 3029 830 3089 solo
842 3031 1110 3109 praemiocoutenti

109 3114 197 3191 quod,
210 3112 276 3173 dum
288 3113 343 3171 ista
356 3112 402 3189 (ut
413 3112 500 3175 sitm.
514 3112 624 3194 Varro)
637 3114 819 3195 musinamur,
835 3114 966 3193 pluribus
977 3115 1057 3174 lroris
1068 3116 1109 3172 vi·

78 3198 207 3259 ³⁵rlmus.
225 3195 362 3274 proiecto
375 3197 449 3257 euim
464 3198 522 3258 vita
537 3198 634 3275 vigilia
651 3206 706 3257 est.
734 3196 845 3271 Quibus
857 3199 894 3259 de
910 3200 1006 3259 causis
1023 3208 1110 3277 atque
1122 3209 1152 3261 19

109 3278 327 3341 difficultatibus
349 3280 418 3340 nibil
439 3298 509 3341 auso
533 3284 701 3361 promittere
725 3282 782 3341 hoc
803 3284 896 3361 ipsum
920 3293 949 3342 tu
975 3291 1108 3359 praestas

109 3365 186 3442 qtuod
197 3363 234 3425 ad
247 3373 276 3423 te
292 3363 454 3425 scribimus.
473 3366 546 3425 haec
559 3365 662 3426 [iducia
675 3369 785 3445 operis,
797 3368 871 3427 baec
883 3376 929 3425 est
939 3367 1106 3426 indicatura.

110 3448 196 3509 multa
217 3447 303 3509 valde
327 3440 456 3525 pretiosa
477 3450 545 3510 ideo
561 3450 694 3539 videntur
709 3452 777 3528 quia
792 3460 856 3519 sunt
871 3449 986 3526 templis
1002 3449 1105 3536 dicata.
