2542 3842
124 145 164 211 38
460 154 491 203 c.
514 154 612 202 rursu
633 152 784 201 sucorum

123 308 287 388 Hyperbius
318 307 424 367 fratres
452 306 584 365 Athenis.
624 315 708 365 antea
736 322 843 383 specus
874 312 955 364 erant
982 303 1124 364 domibus.

126 393 220 453 Gellio
231 391 340 451 Toxius
353 387 436 451 Caeli
452 390 526 449 lilius
543 390 613 449 lutei
628 388 741 449 aedifici
756 392 889 448 inventor
904 389 1126 467 placet„exem-

124 476 173 555 plo
191 484 304 554 sumpto
326 474 361 534 ab
379 474 556 535 hirundinum
573 474 655 533 nidis.
694 474 830 551 oppidum
844 470 976 549 Cecrops
993 489 1010 531 a
1026 490 1058 531 se
1075 489 1125 549 ap-

125 560 244 639 pellarit
265 557 438 636 Cecropiam
459 574 533 637 qnae
556 576 630 617 nunc
654 567 699 616 est
720 556 850 615 Athenis.
883 556 970 633 aliqui
993 555 1090 631 Argos
1109 573 1126 613 a

123 644 277 705 Phoroneo
300 660 372 719 rege
396 650 463 701 ante
482 642 627 701 conditum
645 642 761 714 volunt,
783 640 897 719 quidam
913 650 943 699 et
959 640 1149 714 Sicyonem„

83 728 280 805 litbAegyptii
296 744 367 785 vero
381 724 470 783 multo
487 734 552 785 ante
570 724 645 802 apud
656 726 737 801 ipsos
752 723 924 801 Diospolim.
955 721 1069 799 tegulas
1084 724 1126 781 in-

123 814 202 871 venit
223 808 330 884 Cinyra
347 810 496 885 Agriopae
520 809 595 869 lilius
618 817 646 867 et
671 806 788 867 metalla
814 809 906 881 aeris,
930 816 1080 885 utrumque
1098 808 1138 864 in,

124 894 216 953 insula
233 890 349 970 Cypro,
371 888 441 951 item
458 892 618 969 forcipem,
639 891 804 963 martulum,
826 896 960 965 vectem,
982 890 1125 949 incudem.

124 987 228 1057 puteos
243 976 360 1055 Danaus
376 994 420 1055 ex,
428 977 565 1053 Aegypto
583 975 723 1034 advectus
738 978 765 1034 in
782 974 931 1035 Graeciam
949 992 1023 1052 qnae
1038 990 1125 1033 voca-

124 1062 206 1121 batur
218 1061 315 1139 Argos
327 1058 458 1138 Dipsion.
482 1059 651 1137 lapicidinas
665 1057 788 1119 Cadmus
800 1058 919 1133 Thebis,
931 1068 979 1118 aut
990 1068 1018 1117 ut
1030 1056 1125 1117 Theo·
1138 1082 1163 1121 ro

124 1145 258 1223 phrastus
274 1146 301 1201 in
323 1144 479 1204 Phoenice.
515 1143 647 1203 Thrason
664 1161 776 1219 muros,
793 1144 878 1202 turris
900 1151 929 1202 nt
949 1141 1127 1202 Aristoteles

83 1238 133 1293 196
144 1226 307 1306 Cyclopes,
326 1226 465 1302 Tirynthii
481 1237 510 1287 ut
525 1226 754 1305 Theophrastus.
787 1226 926 1304 Aegyptii
940 1226 1067 1295 textilia,
1084 1227 1126 1283 in·
1257 1274 1258 1303 ,

124 1313 214 1373 licere
237 1312 317 1371 lanas
339 1310 478 1371 Sardibus
499 1310 588 1389 Lydi,
610 1312 692 1371 fusos
715 1312 742 1369 in
764 1311 887 1385 lanificio
912 1306 1029 1369 Closter
1051 1309 1127 1369 filins

124 1396 294 1468 Arachnae,
317 1395 403 1454 linntn
428 1406 457 1454 et
481 1396 553 1453 retia
573 1394 724 1469 Arachne,
748 1394 896 1454 fulloniam
917 1404 1007 1453 artem
1028 1392 1128 1451 Nicias
1257 1448 1258 1451 ,

124 1478 316 1577 hispanensis,
333 1480 467 1537 sutrinam
483 1475 609 1552 Tychius
624 1478 772 1537 boeotius.
802 1478 971 1537 medicinam
986 1477 1127 1554 Aegyptii
1138 1494 1163 1533 rs

126 1563 233 1641 apud
224 1578 305 1638 ipsos
327 1561 427 1621 volunt
443 1570 607 1638 repertam,
632 1560 680 1620 alii
702 1579 756 1639 per
772 1560 898 1619 Arabum
918 1558 1074 1637 Babylonis
1097 1568 1128 1619 et

125 1645 269 1723 Apollinis
292 1643 396 1718 filium,
417 1644 579 1703 herbariam
603 1653 633 1701 et
655 1644 933 1709 medicamentariam
956 1662 972 1702 a
999 1641 1127 1703 Chirone

84 1737 135 1793 197
144 1728 256 1788 Saturna
271 1735 300 1785 et
314 1725 447 1800 Philyrae
463 1726 534 1785 filio.
575 1744 626 1784 aes
646 1726 772 1785 conflare
789 1736 996 1803 attemperare
1012 1728 1126 1785 Aristo·

125 1811 199 1871 teies
217 1808 324 1883 Lydum
340 1810 469 1907 Scythen
484 1806 661 1869 monstrasse
668 1809 910 1887 T,heophrastus
925 1808 1018 1869 Delan
1036 1807 1126 1882 Phry-

125 1911 191 1969 gem
214 1900 309 1969 putat,
333 1894 477 1953 aerariam
496 1892 635 1952 fabricam
654 1890 702 1954 alii
729 1890 874 1967 Chalybas
895 1893 944 1952 alii
965 1890 1126 1968 Cyclopas,
1139 1924 1168 1965 20

125 1977 232 2035 ferrum
246 1974 390 2037 Hesiodus
405 1978 433 2035 in
455 1975 610 2037 Cretaeos
632 1980 680 2055 qui
696 1979 791 2037 vocati
813 1986 879 2037 sunt
900 1974 1014 2052 Dactyli
1036 1974 1126 2035 Idaei.

126 2070 274 2135 argentum
297 2062 404 2121 invenit
424 2060 628 2122 Erichthonius
650 2062 853 2135 Atheniensis,
876 2070 906 2121 nt
928 2061 976 2121 alii
997 2062 1125 2120 Aeacus.

125 2145 186 2203 auri
203 2144 319 2205 metalla
335 2154 365 2204 et
382 2146 511 2206 flaturam
527 2143 795 2206 Cadmus'Phoenix
811 2145 848 2205 ad
867 2145 1031 2221 Pangaeum
1046 2161 1124 2203 mon-

126 2237 194 2302 tem,
207 2237 235 2286 ut
251 2228 299 2287 alii
310 2227 406 2289 Thoas
422 2240 470 2289 aut
486 2229 584 2289 Eaclis
595 2232 623 2289 in
639 2230 780 2290 Panchaia
796 2239 842 2289 aut
860 2228 911 2289 Sol
928 2228 1036 2288 Oceani
1051 2228 1124 2286 filius
1257 2292 1258 2303 ,

127 2303 178 2371 cui
190 2311 299 2371 Cellius
315 2313 475 2371 medicinae
493 2330 609 2390 quoque
621 2316 814 2373 inventionem
831 2330 868 2371 ex
883 2311 970 2371 melle
985 2312 1123 2389 adsignat.
1134 2332 1164 2373 as

127 2393 271 2472 plumbum
291 2413 329 2453 ex
346 2392 523 2458 Cassiteride
539 2396 631 2456 insula
649 2399 756 2473 primus
772 2396 934 2474 adportavit
948 2394 1124 2454 Midacritus.

85 2487 138 2541 198
144 2478 282 2538 fabricam
289 2476 415 2535 ferream
427 2478 564 2537 invenere
576 2478 735 2557 Cyclopes,
749 2478 862 2555 figlinas
876 2477 1027 2539 Coroebus
1037 2477 1126 2537 Athe·

126 2562 250 2631 niensis,
268 2559 296 2617 in
316 2560 351 2616 iis
367 2559 467 2619 orbem
485 2563 660 2621 Anacharsis
681 2561 822 2637 Scythes,
840 2571 870 2621 ut
894 2562 943 2621 alii
963 2560 1127 2639 Hyperbius

127 2603 300 2704 Corinthius.
333 2642 471 2703 fabricam
484 2647 674 2705 materiariam
688 2645 850 2721 Daedalus,
868 2654 897 2704 et
912 2647 989 2705 inea
1005 2662 1126 2721 serram,

127 2725 234 2785 asciam
241 2726 521 2812 ,perpendiculum,
539 2729 684 2788 terebram
691 2690 872 2805 ,ςιιιιῑιιιιιιί9
889 2728 1126 2804 ichthyocollam,
1137 2756 1165 2798 ³0

126 2826 253 2870 normam
273 2821 368 2871 autem
391 2820 421 2871 et
441 2811 570 2873 libellam
587 2822 617 2872 et
638 2822 750 2872 tornum
772 2822 801 2873 et
823 2812 934 2873 clavem
955 2805 1127 2873 Theodorus

126 2893 255 2968 Samius,
270 2914 419 2956 mensuras
434 2905 464 2955 et
479 2897 608 2975 pondera
623 2896 732 2958 Phidon
747 2898 884 2974 Argivus,
898 2906 945 2956 aut
957 2896 1128 2957 Palamedes

120 2980 158 3037 ut
171 2938 267 3037 maluit
284 2977 404 3039 Gellius
436 2981 564 3056 igneme
584 2981 668 3041 silice
683 2980 814 3055 Pyrodes
831 2978 930 3041 Cilicis
948 2979 1041 3056 iilius,
1058 2997 1127 3039 eun·

88 3058 209 3123 [itidem
230 3061 386 3121 adservare
417 3061 510 3123 ferula
531 3064 732 3124 Prometheus.
776 3064 938 3126 vebicnlmn
960 3082 1024 3123 cum
1045 3072 1126 3141 qnat-

126 3152 191 3202 tnor
202 3145 273 3203 rotis
279 3140 425 3223 Phryges
436 3158 612 3207 mercaturas
624 3148 725 3224 Poem
739 3148 877 3208 culturam
888 3150 986 3207 vrtrnm
1000 3157 1030 3207 et
1040 3148 1127 3206 arbo
1116 3170 1164 3212 -as

125 3244 187 3286 rum
204 3224 368 3304 Eumolpus
379 3228 582 3306 Atheniensis,
605 3232 701 3295 riuum
723 3250 813 3311 aquae
838 3233 953 3291 misceri
969 3231 1127 3309 Staphylus

78 3308 217 3369 Sileni
232 3308 325 3383 filius,
346 3310 443 3371 oleum
465 3322 494 3371 et
516 3323 643 3389 trapetas
665 3314 815 3375 Aristaeus
830 3314 1031 3385 Atheniensis,
1050 3314 1127 3373 idem

125 3389 222 3455 mella
253 3391 358 3452 bovem
373 3403 403 3452 et
415 3404 540 3453 aratrum
550 3394 682 3471 Buzyges
693 3397 890 3475 Atheniensis,
906 3408 936 3458 ut
950 3399 998 3459 alii
1009 3358 1125 3476 'lripto-
