2542 3842
170 175 211 234 26
308 181 312 188 ·
513 182 543 229 c.
566 182 663 229 ruunt
685 180 834 229 saeuum

169 340 272 400 dixere
287 336 422 415 imperia!
445 353 529 415 qaam
546 337 652 395 multos
668 336 743 395 bona
759 336 913 414 perdidere
932 346 961 394 et
975 335 1081 394 ultimis
1095 352 1172 393 mer·

124 469 128 477 .
170 440 237 481 sere
252 419 417 498 suppliciis!
440 422 494 478 ista
512 421 641 479 nimirum
658 420 749 495 bona,
773 437 837 478 cum
858 418 1038 481 interimilla
1054 418 1125 477 hora
1143 420 1172 478 in

114 507 121 519 ‘
171 506 276 583 gaudio
298 504 364 563 init!
393 506 432 563 ita
452 512 498 562 est
521 504 673 580 protecte,
696 504 769 562 alius
791 503 827 562 de
850 504 907 562 alio
927 504 1034 563 iudicat
1052 502 1119 561 dies
1142 511 1173 561 et

171 601 266 648 tamen
287 605 439 665 supremus
456 586 494 646 de
515 587 660 661 omuibus,
681 587 806 664 ideoque
823 588 909 646 nullis
925 585 1099 645 eredendum
1114 596 1171 645 est.

170 671 239 751 quid
264 672 342 749 quod
368 671 444 731 bona
468 669 655 749 malisparia
679 686 736 729 non
762 679 826 729 sunt
850 674 935 729 etiarn
957 671 1019 749 pari
1040 685 1196 745 numerus

171 765 227 815 nec
248 757 357 817 laetitia
372 755 430 814 ulla
448 756 570 814 minume
585 770 718 813 maerore
736 751 903 832 pensanda?
934 772 1006 813 uana
1029 762 1059 812 et
1075 755 1172 837 inpru-

172 841 243 901 dens
269 839 431 915 diligentia!
458 856 592 897 numerus
615 839 726 897 dierum
752 846 925 916 conparatur
950 837 998 896 ubi
1025 839 1173 914 quaeritur

91 962 97 969 =
192 923 296 983 ondus!
1124 954 1127 961 ·

71 1021 74 1033 ·
131 943 190 1073 liti)
232 1008 283 1066 41.
308 1005 391 1083 (42.)
423 1005 486 1065 Una
508 1006 675 1065 feminarum
697 1006 817 1064 inomni
838 1004 1172 1083 aenobampidobace·

174 1092 324 1151 daemonia
346 1090 473 1149 refertur
491 1108 565 1169 quac
581 1091 661 1166 regis
678 1089 752 1164 ntia,
774 1090 853 1167 regis
875 1105 964 1165 uxor,
986 1091 1066 1166 regis
1082 1098 1211 1149 materno

173 1176 277 1249 inerit,
295 1192 352 1231 nna
367 1172 508 1233 Berenice
530 1190 604 1252 quae
629 1172 705 1249 lilia,
729 1191 827 1248 soror,
849 1183 939 1232 mater
960 1172 1174 1251 Olympionica-

110 1282 115 1291 *
173 1277 250 1333 rum,
267 1275 322 1317 una
337 1257 444 1317 familia
463 1256 616 1317 Curionum
631 1259 659 1315 in
677 1275 731 1334 qua
752 1267 812 1317 tres
832 1258 964 1317 coritiana
982 1258 1058 1317 serie
1078 1266 1174 1317 orato·

65 1364 68 1371 ·
174 1360 223 1401 res
239 1343 417 1414 exstiterint,
433 1360 488 1400 una
504 1340 657 1401 Fabiorum
680 1342 783 1418 inqua
802 1350 861 1400 tres
880 1342 1004 1401 continui
1027 1342 1174 1419 principes

176 1434 307 1498 matus,
330 1424 368 1483 ld.
395 1424 500 1485 Fabius
524 1424 696 1499 Ambustus,
719 1423 824 1484 Fabius
846 1424 995 1486 Rullianus
1011 1426 1108 1501 lilius,
1136 1424 1172 1496 Q.

173 1510 279 1569 Fabius
292 1506 405 1583 Gurges
419 1524 521 1585 nepos.
824 1536 827 1541 ¹
1184 1528 1209 1567 15

134 1604 185 1658 134
234 1592 285 1650 42.
308 1591 392 1668 (43.)
429 1588 534 1650 Cetera
560 1591 846 1668 exemplatortunae
871 1592 1005 1651 venantis
1028 1594 1174 1651 innumera

177 1682 250 1735 sunt.
283 1675 388 1731 etenim
415 1690 487 1749 quae
512 1676 582 1734 iacit
604 1692 706 1751 magna
729 1675 832 1750 gaudia
858 1675 912 1732 nisi
936 1692 974 1733 ex
999 1676 1098 1750 malis,
1112 1686 1175 1735 aut

175 1774 250 1835 qnae
266 1757 340 1815 mala
356 1759 483 1815 inmensa
500 1760 554 1816 nisi
570 1776 607 1829 en
625 1757 786 1833 ingentibus
803 1754 936 1833 gaudiis?
967 1757 1017 1817 43.
1046 1762 1177 1819 servavit
1255 1770 1256 1797 ³

175 1842 405 1918 proscriptuma
432 1841 513 1900 Sulla
536 1840 573 1899 ld.
590 1840 746 1900 Fidustium
770 1848 934 1899 senatorem
952 1842 1031 1899 annis
1050 1854 1176 1918 xxxvl,
1255 1834 1256 1905 i

175 1923 229 1983 sed
257 1925 359 1982 iterum
388 1926 595 2002 proscriptum.
632 1934 784 2002 superstes
812 1923 911 1983 Sullae
933 1925 1018 1999 vixit,
1046 1925 1097 1984 sed
1127 1944 1209 1985 usco
1255 1916 1256 1997 i

175 2024 233 2085 que
249 2008 285 2067 ad
302 2007 472 2083 Antonium,
491 2018 660 2087 constatque
678 2008 756 2068 nulla
773 2008 829 2068 alia
843 2008 879 2068 de
898 2025 984 2067 eausa
1001 2008 1037 2067 ab
1053 2026 1089 2067 eo
1105 2026 1174 2087 pno-

130 2120 133 2124 >
176 2092 314 2168 scripturn
340 2110 428 2170 quam·
452 2093 518 2171 quia
542 2094 722 2171 proscriptus
743 2093 855 2151 luisset.
888 2091 970 2172 (44.)
1000 2092 1175 2172 triumphare

18 2250 22 2254 .
136 2183 186 2237 135
195 2174 225 2235 F.
242 2176 404 2236 Ventidium
427 2177 464 2236 dc
479 2177 591 2237 Parthis
605 2177 696 2235 voluit
717 2176 831 2255 quidem
850 2176 958 2251 sulum,
977 2176 1028 2235 sed
1052 2177 1175 2236 eundem

175 2260 204 2317 iu
230 2260 375 2338 triumpho
406 2261 554 2320 Asculano
583 2260 634 2320 Gn.
662 2260 780 2338 Pompei
807 2260 887 2319 duxit
914 2277 1047 2338 puerum,
1074 2278 1174 2339 quam·

176 2360 260 2421 quam
277 2343 420 2401 Masurius
441 2353 541 2403 auctor
565 2353 611 2403 est
631 2344 675 2402 bis
695 2346 723 2403 in
743 2344 885 2421 triumpho
908 2344 1036 2419 ductum,
1065 2342 1172 2403 Oieero
1184 2370 1211 2409 25

175 2427 330 2484 mulionem
346 2428 502 2499 castrensis
523 2428 667 2486 furnariae
687 2424 793 2501 luisse,
809 2427 932 2503 plurumi
950 2429 1091 2487 iuventam
1111 2428 1175 2485 ino·

136 2519 260 2586 136pem
279 2509 309 2564 in
331 2508 426 2584 caliga
446 2509 560 2569 militari
573 2510 730 2570 ¹tolerasse.
761 2509 826 2569 Fuit
843 2518 873 2569 et
892 2510 997 2569 balbus
1021 2509 1175 2570 Cornelius

176 2591 269 2651 maior
288 2592 403 2666 consul,
426 2592 478 2651 sed
498 2602 650 2653 accusatus
669 2601 755 2670 atque
778 2594 814 2653 de
829 2593 891 2653 iura
905 2596 1049 2671 virgarum
1063 2596 1092 2653 in
1109 2612 1176 2653 eum

177 2674 300 2734 iudicum
315 2678 344 2735 in
360 2676 510 2736 consilium
523 2679 644 2752 missus,
660 2678 767 2753 primus
784 2685 968 2736 externorum
983 2686 1069 2757 atque
1089 2680 1175 2737 etiam

177 2760 206 2815 in
226 2766 338 2819 oceano
361 2763 523 2836 genitorum
546 2778 615 2821 usas
633 2761 686 2821 illo
708 2760 819 2821 honore
840 2778 924 2837 quem
945 2764 1070 2821 maiores
1092 2761 1209 2823 Latione

113 2839 117 2845 “
178 2858 294 2921 quoque
309 2847 487 2921 negaverint.
520 2854 565 2904 est
581 2853 610 2903 et
624 2844 655 2905 L.
674 2843 791 2905 Fulvius
803 2838 877 2904 inter
892 2846 1011 2922 insignia
1027 2846 1174 2923 exempla,

176 2924 402 2987 Tusculanorum
416 2928 615 2989 rebellantium
635 2930 754 3004 consul,
777 2929 938 3007 eodemque
960 2930 1087 3005 honore,
1111 2946 1176 2989 cnm

177 3012 345 3086 transisset,
362 3022 518 3074 exornatus
535 3014 687 3073 confestim
707 3032 723 3073 a
740 3012 850 3092 populo
865 3012 1011 3089 Romano,
1029 3012 1175 3092 quincius

180 3093 365 3153 eodemanno
377 3112 435 3173 quo
443 3097 537 3157 luerat
545 3096 755 3158 bostisllomae
767 3096 948 3175 triumphavit
960 3116 997 3157 ex
1008 3098 1042 3156 iis
1054 3114 1176 3174 quorum

136 3176 299 3237 ld'iconsul
320 3179 422 3238 iuerat.
453 3180 533 3239 Unus
548 3181 691 3240 hominnm
713 3182 748 3240 ad
768 3182 824 3241 hoo
845 3182 909 3240 aevi
925 3180 1032 3240 Felicia
1051 3180 1107 3239 sibi
1122 3196 1210 3239 cose

179 3277 303 3336 gnomen
324 3260 451 3322 adseruit
466 3262 496 3321 L.
515 3265 613 3338 Sulla,
636 3264 712 3323 ciuili
734 3279 837 3341 nempe
853 3266 990 3341 sanguine
1008 3281 1042 3323 ac
1063 3266 1176 3342 patriae

181 3346 396 3419 oppugnatione
415 3346 575 3421 adoptatus.
605 3357 634 3406 et
656 3347 756 3424 quibus
771 3347 918 3407 ‘felicitatis
940 3348 1068 3408 inductus
1090 3363 1175 3424 argu-

179 3423 303 3484 mentis?
324 3426 403 3505 qnod
418 3428 603 3505 proscribere
625 3438 668 3488 tot
690 3430 765 3490 milia
789 3432 890 3491 civium
911 3446 946 3491 ac
963 3430 1106 3498 trucidare
1122 3446 1176 3510 po
