2542 3842
159 121 222 188 238
530 83 680 197 Cannu
699 133 847 185 sucnvnr
928 135 931 140 ·

159 297 301 353 aestus-et
315 288 425 350 stativis
440 288 504 352 dies
517 289 710 368 absumuntur,
732 299 821 350 tntum
842 307 858 350 a
874 287 970 370 Copto
985 289 1147 353 Berenicen

118 377 231 441 lotiter
249 373 417 434 duodecimo
442 373 489 434 die
510 377 668 454 peragitur.
707 372 852 452 Navigare
876 375 1012 454 incipiunt
1033 384 1146 436 aestate

158 458 251 520 media
269 467 336 519 ante
351 459 430 518 oanis
451 467 544 518 ortum
563 467 611 520 ant
632 457 668 518 ab
686 467 788 520 exortu
809 459 953 537 protinus,
973 459 1147 538 veniuntque

116 610 118 614 ,
159 543 275 604 circiter
286 539 378 601 XXX
393 540 441 602 dio
456 539 568 603 Ocelim
582 541 707 602 Arabiae
720 550 767 602 aut
784 540 882 602 Canen
897 541 1034 611 turiferae
1049 544 1146 622 regio·

157 629 211 686 nis.
250 634 295 686 est
309 633 338 685 et
353 625 454 685 tertius
470 620 571 702 portus
586 627 634 704 qni
649 635 770 686 voratur
780 623 872 702 liuza,
889 644 972 705 quem
986 625 1083 689 Indica
1097 641 1170 686 nat

147 709 265 788 'rigatio
276 725 333 768 non
346 708 435 788 petit,
456 725 511 768 neo
522 709 576 768 nisi
589 710 660 768 turis
679 708 857 787 odorumque
871 709 1059 771 Arabioorum
1072 728 1146 770 mer·

158 803 282 854 ratores.
299 793 372 852 intus
385 790 529 870 oppidum,
545 793 626 870 regia
640 793 713 868 eius,
726 791 889 870 appellatur
901 793 1042 872 Sapphar,
1057 794 1145 855 aliud·

158 895 214 962 lpse
235 878 320 938 Save.
355 874 441 935 ludos
455 884 551 936 antem
569 875 733 954 petentibus
748 876 925 936 utilissimum
942 886 988 937 est
1006 877 1041 938 ab
1063 876 1146 938 Ooeli

157 961 268 1038 egredi.
289 958 366 1019 inde
384 968 471 1018 vento
491 958 610 1038 hippalo
630 961 764 1036 navigant
785 958 886 1020 diebus
906 957 955 1020 XL
977 960 1013 1022 ad
1027 961 1146 1040 primum

158 1046 315 1124 emporium
334 1041 430 1103 Indiae
453 1040 581 1103 blnnirim
600 1060 658 1103 nou
684 1043 875 1122 expetendum
890 1053 1015 1123 propter
1034 1045 1181 1104 vioinosro

157 1123 263 1208 piratas
286 1127 334 1205 qui
354 1127 486 1205 optinent
505 1127 600 1187 losum
620 1127 733 1187 nomiae
755 1125 876 1204 Nitrias,
906 1145 1002 1206 neone
1028 1138 1071 1187 est
1095 1128 1145 1188 ab·

157 1212 265 1273 undans
280 1209 432 1271 mercibus.
465 1220 619 1289 praeterea
633 1212 722 1288 longe
737 1227 754 1272 a
770 1219 846 1272 terra
865 1210 947 1272 abest
963 1212 1074 1272 navium
1089 1221 1146 1273 sta·

35 1314 38 1317 ·
157 1298 209 1371 tio,
243 1293 430 1373 lintribusque
447 1294 613 1357 adferuntur
633 1311 721 1356 onera
748 1303 777 1354 et
801 1303 965 1371 egeruntur.
1008 1295 1147 1374 regnabat

116 1380 221 1455 lotibi,
240 1397 301 1440 oum
315 1379 470 1458 proderem
483 1377 569 1455 haee,
587 1377 806 1440 Caelobothras.
838 1377 920 1438 Alius
934 1379 1030 1440 utilior
1046 1388 1145 1459 portus

156 1465 250 1541 gentis
261 1461 447 1538 Neacyndon,
464 1465 512 1540 qui
526 1473 646 1523 vocatur
657 1463 776 1523 Reoare.
807 1461 846 1522 ibi
856 1462 995 1539 regnabat
1004 1463 1143 1540 Pandion,
1155 1473 1179 1516 tt

152 1549 244 1623 longe
261 1545 297 1606 ab
308 1546 436 1625 emporio
451 1545 660 1607 mediterraneo
677 1547 799 1607 distante
811 1546 918 1627 oppido
934 1547 1012 1625 quod
1025 1557 1146 1607 voratur

156 1629 285 1690 llodnra.
331 1629 415 1706 regio
442 1637 536 1689 antem
562 1647 685 1708 err-qua
712 1631 796 1708 piper
824 1629 987 1704 monoxylis
1015 1631 1145 1691 lintribus

156 1712 286 1773 Benaren
305 1711 468 1772 eonvelrnnt
480 1721 601 1773 vocatur
618 1711 791 1788 Cottonara,
813 1729 887 1790 quae
910 1713 1003 1772 omnia
1020 1715 1146 1792 gentium
1211 1727 1213 1736 ‘

155 1805 326 1874 portuumve
347 1804 397 1856 aut
420 1795 590 1875 oppidorum
610 1798 723 1858 nomina
749 1794 824 1875 apud
852 1798 992 1856 neminem
1019 1797 1145 1874 priorum

116 1881 366 1958 10lireperiuntnr‚
386 1896 443 1958 quo
455 1879 582 1958 'adparet
606 1881 707 1941 mutari
727 1879 856 1938 locorum
871 1887 971 1940 status.
1005 1877 1050 1940 Ex
1064 1880 1180 1940 ludiano

150 1964 323 2040 renavigant
334 1969 436 2024 mense
447 1962 592 2042 Aegyptio
609 1963 681 2040 Tybi
695 1963 860 2041 incipiente,
876 1973 975 2024 nostro
988 1964 1144 2040 deoembri,

150 2057 205 2109 ant
226 2045 471 2126 utiquedleobiris
484 2048 621 2127 Aegyptii
636 2049 708 2108 intra
724 2047 799 2108 diem
821 2056 942 2124 sextum,
966 2049 1043 2127 qnod
1057 2049 1088 2109 lit
1103 2050 1144 2108 in·
1169 2115 1173 2127 ,

156 2141 199 2192 tra
223 2133 286 2193 idus
311 2130 454 2192 lanuarias
480 2141 603 2192 nostras.
645 2133 684 2192 ita
709 2131 804 2192 evenit
825 2139 855 2190 ut
876 2132 979 2193 eodem
1005 2149 1077 2194 anno
1098 2149 1142 2191 ro·

156 2226 262 2279 meent.
297 2217 432 2293 navigant
458 2225 553 2277 autem
580 2235 618 2276 ex
636 2215 715 2277 ludia
735 2223 822 2276 veuto
846 2215 979 2276 volturno
1007 2226 1053 2293 et,
1081 2233 1144 2276 oum

85 2336 89 2341 -
157 2302 300 2361 intravere
311 2298 437 2359 Rubrum
450 2317 544 2376 mare,
561 2299 662 2361 Africo
677 2299 725 2360 vel
740 2295 849 2360 austro.
874 2297 956 2359 Nnno
966 2309 1177 2361 revertemurtv

157 2385 193 2446 ad
207 2383 395 2462 propositum.

117 2477 168 2532 lot
253 2464 335 2543 (27.)
383 2463 548 2526 Carmaniae
579 2482 658 2527 omm
686 2475 786 2545 patere
802 2465 876 2534 ’ῇῖ
903 2463 925 2524 b
956 2461 987 2525 ll
1011 2481 1144 2544 passuum

148 2548 304 2609 Nearchus
329 2547 453 2626 seripsit.
487 2546 524 2607 ab
540 2549 619 2608 initio
636 2550 697 2610 eius
714 2550 749 2609 ad
764 2548 868 2609 flumen
882 2547 977 2609 Sabim
995 2545 1017 2609 G
1034 2546 1063 2607 Μ
1079 2567 1144 2626 pas·

156 2650 246 2692 suum.
264 2628 270 2642 “
287 2630 352 2693 iude
369 2626 469 2693 vineas
489 2630 548 2692 eoli
570 2631 599 2690 el
621 2649 689 2692 arva
711 2632 746 2692 ad
767 2631 871 2693 ilumen
887 2627 1006 2692 ananim
1021 2629 1101 2691 XXV
1116 2631 1145 2692 lli

157 2717 261 2795 spatio·
298 2716 382 2794 regio
396 2724 517 2776 vooatur
530 2713 671 2792 Armpsia.
711 2717 817 2796 oppida
836 2707 1001 2777 Carmaniae
1019 2715 1097 2775 Zetis
1115 2725 1177 2776 etao

156 2799 338 2861 Alexandria.
410 2823 415 2830 ·
648 2815 651 2826 ·
698 2815 700 2826 ¹
938 2815 942 2822 ·
1054 2834 1057 2843 ·
1125 2809 1129 2840 ³

168 2916 172 2925 ·
195 2901 199 2908 ·
239 2881 323 2964 (28.)
345 2883 498 2963 ,Inrumpit
513 2883 617 2945 deiude
642 2893 673 2944 et
692 2885 720 2944 in
734 2885 788 2946 luae
810 2895 892 2965 parts
911 2885 1052 2964 geminum
1066 2898 1144 2944 mare

1 2992 10 3009 ·
102 2993 113 3017 κ
156 2974 259 3044 terras,
276 2967 352 3046 quod
371 2968 498 3031 Rubrum
512 2968 613 3029 dixere
629 2969 730 3045 nostri,
748 2968 850 3030 (irasci
869 2967 1021 3046 Erythrum
1039 2977 1144 3044 a‘rege
1180 3040 1186 3054 x

156 3049 290 3126 Erythra,
304 3060 362 3130 ant,
379 3061 411 3112 ut
424 3053 483 3128 alii,
499 3052 570 3112 solis
584 3069 759 3132 repercussu
773 3051 860 3113 talem
876 3053 957 3113 reddi
973 3053 1144 3112 existuman-

156 3142 202 3193 tes
219 3134 365 3212 dolorem,
382 3136 431 3196 alii
447 3135 483 3195 ab
495 3136 602 3198 harena
617 3146 769 3216 terraque,
785 3136 834 3197 alii
848 3136 899 3198 tali
914 3136 1113 3215 aquae‘ipsins
1128 3149 1178 3194 aas

121 3226 303 3364 mpetum&
338 3300 397 3361 Sed
413 3302 441 3361 in
455 3302 527 3363 duos
542 3303 675 3366 dividbnr
689 3307 776 3367 sinus.
813 3307 836 3366 is
858 3307 905 3384 qui
921 3303 956 3364 ab
972 3304 1083 3363 oriente
1096 3307 1143 3359 est

127 3473 129 3479 Ι
148 3385 289 3444 l'ersious
304 3384 481 3464 appellatur,
497 3387 580 3459 χῖν,
590 3387 620 3448 bl
632 3383 769 3469 passuum
783 3390 918 3466 bimaita,
934 3393 965 3446 ut
976 3383 1146 3446 llratostbe·¹
1163 3445 1165 3456 ,
