2542 3842
185 168 227 235 80
570 181 830 234 rnmnsncunnr

186 339 303 413 ardens,
319 344 422 415 postea
437 334 561 413 radians,
576 336 621 397 bis
638 336 732 396 causis
749 351 863 396 conexo
875 338 938 398 visu
952 348 1090 399 eteorum
1102 357 1170 419 quac

145 422 272 487 socaelo
298 423 486 481 continentur.
515 438 638 500 namque
662 420 748 479 ruodo
773 421 922 482 multitudo
950 423 1079 483 conferta
1103 425 1172 483 inest

190 508 268 567 circa
285 505 419 566 dimidios
434 504 513 563 orbis
532 504 632 580 lunae,
656 504 771 583 placida
786 515 872 565 nocte
889 505 993 567 leuiter
1010 506 1171 567 inlustrante

189 608 250 665 eas,
264 590 349 650 modo
363 590 475 663 raritas,
491 597 521 648 ut
532 588 642 666 fugisse
653 590 966 669 miremur,pleniluaio
980 590 1172 651 abscondente

189 682 236 735 aut
251 693 315 735 cum
332 673 402 734 solis
418 690 543 751 suprave
560 672 699 733 dictarum
718 674 791 733 radii
810 676 889 734 visus
914 676 1112 753 perstrinxere
1127 692 1196 739 tro-s

189 768 275 819 stros.
306 760 420 836 etipsa
442 765 537 816 autern
556 754 622 815 luna
647 757 836 831 ingruentium
858 758 930 817 solis
949 758 1093 819 radiorum
1112 759 1175 818 baut

190 844 277 904 dubie
298 840 474 903 differentias
500 840 600 913 sentit,
627 837 783 899 hebetante
808 850 908 901 cetero
935 842 1057 901 inflexos
1084 842 1175 902 mundi

191 928 372 989 convexitate
388 939 442 982 eos
462 930 665 1000 praeterquam
680 922 728 981 ubi
744 925 819 984 recti
838 924 1007 1001 angulorum
1025 934 1177 1005 conpetunt
1254 919 1257 1014 J

189 1014 272 1073 ictus.
290 1011 386 1085 itaque
401 1007 430 1064 in
445 1005 583 1085 quadrato
599 1006 671 1073 solis
686 1007 799 1069 dividua
814 1017 870 1085 est,
885 1010 914 1068 in
924 1009 1063 1090 triquetro
1077 1011 1176 1070 semiu-

190 1098 236 1157 uni
252 1092 372 1154 ambitur
386 1089 474 1165 orbe,
501 1089 626 1169 inpletur
641 1100 734 1152 autem
751 1094 779 1151 in
794 1096 934 1170 adverso,
956 1112 1114 1175 rursusque
1130 1096 1177 1153 mi·
1188 1112 1212 1153 m

191 1196 281 1240 nuens
298 1175 416 1237 casdem
430 1174 544 1252 effigies
561 1176 680 1254 panibus
695 1177 755 1238 edit
771 1178 947 1256 intervallis,
972 1179 1055 1239 simili
1069 1179 1178 1239 ratione

192 1284 247 1344 qua
265 1279 351 1340 supra
367 1260 458 1320 solem
473 1261 526 1319 tria
541 1261 648 1321 sidera.

149 1350 185 1404 81
257 1348 304 1407 19.
322 1344 405 1424 (17.)
422 1343 582 1405 Sol'autem
597 1346 661 1424 ipse
676 1355 810 1423 quattuor
825 1346 1001 1406 differentias
1016 1344 1119 1419 babet,
1136 1344 1180 1404 bis
1258 1309 1261 1396 l

78 1469 81 1478 ‹
192 1438 314 1509 aequata
330 1436 416 1487 nocte
433 1427 507 1502 diei,
529 1445 620 1487 verno
637 1437 666 1487 et
686 1438 835 1502 autumno,
860 1430 889 1486 in
909 1438 1037 1488 centrum
1051 1428 1181 1487 incidens
1259 1415 1262 1510 l

191 1525 287 1575 terrae
313 1510 423 1570 octavis
444 1509 620 1585 inpartibus
644 1511 742 1569 arietis
762 1529 799 1570 ac
817 1510 925 1587 librae,
949 1510 994 1570 bis
1016 1513 1216 1589 permutatisrs
1261 1513 1263 1590 l

193 1597 302 1677 spatiis,
318 1596 347 1654 iu
358 1602 470 1653 arcetum
485 1592 542 1652 diei
557 1592 666 1667 bruma,
683 1600 786 1654 octava
802 1594 830 1652 iu
846 1603 926 1672 parte
942 1593 1114 1672 capricorni,
1130 1610 1181 1651 uo·
1262 1611 1264 1670 1

194 1683 249 1742 ctis
263 1695 334 1737 vero
350 1677 489 1751 solstitio,
511 1676 629 1736 totidem
644 1677 673 1734 in
690 1677 819 1755 partibus
835 1678 940 1738 cancri.
970 1674 1182 1753 inaequalitatis
1262 1675 1265 1768 1

194 1781 280 1826 causa
297 1760 450 1838 obliquitas
466 1760 610 1837 signiferi,
630 1778 693 1819 curu
709 1778 777 1838 pars
791 1780 883 1839 aequa
898 1762 993 1821 muudi
1012 1778 1100 1837 super
1116 1758 1182 1817 sub·
1264 1807 1265 1832 ,

192 1859 294 1925 terque
310 1853 403 1904 terras
415 1843 544 1903 omnibus
558 1843 606 1903 liat
620 1845 781 1904 momentis.
798 1846 851 1905 sed
864 1864 937 1925 quae
949 1854 1029 1905 recta
1041 1846 1068 1903 in
1080 1851 1184 1905 exortu

193 1948 246 1991 suo
262 1938 436 2005 consurgunt
452 1929 533 2004 signa
544 1928 676 2005 longiore
692 1937 783 1988 tractu
794 1938 891 1989 teuent
903 1930 1007 2006 lucem,
1025 1946 1099 2009 quae
1111 1944 1220 1988 veroao

142 2018 147 2027 “
194 2014 310 2093 obliqua
328 2013 427 2072 ociore
443 2020 591 2072 transeunt
606 2012 709 2090 spatio.

150 2104 185 2159 82
255 2097 305 2157 20.
325 2094 407 2177 (18.)
423 2095 504 2156 Latet
519 2096 678 2175 plerosque
696 2115 798 2174 magua
813 2097 889 2160 caeli
903 2098 1099 2158 adsectatione
1115 2112 1184 2157 con-

194 2192 305 2264 pertum
317 2200 333 2243 a
345 2180 682 2260 principibus'doctrinae
694 2184 763 2241 viris
775 2184 955 2261 superiorum
966 2183 1048 2243 trium
1060 2182 1186 2242 siderum

194 2270 269 2348 ignis
293 2285 361 2326 csse
386 2267 434 2344 qui
459 2266 573 2333 decidui
596 2266 631 2326 ad
657 2275 751 2328 terras
766 2266 912 2327 fulminum
930 2285 1034 2327 nomeu
1048 2263 1184 2339 babeant,

195 2354 250 2412 sed
264 2368 394 2409 maxume
412 2367 449 2408 ex
463 2349 508 2411 bis
524 2350 618 2408 medio
634 2348 702 2408 loco
718 2352 775 2424 siti,
793 2351 924 2409 fortassis
939 2350 1071 2428 quonium
1086 2356 1185 2407 conta·
1195 2373 1223 2412 aa

195 2437 271 2512 glum
284 2432 360 2490 nimii
375 2432 481 2487 umoris
497 2449 535 2489 ex
552 2431 696 2506 superiori
712 2432 819 2489 circulo
835 2440 921 2507 atquc
936 2431 1048 2489 ardoris
1064 2446 1102 2487 ex
1117 2428 1185 2486 sub·

195 2520 271 2576 iecto
288 2532 341 2591 per
355 2513 429 2572 buno
443 2512 557 2572 modurn
572 2521 683 2588 egerat,
701 2512 824 2591 ideoque
840 2513 944 2572 dictum
955 2512 1054 2572 lovem
1068 2510 1186 2571 fulmina

194 2598 321 2662 iaculari.
355 2612 426 2672 ergo
447 2604 509 2655 ute
530 2595 669 2672 flagrante
687 2595 764 2672 ligno
780 2595 868 2657 carbo
884 2615 948 2656 cum
969 2597 1090 2674 crepitu,
1110 2596 1187 2656 sica

196 2684 291 2745 sidere
308 2680 444 2741 caelestis
461 2681 534 2757 iguis
549 2680 699 2758 exspuitur
715 2681 858 2757 praescita
872 2698 971 2740 secum
984 2680 1130 2754 adferens,
1147 2695 1186 2738 ne

196 2767 327 2829 abdicata
348 2764 463 2844 quidem
482 2765 525 2823 sui
548 2764 676 2841 partein
698 2763 799 2824 divinis
819 2774 953 2827 cessante
971 2763 1118 2843 operibus.
1141 2762 1184 2823 id·
1197 2784 1225 2827 so

197 2842 253 2932 que
269 2868 399 2911 maxume
417 2849 529 2909 turbato
550 2847 580 2907 lit
595 2864 682 2923 aere,
705 2849 770 2927 quia
787 2848 928 2909 collectus
942 2866 1023 2908 umor
1040 2846 1186 2908 abundan-

197 2933 408 2997 tiamstimulat
427 2942 474 2994 aut
496 2933 561 3013 quia
580 2930 709 2992 turbatur
731 2933 853 3013 quodam
874 2951 929 2993 ceu
949 2932 1061 3011 gravidi
1082 2930 1188 2991 sideris

219 3028 289 3079 artu.
678 3038 682 3043 ·

158 3038 217 3164 Sap
260 3101 310 3161 21.
330 3102 412 3181 (19.)
430 3101 583 3164 intervalla
601 3118 717 3180 quoque
741 3099 865 3160 sidemm
884 3108 993 3160 aterra
1014 3100 1093 3159 multi
1109 3096 1188 3158 inda·

200 3203 270 3263 gare
285 3194 472 3263 temptarunt,
497 3195 525 3245 ct
544 3186 636 3245 solem
656 3185 763 3245 abesse
784 3203 801 3244 a
820 3184 887 3245 luna
906 3183 1083 3261 undeviginti
1099 3182 1226 3261 partisas

201 3278 331 3349 quautam
347 3269 439 3329 lunam
455 3270 544 3347 ipsam
562 3288 578 3331 a
593 3278 670 3329 terra
685 3269 880 3347 prodiderunt.
911 3267 1088 3345 Pythagoras
1103 3278 1188 3338 vero,

201 3355 245 3412 vir
260 3354 372 3431 sagacis
387 3353 485 3427 animi,
507 3371 530 3414 a.
543 3362 620 3414 terra
640 3353 676 3413 ad
691 3352 785 3413 lunam
801 3362 913 3414 centum
929 3352 1027 3428 viginti
1043 3366 1096 3407 sex
1109 3345 1189 3406 milia

142 3506 144 3511 ,
203 3437 355 3497 stadiorum
370 3455 437 3498 esse
454 3436 573 3527 colligit,
590 3436 625 3499 ad
642 3436 733 3499 solem
750 3437 786 3498 ab
800 3456 835 3499 eu
847 3436 977 3517 duplum,
993 3432 1058 3493 iude
1070 3430 1106 3493 ad
1118 3430 1189 3491 duo-
