2542 3842
165 205 204 270 68
462 170 465 189 ’
529 214 836 265 c.r>1.1msncuno1

163 374 284 435 totidem
295 373 368 433 deos
381 373 486 433 iaciant
500 371 626 432 lunones
642 370 807 450 Geniosque
823 371 987 449 adoptando
1005 370 1071 446 sibi,
1087 388 1157 448 gen-

163 458 215 518 tes'
225 475 297 519 vero
314 457 454 536 quaedam
475 456 606 519 animalia
622 464 651 514 et
672 456 767 535 aliqua
791 458 876 516 etiam
894 455 1024 515 obscena
1043 455 1159 532 prodis

164 541 290 604 habeant
313 560 347 601 ac
369 540 455 600 multa
481 541 557 600 dictu
578 540 670 616 magis
692 540 842 617 pudenda,
865 557 919 618 per
934 539 1038 599 fetidas
1057 556 1157 617 cepas,

122 634 156 690 17
165 626 220 687 alia
238 634 267 685 et
282 624 384 685 similia
400 626 536 684 iurantes.
563 621 742 683 Matrimonia
763 624 878 704 quidem
896 618 976 682 ›inter'
990 622 1063 682 deos
1078 622 1157 681 credi

104 710 112 729 ⁸
164 719 301 789 tantoque
318 726 392 769 aevo
411 726 449 767 ex
462 708 506 766 his
521 707 664 765 neminem
678 709 775 783 nasci,
799 717 828 768 et
845 707 919 767 alios
935 725 1003 766 esse
1017 706 1181 782 grandaes

164 810 219 853 vos
234 811 351 872 semper
367 808 526 868 canosque,
542 788 616 850 alios
632 790 754 849 iuvenes
769 799 855 869 atque
872 808 991 868 pueros,
1009 791 1063 850 atri
1079 789 1158 848 colo·

164 879 216 953 ris,
233 877 378 953 aligeros,
396 873 526 953 claudos,
543 888 600 932 ovo
617 872 722 947 editos,
740 883 771 933 et
785 874 904 934 alternis
919 872 1022 933 diebus
1036 873 1159 932 viventis

165 962 384 1036 morientisque,
403 956 554 1035 puerilium
565 973 660 1035 prope
673 955 925 1018 deliramentorum
937 965 991 1016 est.
1008 956 1061 1016 sed
1072 974 1160 1036 super

167 1061 282 1119 omnem
295 1041 489 1119 inpudentiam
503 1040 644 1101 adulteria
658 1032 733 1100 inter
747 1042 829 1120 ipsos
844 1040 923 1117 fingi,
941 1057 1010 1099 mox
1024 1042 1116 1117 iurgia
1132 1047 1160 1098 et

126 1130 251 1203 modia,
278 1134 366 1205 atque
384 1126 469 1185 etiarn
486 1124 624 1185 furtorum
641 1143 708 1185 esse
724 1135 753 1185 et
769 1125 913 1189 scelerum
928 1126 1050 1185 numina.
1081 1124 1193 1183 Deusro

84 1200 93 1319 l
167 1220 212 1273 est
226 1210 340 1271 mortali
361 1210 460 1270 iuvare
482 1209 650 1284 mortalem,
677 1218 707 1269 et
726 1210 801 1270 haec
820 1210 857 1273 ad
877 1219 1024 1270 aeternam
1038 1209 1161 1286 gloriam

165 1299 221 1357 via.
240 1295 295 1355 hac
312 1309 454 1371 proceres
468 1294 529 1354 iere
546 1293 679 1371 Romani,
696 1293 751 1355 hac
768 1313 842 1354 nuno
858 1293 979 1353 caelesti
996 1312 1084 1372 passu
1099 1309 1161 1351 cum

166 1380 268 1439 liberis
293 1378 354 1435 suis
375 1379 453 1437 vadit
473 1396 620 1439 maxumus
647 1382 738 1437 omnis
758 1379 824 1437 aevi
846 1386 945 1436 rector
965 1376 1161 1454 Vespasianus

126 1463 314 1538 19Augustus
335 1460 423 1521 iessis
445 1460 533 1520 rebus
548 1460 734 1520 subveniens.
763 1459 817 1520 Hic
833 1467 877 1518 est
891 1460 1100 1519 vetustissimus
1115 1477 1161 1519 re·

167 1544 280 1607 ferendi
296 1542 372 1604 bene
389 1543 565 1603 merentibus
579 1544 699 1620 gratiam
717 1560 791 1620 mos,
814 1551 844 1605 ut
857 1542 924 1602 talis
938 1544 1098 1602 numinibus
1112 1542 1160 1603 ad·
1172 1555 1197 1595 1⁵

141 1626 306 1689 ascribant.
338 1628 445 1706 quippe
471 1636 500 1687 et
521 1627 642 1687 aliorum
665 1628 777 1687 nomina
795 1628 915 1688 deorum
935 1635 964 1686 et
987 1644 1061 1705 quae
1077 1643 1164 1703 supra

98 1759 105 1820 p
167 1712 253 1775 retuli
270 1710 396 1771 sidemm
411 1729 449 1772 ex
464 1711 606 1772 bominum
622 1720 689 1772 nata
703 1720 767 1771 sunt
783 1711 901 1770 meritis.
934 1709 1034 1771 lovem
1048 1709 1163 1797 quidem

83 1777 105 1885 lp
169 1805 217 1858 aut
236 1793 408 1854 Mercurium
432 1794 554 1855 aliterve
576 1795 650 1855 alios
673 1796 747 1855 inter
767 1814 800 1855 se
821 1796 921 1855 vocari
938 1804 968 1854 et
982 1813 1050 1855 esse
1066 1793 1163 1856 caele·

88 1888 91 1903 '
127 1896 162 1948 20
170 1889 242 1939 stem
265 1876 529 1939 nomenclaturam?
561 1877 632 1953 Quis
652 1896 709 1939 non
730 1879 965 1957 interpretatione
981 1888 1099 1940 naturae
1121 1877 1162 1937 ia·

169 1971 263 2023 teatur
283 1962 460 2022 inridendum
477 1980 566 2039 agere
584 1981 786 2023 curamrerum
801 1961 984 2023 humanarum
1001 1962 1070 2023 illud
1082 1962 1198 2041 quid-20

115 2072 117 2079 v
172 2046 239 2124 quid
256 2054 301 2105 est
315 2043 473 2106 summum?
489 2064 562 2107 anne
579 2056 636 2107 tam
651 2048 725 2107 tristi
741 2058 826 2127 atque
841 2046 991 2126 multiplici
1005 2047 1168 2108 ministerio

170 2149 228 2191 nou
240 2129 331 2209 pollui
350 2127 522 2207 credamus?
545 2129 764 2192 dubitemusne?
787 2131 844 2192 Vix
855 2148 948 2212 prope
968 2130 1163 2205 estiudicare,

171 2224 265 2276 utrum
285 2216 377 2292 magis
401 2216 543 2277 conducat
561 2217 663 2295 generi
684 2216 823 2295 humano,
851 2216 964 2295 qnando
986 2215 1050 2278 aliis
1070 2214 1165 2275 nullus

129 2320 162 2373 21
174 2309 218 2359 est
239 2300 358 2359 deorum
380 2309 533 2378 respectus
559 2300 622 2361 aliis
647 2302 807 2379 pudendus.
840 2300 977 2361 Externis
997 2299 1165 2360 famulantur
1267 2321 1268 2356 u

59 2386 62 2393 '
172 2381 275 2455 sacris,
292 2398 326 2441 ac
342 2381 440 2455 digitis
456 2384 529 2441 deos
544 2393 669 2459 gestant,
686 2394 813 2444 monstra
828 2401 944 2461 quoqne
962 2383 1069 2456 colunt,
1086 2376 1200 2451 dam-bs

172 2472 239 2523 nant
261 2473 291 2522 et
313 2464 479 2538 excogitant
502 2462 601 2537 cibos,
623 2466 744 2541 imperia
768 2466 829 2524 dira
850 2467 878 2523 iu
899 2467 981 2542 ipsos
1003 2483 1039 2523 ne
1062 2464 1164 2522 somno
1266 2535 1267 2538 Ἴ

127 2554 142 2629 ja
173 2547 287 2626 quidem
298 2547 395 2625 quieto
407 2548 547 2623 inrogant.
560 2563 617 2606 non
625 2548 810 2623 matrimonia,
822 2565 880 2607 non
888 2547 1008 2623 liberos,
1017 2564 1074 2608 uon
1084 2548 1164 2607 deni·
1266 2559 1267 2588 ³

173 2648 229 2709 quc
243 2630 396 2708 quicquam
410 2630 487 2690 aliud
501 2630 555 2688 nisi
572 2631 732 2692 iuvantibus
748 2633 839 2691 sacris
854 2631 992 2709 deligunt.
1012 2632 1059 2692 alii
1069 2633 1097 2689 in
1107 2628 1164 2690 ea-

172 2714 274 2792 pitolio
289 2713 388 2776 fallunt
404 2732 438 2775 ac
451 2713 644 2774 fulminantem
660 2717 813 2794 periurant·
823 2712 938 2791 lovem,
958 2725 986 2775 et
998 2716 1052 2777 bos
1068 2715 1166 2775 iuvant

131 2798 299 2873 adseclam,
316 2797 383 2858 illos
398 2816 480 2859 sacra
496 2815 546 2857 sua
563 2801 666 2876 poenis
684 2808 779 2876 agunt.
799 2793 910 2860 invenit
921 2809 1015 2860 tamen
1027 2800 1101 2860 iuter
1112 2798 1204 2858 basso

173 2891 309 2961 utrasque
328 2884 485 2942 sententias
501 2882 624 2942 medium
639 2884 694 2943 sibi
709 2884 772 2961 ipsa
786 2884 945 2944 mortalitas
964 2882 1084 2960 numen,
1106 2901 1165 2963 quo

173 2967 264 3025 minus
277 2966 361 3027 etiam
373 2966 457 3045 plana
469 2968 505 3028 de
517 2966 573 3027 deo
586 2970 759 3027 coniectatio
771 2975 859 3028 esset.
872 2977 933 3028 toto
941 2970 1048 3048 quippe
1059 2968 1166 3027 mundo

28 3080 34 3092 ·
120 3092 139 3111 ,,
175 3058 204 3109 et
226 3048 355 3111 omnibus
372 3051 446 3111 locis
468 3050 656 3129 omnibusque
673 3051 752 3111 boris
768 3052 890 3111 omnium
905 3053 1026 3131 vocibus
1041 3051 1167 3112 Fortuna

118 3112 136 3207 {⁴
175 3131 237 3193 sola
248 3132 396 3192 invocatur
408 3152 442 3195 ao
453 3135 621 3211 nominatur,
632 3153 687 3195 una
697 3144 857 3211 accusatur,
870 3154 924 3196 una
935 3130 1028 3213 agitur
1036 3122 1167 3211 reassu‘na

119 3239 121 3249 ¹
175 3216 326 3292 cogitatur,
339 3216 401 3275 sola
413 3216 551 3294 laudatur,
564 3217 627 3279 sola
639 3220 774 3295 arguitur.
786 3227 816 3279 et
828 3238 890 3281 cum
902 3221 1039 3281 conviciis
1047 3220 1162 3289 colitur,
1175 3224 1203 3266 ³⁵

175 3298 322 3374 volubilis,
337 3317 354 3359 a
370 3298 517 3379 plerisque
533 3319 604 3363 vero
621 3311 650 3362 et
665 3321 754 3363 caeca
770 3304 948 3381 existumata,
963 3323 1048 3381 vaga,
1065 3304 1163 3361 incon·

176 3392 264 3457 stans,
280 3383 406 3458 incerta,
423 3386 518 3460 varia,
534 3386 770 3465 indignorumque
785 3387 897 3448 launix.
923 3388 989 3447 lanio
1004 3387 1097 3446 omnia
1112 3403 1165 3444 ex-

176 3482 285 3545 pensa,
303 3465 368 3527 huic
382 3468 475 3528 omnia
490 3466 618 3531 feruntur
633 3479 773 3551 accepta,
795 3481 824 3533 ct
846 3473 875 3531 in
889 3480 948 3533 tota
963 3472 1073 3532 ratione
1088 3488 1166 3531 mor·
1262 3489 1263 3492 ¹
