2542 3842
325 175 514 224 nonomen.
532 177 589 223 xv.
606 171 709 248 8-713.
733 119 868 246 (843.)
1032 161 1094 224 285

38 369 43 408 a
95 333 261 414 supernatia
276 350 295 391 e
309 329 424 390 Sabinis
438 331 569 405 ueniunt,
592 329 746 408 popularia
759 329 895 406 undique.
927 345 1042 408 pomam
1058 332 1098 390 in·

37 439 42 492 u
95 435 220 480 nocuum
248 415 395 494 expetitur
420 414 533 491 aegris,
563 414 744 493 pretiumque
768 413 824 474 iam
850 414 971 490 singulis
997 416 1100 476 triceni

37 539 40 576 2
96 503 202 562 nummi
218 501 318 574 luere,
340 497 444 558 nullius
461 499 586 572 maiore,
606 497 686 575 quod
699 498 848 573 miremur,
870 497 1007 575 quianon
1022 498 1098 559 alind

35 631 38 660 5,
95 586 242 664 fugacius.
268 583 437 660 longissima
452 600 573 660 namque
591 582 732 662 decerpto
747 581 827 643 bidui
847 598 927 640 mora
944 591 990 642 est
1007 584 1098 660 cogit·

35 711 37 736 ,
68 667 453 830 tqueppvpppqadquffl
469 705 683 839 porrecturos
705 766 878 826 prunorum:
900 691 1082 826 versicoldr,
1107 764 1141 816 41

33 895 34 898 ,
96 840 195 916 nigra,
222 834 360 910 candida,
387 834 541 895 hordearia
558 833 707 912 appellata
730 851 747 893 a
768 835 902 894 comitatd
917 834 1008 912 irugis
1024 838 1096 897 eius.

97 923 154 984 alia
170 921 274 984 eodem
289 919 391 980 colore
409 919 522 978 seriora
537 919 722 995 maioraque,
739 918 848 978 asinina
867 920 1098 996 cognominatas

97 1006 218 1066 vilitate.
251 1012 317 1063 sunt
334 1002 476 1078 onychina
491 1019 527 1064 ac
541 1002 702 1062 laudatiora
724 1003 821 1062 cerina
836 1011 923 1080 atque
940 1021 1097 1081 purpurea,

59 1096 153 1150 1⁰ue'c
174 1105 232 1148 non
255 1087 291 1148 ab
317 1096 437 1148 externa
455 1095 546 1164 geute
563 1085 752 1160 Armeniaca,
773 1104 848 1165 quae
869 1086 933 1146 sola
955 1094 984 1146 et
1006 1088 1097 1148 odore

30 1221 31 1238 r
97 1172 347 1243 commendantur,
369 1171 509 1250 peculiari
530 1170 697 1247 inpudentia
716 1170 837 1230 oucibus
854 1171 1002 1232 insitorum
1022 1189 1097 1250 quae

29 1305 31 1340 ,
95 1258 202 1318 faciem
218 1256 345 1335 parentis
367 1272 526 1332 sucumque
541 1253 705 1332 adoptionis
720 1253 873 1334 exhibent,
898 1255 1047 1333 appellata
1061 1255 1103 1316 ab

29 1403 30 1408 ,
97 1350 223 1419 atroque
240 1341 408 1418 aucipruna.
441 1347 472 1400 et
491 1338 566 1401 baec
585 1346 681 1398 autem
701 1346 731 1396 et
752 1336 871 1398 Persica
891 1348 920 1399 et
942 1340 1040 1400 cerina
1061 1350 1141 1404 acta

97 1425 246 1486 silvestria
259 1433 291 1484 nt
306 1441 381 1484 uvae
399 1423 479 1484 cadis
499 1422 614 1483 condita
629 1420 771 1498 usquead
786 1416 842 1481 aba
857 1423 1005 1483 nascentia
1019 1433 1097 1484 aeta·

59 1513 87 1571 15
97 1520 155 1570 tem
180 1508 235 1568 sibi
257 1516 432 1586 prorogant,
454 1506 632 1584 reliquorum
652 1506 794 1566 velocitas
813 1507 871 1564 cito
890 1506 1098 1568 mitescentium

97 1593 269 1654 transvolat.
300 1609 393 1669 nuper
413 1593 441 1649 iu
455 1577 572 1650 Baetica
588 1589 693 1648 malina
708 1588 850 1668 appellari
864 1599 1027 1667 coeperunt
1040 1610 1097 1652 ma·

97 1676 133 1737 lis
149 1677 235 1736 insita
249 1685 278 1736 et
292 1675 348 1736 alia
363 1673 543 1752 amygdalina
562 1672 732 1750 amygdalis.
762 1673 808 1732 bis
820 1674 897 1734 intus
911 1676 940 1733 io
955 1675 1034 1751 ligno
1048 1693 1098 1734 nu·

97 1762 180 1821 olens
194 1759 365 1837 amygdalae
380 1767 436 1833 est,
452 1775 508 1818 nec
520 1757 598 1820 aliud
611 1774 725 1836 mnam
736 1758 914 1834 ingeniosius
924 1760 1098 1835 geminatum

96 1855 151 1905 est.
183 1845 215 1904 ln
236 1844 401 1922 peregrinis
422 1840 573 1902 arboribus
590 1841 671 1917 ,dicta
692 1850 757 1900 suot
769 1839 949 1903 Damascena
964 1862 980 1903 a
997 1844 1141 1918 sumere

57 1947 87 1988 ao
96 1927 240 1988 Damasco
255 1928 472 2003 cognominata,
494 1926 675 2003 iampridem
688 1925 717 1984 in
731 1923 814 1986 ltalia
828 1927 995 2000 nascentia,
1015 1945 1097 2004 gran·
1202 1924 1207 1928 ”

97 2013 180 2072 dicre
193 2027 360 2088 quamquam
377 2009 456 2085 ligno
473 2019 502 2070 et
517 2009 640 2070 exiliore
656 2026 743 2068 carne
758 2027 813 2068 nec
826 2028 959 2088 umquam
972 2011 1098 2088 irrogas

97 2097 221 2168 qlecata,
243 2091 470 2172 quoniamsoles
485 2095 530 2154 sui
544 2093 656 2154 desunt.
680 2091 770 2152 'dmul
785 2093 842 2152 dici
862 2104 983 2172 possunt
1005 2112 1096 2173 popu·
1118 2127 1124 2139 ι
1246 2090 1247 2141 i

48 2235 51 2242 .
96 2180 176 2240 lares
195 2195 296 2238 eornm
316 2192 436 2275 myrnae,
464 2195 540 2255 quae
560 2186 591 2236 et
609 2178 692 2256 ipsae
713 2193 789 2236 nuuc
807 2187 966 2256 coeperunt
987 2177 1098 2242 Romae
1129 2167 1137 2184 '
1171 2230 1174 2236 ,
1245 2220 1246 2253 ,

59 2260 425 2434 unasoppqsqtapnaqutqql
446 2346 560 2436 quidem
581 2345 700 2418 Persica
721 2344 877 2423 peregrina
896 2345 981 2406 etiam
1002 2345 1092 2408 Asiae
1105 2356 1140 2410 44

97 2430 299 2508 Graeciaeque
315 2447 382 2492 ease
398 2447 436 2490 ex
453 2430 565 2490 nomine
578 2430 647 2507 ipso
662 2429 800 2508 adparet,
822 2437 909 2506 atque
923 2447 962 2490 ex
976 2428 1096 2492 Perside
1243 2468 1244 2479 κ

96 2515 229 2576 advecta.
266 2512 320 2573 sed
341 2531 433 2590 pmua
454 2513 599 2574 silvestria
614 2513 722 2591 ubique
737 2516 819 2574 nasci
834 2523 942 2574 eertum
957 2523 1017 2590 est,
1039 2531 1096 2593 quo
1156 2572 1158 2579 ,
1242 2574 1243 2593 ,

96 2601 191 2676 magis
211 2599 301 2658 miror
322 2597 405 2658 buius
427 2599 505 2676 pomi
523 2599 699 2658 mentionem
720 2595 865 2658 acatone
883 2615 942 2658 non
960 2597 1096 2673 habitam,

97 2684 272 2762 praesertin
295 2699 359 2742 cum
380 2683 534 2754 condenda
554 2681 765 2742 demonstraret
791 2681 932 2759 quaedam
954 2692 985 2742 et
1009 2681 1096 2745 silve·
1240 2732 1241 2739 ,

59 2778 87 2820 eo
98 2767 179 2826 stria.
204 2783 269 2826 nana
280 2765 415 2826 Persicae
428 2766 551 2826 arbores
566 2785 632 2826 sero
646 2776 674 2826 et
687 2784 751 2826 cuna
761 2765 930 2829 difficaltate
944 2768 1095 2840 uendere,
1106 2776 1139 2830 to
1240 2759 1241 2780 ¹

97 2857 128 2910 nt
153 2867 228 2927 qnae
255 2852 284 2908 io
308 2847 412 2910 libado
437 2849 506 2923 nibil
530 2849 639 2927 lerant,
664 2851 743 2928 quud
763 2852 882 2928 pomum
901 2847 937 2909 ab
960 2849 1097 2927 Aegypto

97 2949 197 2993 earnm
215 2934 310 2993 inerat
334 2932 499 3012 hospitium.
528 2933 630 2994 falsum
651 2943 697 2994 est
716 2943 858 2994 venenata
877 2951 941 2994 cum
968 2935 1096 2997 cruciatu

96 3019 126 3076 in
138 3016 236 3076 Persis
248 3013 335 3094 gigni
345 3025 379 3076 et
389 3034 546 3096 poenarum
562 3035 648 3079 causa
662 3017 698 3077 ab
712 3018 831 3095 regibus
844 3018 948 3080 tralata
958 3018 987 3078 io
998 3017 1095 3094 Aegr-

97 3109 177 3180 ptum
191 3109 269 3162 terna
284 3101 422 3178 mitigata.
448 3102 477 3162 id
496 3103 569 3162 euim
582 3102 618 3162 de
631 3101 742 3162 Peraea
756 3103 954 3180 diligentiores
971 3101 1095 3177 tradunt,

60 3200 173 3263 atquae
194 3185 223 3242 in
244 3193 335 3244 totum
357 3185 413 3246 alia
438 3195 483 3246 est
503 3187 596 3261 myxis
617 3185 786 3247 rubentibus
811 3185 910 3248 similis
933 3194 1096 3249 occeano
1219 3249 1226 3262 ⁸

96 3270 238 3330 orientem
260 3271 341 3328 nasci
359 3270 460 3330 noluit.
502 3288 565 3330 eaor
585 3287 702 3349 qaoque
723 3271 895 3331 eruditiores
916 3277 1137 3347 negaveruotlt

93 3371 135 3411 ex
149 3351 268 3414 Perside
292 3363 412 3432 propter
430 3355 571 3434 supplicia
587 3354 734 3429 tralatam,
749 3355 804 3417 sed
816 3372 834 3414 a
847 3353 957 3415 Perseo
970 3351 1096 3432 blemplri

95 3445 205 3513 satam,
227 3446 256 3498 et
277 3436 315 3496 ob
335 3436 363 3496 id
377 3437 570 3500 Alexandrum
590 3439 641 3500 illa
656 3441 789 3500 coronari
807 3441 936 3500 victores
951 3437 991 3498 ibi
1013 3438 1090 3499 iusti·
1159 3503 1163 3509 ,
1231 3505 1234 3620 ff
