2542 3842
342 150 422 222 ιιιίΤ.
438 173 528 223 ursa.
544 175 582 223 11
603 170 705 226 9-19,
722 165 837 243 (6-9.)
1068 166 1108 229 73

111 330 204 390 omnia
225 346 260 387 ac
278 326 428 389 diuturnae
453 329 526 388 lucis
551 329 648 407 91999.
676 330 793 390 999119
814 342 908 393 autem
922 352 977 413 999
991 344 1107 397 999199

113 422 266 473 999999199
286 412 382 472 sidera
403 422 434 472 9ι
454 412 566 491 9911999
587 412 692 473 lumina
713 432 731 473 9
754 417 898 493 tenebris,
932 427 962 479 et
986 429 1108 497 propter

111 498 161 559 bas
178 514 283 557 causas
300 506 441 556 nocturno
457 506 589 575 tempore
608 497 706 557 delicit
720 497 796 559 luna.
825 503 891 560 stati
910 511 1003 562 autem
1018 512 1107 582 91999

110 582 247 641 menstrui
258 597 316 639 non
327 590 393 640 sunt
403 582 517 659 utrique
530 581 663 641 deiectus
675 591 797 671 9999199
809 582 1041 663 obliquitatem'
1017 590 1106 665 signi

91 666 163 725 sieri
178 666 322 743 lunaeque
336 665 526 741 multivagos,
542 674 572 725 ut
589 665 695 725 dictum
711 657 899 745 est,llexus,
916 686 1138 750 consumperat

1 781 5 800 ι
76 751 138 825 19
154 750 289 827 scripulis
305 750 426 827 partium
442 754 620 848 congruente
636 751 762 811 siderum
779 761 867 812 motu.

116 876 122 879 -
174 834 222 893 11.
240 831 303 912 (8.)
320 832 411 893 Η999
419 833 492 893 99119
512 834 642 896 mortalis
658 835 767 894 animos
789 835 946 897 subducit
938 854 966 895 ru
968 829 1149 913 99919949

111 936 146 977 99
161 916 243 977 uelut
261 917 326 976 inde
349 917 608 996 contemplantibus
627 920 712 978 trium
736 936 930 981 maxumarum
945 938 1041 980 rerum
1057 939 1106 981 nu·

111 1010 192 1061 turae
208 1002 330 1079 partium
347 1002 569 1077 magnitudinem
584 1002 708 1101 detegit..
720 1021 778 1062 nou
793 1013 895 1083 posset
909 1005 1018 1083 quippe
1029 1013 1107 1065 totus

78 1099 102 1141 ro
114 1080 163 1145 991
175 1084 258 1145 adimi
273 1085 358 1146 terris
374 1086 572 1145 intercedente
589 1085 677 1162 1999,
684 1088 708 1145 91
723 1096 802 1147 19999
820 1090 912 1153 maior
927 1096 1107 1188 9999199999

111 1170 187 1231 luna
213 1168 297 1228 tertia
324 1186 361 1228 ex
382 1178 506 1268 utroque
527 1170 646 1229 vastitas
668 1170 739 1229 solis
764 1172 914 1231 oculorum
931 1174 1107 1248 argumentis

110 1254 273 1331 aperietur,
300 1261 330 1311 91
352 1270 410 1311 999
430 1254 467 1312 911
489 1271 614 1312 9999999
636 1254 851 1331 amplitudinem
872 1257 935 1315 eius
957 1256 1107 1315 oculorum

110 1336 286 1415 argumentis
301 1346 387 1415 atque
403 1338 570 1397 coniectura
585 1338 669 1399 animi
685 1340 822 1398 scrutari:
852 1340 1010 1399 19999999
1028 1357 1106 1415 9999,
1116 1356 1152 1408 50

112 1423 178 1500 quia
194 1420 327 1481 arborum
351 1421 379 1482 in
395 1421 529 1483 limitibus
549 1430 749 1499 porrectarum
766 1423 794 1481 19
813 1422 957 1502 quotlibet
970 1440 1107 1501 passuum
1152 1494 1155 1500 ¹

77 1520 102 1561 ιι
111 1506 187 1567 milia
209 1504 324 1565 991999
343 1504 459 1582 paribus
479 1507 564 1565 iaciat
585 1504 745 1568 intervallis
764 1515 907 1586 tamquam
928 1516 991 1567 toto
1009 1509 1106 1587 spatio

110 1588 231 1663 medius,
249 1597 278 1647 et
294 1591 360 1667 quia
374 1607 428 1667 per
442 1590 654 1668 aequinoctium
670 1589 801 1649 omnibus
812 1592 840 1649 in
852 1591 1007 1651 meridiana
1018 1592 1106 1670 plaga

110 1671 302 1734 habitantibus
320 1674 402 1732 simul
418 1673 466 1733 liat
482 1692 498 1734 9
514 1675 642 1748 vertice,
660 1675 729 1733 item
747 1676 813 1751 quia
828 1677 906 1736 circa
922 1674 1106 1736 solstitialem

112 1756 250 1817 circulum
267 1755 452 1817 habitantium
475 1757 594 1820 meridie
615 1757 651 1817 ad
672 1759 899 1835 septentrionem
918 1758 1037 1819 umbrae
1058 1778 1105 1820 ca·

111 1840 194 1916 daut,
212 1849 276 1900 ortu
290 1856 361 1899 9999
379 1841 415 1901 ad
432 1848 584 1917 occasum,
606 1860 681 1920 quae
706 1840 770 1903 lieri
786 1843 865 1906 nullo
881 1845 968 1904 modo
983 1852 1106 1922 possent

76 1942 102 1983 99
112 1925 166 1983 9191
183 1924 271 1986 multo
295 1942 378 2003 quam
399 1933 477 1986 terra
491 1928 581 1991 maior
597 1933 695 2001 esset,
718 1943 774 1986 999
795 1928 873 2005 quod
887 1937 1013 1988 montem
1026 1928 1107 1989 ldaru

1 1998 3 2034 ⁵
113 2009 250 2069 exoriens
265 2008 412 2072 latitudine
430 2018 604 2088 exsuperet,
622 2009 724 2070 dextra
737 2010 879 2089 laevaque
896 2012 978 2089 large
995 2012 1105 2090 ample·

111 2102 212 2166 ctens,
231 2094 400 2169 praesertim
416 2101 492 2153 tanto
510 2094 652 2153 discretus
669 2094 832 2154 interuallo.
863 2094 1005 2154 Deiectus
1020 2095 1105 2155 19999
1114 2105 1149 2157 51

75 2224 83 2239 .
110 2176 333 2251 magnitudinem
350 2178 411 2237 9199
433 2177 499 2237 baut
520 2175 605 2235 dubia
622 2177 734 2235 ratione
752 2175 896 2249 declarat,
922 2178 995 2234 sicut
1009 2184 1106 2235 terrae

112 2260 284 2338 parvitatem
299 2260 361 2338 ipse
379 2260 528 2320 deficiens.
558 2253 689 2336 Namque
713 2276 776 2316 cum
800 2258 856 2315 sint
870 2266 930 2316 tres
945 2256 1107 2316 umbrarum

75 2344 241 2419 nogarae,
268 2353 453 2424 constetque,
480 2345 505 2403 si
527 2359 587 2422 999
601 2342 698 2401 199191
721 2342 758 2400 911
780 2342 898 2402 materia
920 2358 994 2420 quae
1010 2341 1106 2416 iaciat,

110 2426 240 2489 umbram
252 2426 399 2489 columnae
413 2427 511 2505 effigie
521 2426 577 2486 iaci
588 2439 644 2490 999
653 2425 764 2487 -habere
777 2426 878 2502 linem,
896 2428 1003 2486 sivero
1017 2426 1107 2485 99199

109 2512 232 2571 materia
248 2529 330 2590 quam
345 2511 450 2587 lumen,
466 2511 586 2570 turbinis
601 2512 685 2584 recti,
702 2512 780 2570 utsit
794 2513 878 2571 1999
891 2513 954 2571 9199
966 2511 1105 2588 augustis·

111 2596 214 2654 simum
230 2604 259 2654 et
270 2595 353 2654 simili
365 2595 450 2654 modo
460 2596 567 2655 inlinita
578 2593 737 2671 longitudo,
754 2596 778 2653 91
788 2596 880 2656 91999
891 2596 1009 2655 9919919
1022 2613 1106 2674 quaro

111 2679 173 2753 lux,
191 2687 286 2738 metae
303 2680 444 2738 exsistere
461 2678 588 2756 effigiem
603 2679 631 2737 19
648 2680 802 2739 cacuminis
816 2679 901 2738 linem
913 2679 1102 2751 desinentem,

75 2776 102 2817 ao
111 2762 256 2841 talemque
282 2764 361 2821 cerni
378 2763 504 2822 umbram
526 2761 678 2822 deliciante
696 2761 779 2838 luna,
809 2762 902 2841 palam
917 2761 964 2834 lrt,
985 2768 1016 2818 ut
1029 2759 1147 2838 nulla52

111 2845 236 2924 amplius
247 2846 422 2924 relinquatur·
433 2846 591 2920 dubitatio,
610 2846 740 2924 superari
760 2845 980 2922 magnitudinem
997 2850 1105 2918 terrae,

111 2928 142 2987 id
156 2928 269 3006 quidem
287 2938 316 2989 91
331 2931 425 2989 tacitis
440 2939 557 2989 naturae
575 2929 665 3005 ipsius
680 2929 803 2987 iudiciis.
831 2926 888 2986 Cur
905 2926 979 2985 enim
994 2925 1106 3002 partitis

110 3011 226 3070 vicibus
241 3014 306 3071 anni
323 3012 458 3073 brumalis
484 3012 616 3072 abscedit
642 3020 690 3070 aut
710 3012 834 3069 noctium
851 3010 996 3088 opacitate
1011 3018 1106 3069 199999

109 3092 228 3155 reiicit?
252 3094 413 3156 Exosturus
428 3097 494 3157 haut
509 3095 606 3169 dubie,
623 3103 652 3154 ct
667 3095 711 3153 sic
721 3110 837 3171 quoque
850 3111 974 3153 exurens
985 3092 1106 3172 quadam

72 3199 100 3240 as
110 3179 141 3237 19
156 3189 249 3257 parte.
266 3188 343 3240 tanta
357 3180 519 3257 magnitudo
537 3186 590 3238 est.

177 3262 226 3321 12.
243 3263 306 3343 (9.)
323 3263 360 3323 Et
383 3264 521 3322 rationem
545 3261 660 3341 quidem
684 3258 815 3319 delectus
836 3262 984 3339 utriusque
1000 3259 1147 3337 primus53
1242 3328 1245 3335 ,

108 3344 234 3405 Romani
249 3348 367 3422 generis
382 3347 411 3405 in
423 3347 540 3423 volgum
554 3346 654 3405 extulit
665 3343 809 3422 Sulpicius
821 3343 928 3419 Gallus,
945 3344 994 3420 qui
1006 3342 1106 3402 consul

111 3448 178 3491 cum
191 3428 230 3489 bl.
244 3428 385 3493 llarcello
403 3430 464 3509 luit,
481 3430 533 3491 sed
548 3438 604 3489 tum
619 3427 748 3489 tribunus
763 3428 892 3503 militum,
912 3426 1105 3489 sollicitudine
