2542 3842
174 179 233 243 tea
515 188 545 237 o
560 188 655 237 aurun
675 187 823 235 suenum

172 344 245 409 trice
266 359 323 402 non
341 342 508 419 solidescit,
537 359 593 404 neo
616 360 672 421 qua
695 339 845 401 cerebrum
865 348 913 401 sut
933 355 985 399 cor
1000 340 1173 419 involvitur,

173 428 255 507 plura
271 428 344 485 enim
359 426 584 486 membranarum
599 442 719 501 genera.

132 520 184 575 209
258 508 341 591 (84.)
366 508 489 571 Feminis
504 510 605 571 eadem
619 507 712 567 omnia
729 514 903 585 praeterque
917 508 1035 565 vesicae
1052 506 1172 566 iunctus

174 591 328 667 utriculos,
343 590 419 653 uude
434 590 526 655 dictus
541 601 650 653 uterus.
675 590 751 668 quod
767 588 823 649 ulio
837 590 952 648 nornine
965 590 1049 649 locos
1064 590 1172 669 appel·

173 676 242 753 lant,
262 675 318 735 boc
333 676 361 733 in
377 674 497 755 reliquis
513 674 679 735 animalibus
695 672 819 733 volvam.
847 670 929 731 llaec
943 673 1061 751 viperae
1081 681 1110 731 et
1126 674 1196 732 ius

174 770 217 819 tra
232 777 264 816 se
280 757 454 838 parientibus
476 758 603 835 duplex,
622 775 678 817 ova
691 758 889 835 generantium
903 749 1014 815 adnexa
1028 772 1170 838 praecor-

175 840 245 917 diis,
269 852 297 901 et
314 842 343 899 in
363 840 482 899 muliere
504 842 633 917 geminos
659 842 738 901 sinus
760 839 795 899 ab
810 848 930 918 utraque
945 848 1028 917 parte
1044 838 1172 899 laterum

133 925 287 1001 tlohabet,
305 923 442 999 lunebris‚
461 925 593 1001 quotiens
604 942 691 983 versa
704 924 831 1003 spiritum
846 921 970 981 inclusit.
988 922 1086 981 Boves
1101 940 1170 998 gra-

175 1010 256 1069 uidas
276 1014 381 1084 negant
401 1014 601 1084 praeterquam
621 1006 742 1067 dextero
758 1002 863 1068 uoluae
884 1005 945 1066 sinu
960 1005 1056 1079 ferre,
1081 1007 1172 1065 etiam

91 1090 92 1093 ’
177 1110 239 1150 cum
255 1090 383 1169 geminos
398 1088 501 1147 ierant.
531 1088 625 1149 Volva
646 1092 741 1150 eiecto
756 1098 840 1169 partu
856 1088 959 1149 melior
974 1107 1057 1174 quam
1076 1088 1170 1148 edito.
1180 1102 1204 1142 ao

176 1176 301 1235 eiectitia
317 1180 437 1231 vocatur
451 1170 512 1246 illa,
527 1171 601 1231 haec
615 1175 756 1251 porcaria.
778 1172 950 1252 primiparae
965 1173 1022 1231 suis
1039 1180 1171 1249 optuma,

178 1266 276 1319 eontra
291 1254 394 1316 edetis.
425 1272 442 1315 a
457 1262 550 1333 partu,
566 1266 767 1333 praeterquam
784 1253 886 1316 eodem
901 1255 947 1314 die
962 1256 1020 1313 suis
1037 1255 1172 1329 occisae,

134 1351 184 1403 211
196 1340 282 1401 livida
305 1356 340 1397 ac
360 1354 464 1397 maora.
503 1355 557 1396 neo
574 1338 751 1398 novellarum
766 1357 845 1399 suum
861 1346 978 1416 praeter
998 1336 1173 1415 primiparas

176 1422 329 1501 probatur,
350 1422 503 1499 potiusque
517 1427 663 1495 veterum,
683 1420 746 1480 dum
761 1441 797 1482 ue
814 1422 978 1495 edetamm,
999 1438 1055 1481 nec
1077 1418 1172 1480 biduo

178 1516 241 1567 ante
256 1514 368 1585 partum
384 1512 431 1562 aut
445 1512 512 1580 post
525 1510 637 1581 partum
651 1512 698 1562 aut
713 1521 769 1581 quo
785 1506 924 1564 eiecerint
938 1504 994 1563 die.
1025 1520 1172 1581 proxuma
1182 1515 1203 1555 1⁵

178 1588 213 1648 ab
227 1586 352 1647 eiectitla
369 1594 413 1645 est
429 1584 546 1643 occisae
561 1601 617 1643 uno
634 1584 680 1643 die
696 1596 762 1661 post
776 1596 893 1663 partum.
925 1586 1007 1645 huius
1023 1596 1052 1644 et
1067 1603 1173 1644 sumen

176 1679 330 1749 optumum,
347 1669 372 1725 si
385 1664 470 1726 modo
488 1666 564 1725 letus
579 1682 636 1725 non
652 1666 786 1726 hauserit.
813 1669 955 1727 eiectitiae
972 1668 1171 1728 deterrimum.
1245 1705 1246 1714 .

177 1752 281 1827 antiqui
296 1748 437 1809 abdomen
452 1748 597 1807 vocabant
611 1748 774 1826 priusquam
788 1748 922 1823 calleret,
937 1750 1070 1807 incientis
1088 1754 1172 1811 occi·

177 1834 245 1893 dere
262 1838 318 1889 non
333 1830 453 1890 adsueti.

127 1926 184 1979 valt
257 1914 340 1994 (85.)
371 1910 529 1990 Cornigera
549 1928 605 1972 una
625 1919 707 1991 parte
723 1909 843 1983 ,dentata
865 1924 894 1972 et
908 1932 982 1995 quae
997 1916 1025 1973 in
1041 1914 1202 1992 pedibusao

175 1998 250 2058 talos
264 1997 371 2057 babent
384 1996 455 2062 sebo
470 1998 672 2077 pinguescunt,
687 1994 796 2053 bisulca
807 1996 943 2056 scissisve
955 2000 983 2056 in
995 1997 1103 2074 digitos
1116 2019 1168 2079 pe·

176 2080 257 2141 dions
273 2090 303 2141 et
317 2093 374 2141 non
391 2082 543 2157 cornigera
559 2079 654 2157 adipe.
678 2087 831 2137 concretus
846 2078 891 2138 hic
907 2088 949 2154 et,
962 2100 1026 2141 curu
1041 2081 1167 2156 refrixit,

175 2161 301 2241 lraqilis,
321 2179 494 2244 semperque
509 2165 537 2221 in
553 2162 608 2221 line
625 2164 728 2222 carnis.
773 2168 870 2220 contre
891 2164 997 2241 pingue
1014 2166 1088 2223 inter
1104 2182 1166 2223 car·

175 2262 240 2306 nem
257 2259 408 2327 cutemque
425 2264 495 2306 suco
512 2244 659 2323 liquidum.
688 2243 834 2317 Quaedam
847 2262 904 2303 non
919 2248 1116 2324 pinguescunt,
1133 2254 1167 2302 ut

108 2348 110 2355 ⁴
176 2330 277 2408 lepus,
294 2330 405 2409 perdix.
451 2328 595 2389 steriliora
615 2336 717 2387 cuncta
739 2330 853 2406 pinguia
868 2336 898 2387 et
912 2328 941 2386 in·
955 2331 1077 2388 maribus
1091 2337 1117 2386 et
1130 2326 1198 2384 inas

133 2423 185 2477 tlt
196 2414 324 2487 leminis,
346 2420 557 2490 senescuntque
575 2411 699 2470 celerius
718 2411 914 2487 praepinguis.
958 2410 1090 2472 Omnibus
1104 2409 1165 2469 ani-

144 2490 147 2497 ’
174 2495 294 2555 malibus
310 2502 355 2551 est
370 2492 511 2573 quoddam
523 2494 553 2552 in
568 2492 660 2553 oculis
674 2492 791 2571 pingue.
806 2491 888 2571 adips
903 2497 1012 2553 cunctis
1026 2490 1088 2551 sine
1098 2510 1167 2550 sen-

176 2586 225 2655 sa,
244 2576 309 2651 qula
324 2592 380 2634 nec
394 2577 514 2636 arterias
525 2574 623 2647 'habet
643 2592 698 2633 nec
711 2591 811 2633 venas.
844 2575 992 2654 plerisque
1007 2574 1170 2635 animalium

176 2668 221 2719 cst
235 2658 402 2735 pinguitudo
419 2662 479 2718 sine
495 2674 597 2735 sensu,
621 2674 703 2740 quam
723 2656 761 2717 ob
785 2674 898 2718 causam
919 2675 987 2718 sues
1002 2658 1135 2737 spirantis
1151 2678 1170 2719 a

175 2739 300 2801 maribus
321 2741 436 2802 tradunt
456 2741 584 2802 adrosas.
616 2744 683 2820 quin
705 2750 734 2801 et
750 2738 781 2800 b.
800 2740 910 2818 Aproni
932 2741 1091 2801 consularis
1110 2744 1201 2802 viriao

175 2822 235 2882 blla
248 2824 399 2885 detractos
415 2824 515 2903 adipes
531 2825 713 2903 levatumque
731 2842 837 2905 corpus
850 2825 979 2885 inmobili
996 2843 1094 2884 onere.
1245 2819 1246 2828 ³

38 2925 42 2935 ¹
132 2914 185 2967 214
247 2908 331 2986 (86.)
354 2906 391 2966 llt
404 2908 529 2983 medulla
543 2926 581 2983 ex
595 2908 697 2968 eodem
713 2909 923 2985 videturesse,
947 2910 975 2967 in
990 2910 1106 2968 iuventa
1119 2925 1168 2967 ru·

175 2989 247 3050 beas
264 2999 293 3049 et
306 2991 336 3047 iu
352 2999 470 3050 senecta
483 2991 648 3051 albescens.
695 3009 753 3051 non
772 2994 826 3051 nisi
847 2994 925 3051 caris
945 2992 1018 3064 baec
1036 2990 1169 3068 ossibus,

176 3088 232 3131 nac
244 3071 374 3132 cruribus
393 3075 643 3134 tumeutomm‘aut
656 3092 772 3149 eanum,
793 3089 884 3153 quara
903 3076 995 3135 fraota
1015 3090 1073 3133 non
1087 3072 1170 3134 teru-

174 3154 327 3229 minantur,
353 3155 431 3233 quod
450 3156 594 3217 defluente
607 3159 706 3217 evenit
718 3154 850 3217 medulla.
880 3165 1035 3217 astantem
1049 3158 1205 3241 pinguisas
1245 3219 1247 3224 ,

174 3234 210 3295 ils
225 3234 328 3314 quibos
343 3236 441 3314 adips,
460 3238 567 3300 sebosa
586 3241 763 3315 cornigeris,
786 3256 910 3300 nervosa
926 3249 954 3299 et
966 3241 994 3299 in
1007 3241 1090 3320 spina
1106 3249 1170 3316 tan·

175 3324 232 3377 tom
246 3316 325 3378 dorsi
339 3333 407 3378 ossa
422 3334 479 3379 noa
492 3320 672 3396 habentibus,
685 3330 716 3379 ut
731 3323 850 3399 piscium
865 3326 975 3401 generi,
987 3325 1063 3383 ursis
1074 3324 1168 3402 nulla,

111 3423 117 3432 >·
176 3396 253 3458 leoni
280 3402 309 3459 lu
337 3401 470 3463 feminum
500 3412 536 3461 et·
558 3404 755 3463 bracchiorum
783 3404 897 3465 ossibus
925 3409 1025 3485 paucis
1057 3408 1168 3485 exigua
