2542 3842
156 142 215 205 164
503 148 532 197 o.
549 150 645 197 numu
658 148 808 198 ancones

153 309 199 369 dis
217 307 292 369 iaris
307 305 474 367 necessaria
495 302 692 383 dispensatio,
713 303 848 383 moniam
862 304 959 382 inopie
975 304 1034 365 eibi
1050 307 1158 387 despe-

153 399 216 452 rent
234 390 450 468 moriunturque
466 397 513 449 aut
535 386 700 465 diffugiunt,
720 396 822 448 contra
844 388 931 466 copia
951 389 1092 470 ignaviam
1108 392 1159 453 ad·

153 476 227 550 lert,
249 490 284 537 ac
303 475 358 535 iarn
376 472 480 549 melle,
495 482 553 532 non
568 472 715 548 erithace,
739 480 904 551 pascuntur.
938 490 1009 551 ergo
1034 474 1160 556 diligen-

153 560 244 621 tiores
276 576 314 619 ex
350 557 405 620 hac
437 556 581 617 vindemia
612 569 670 615 xv.
701 566 812 634 partem
842 555 946 635 apibus
982 557 1158 637 relinquent.

154 643 216 705 dies
233 650 323 703 status
338 640 536 717 inchoandae,
551 648 581 702 ut
597 640 720 719 quadarn
734 640 803 719 lege
818 649 956 716 naturae,
978 642 1005 703 si
1019 644 1094 702 scire
1110 654 1183 705 aute

154 726 312 789 obseruare
333 725 464 787 homines
492 724 618 799 vellent,
640 724 803 785 tricesimus
824 723 861 783 ab
884 725 990 785 educto
1015 729 1158 803 examine,

111 811 276 889 dilereqne
293 810 369 873 llaio
391 827 492 869 mense
513 806 668 870 includitur
682 808 755 869 haec
771 809 922 871 vindemia.
959 808 1091 871 Alterum
1105 831 1157 889 ge·

153 914 206 958 nun
220 894 374 957 estraellis
390 892 511 967 aestivi,
532 891 610 972 quod
632 892 701 953 ideo
716 903 837 953 vocatur
856 892 988 953 horaeon
1007 913 1025 955 a
1048 904 1157 975 tempe-

154 979 278 1041 stivitate
293 977 462 1059 praecipua,
478 977 543 1055 ipso
558 978 627 1037 sirio
641 976 906 1057 exsplendescente
922 987 989 1055 pest
1000 980 1158 1040 'solstitium

154 1063 257 1125 diebus
282 1063 399 1125 tricenis
425 1061 500 1136 iere.
532 1063 661 1122 inmensa
688 1062 766 1123 circa
786 1062 843 1123 hoc
870 1060 1014 1123 subtilitas
1038 1072 1156 1125 naturae
1167 1085 1191 1125 rc
1251 1093 1252 1122 r

153 1147 320 1229 mortalibus
337 1145 483 1226 patefacta
499 1155 554 1222 est,
570 1146 624 1205 nisi
646 1146 725 1208 lraus
743 1145 887 1209 hominnm
901 1155 1005 1208 cuncta
1025 1150 1157 1225 pernicie
1251 1145 1252 1184 l

111 1240 145 1296 at
155 1240 362 1312 corrumperet
400 1248 524 1309 namque
548 1227 584 1291 ab
608 1240 712 1292 exortu
735 1231 841 1291 sideris
860 1232 1082 1311 cuiuscumque,
1104 1233 1157 1302 sed
1251 1219 1252 1300 i

153 1316 289 1379 nobilium
308 1332 457 1391 mesurae,
475 1324 523 1377 aut
541 1313 678 1376 caelestis
693 1332 795 1390 arcus,
816 1316 841 1373 si
861 1331 921 1375 non
933 1326 1091 1395 sequantur
1106 1319 1157 1377 ina-
1251 1325 1252 1348 ³

151 1400 223 1463 bres
241 1400 293 1462 sed
315 1416 365 1461 ros
382 1408 516 1478 tepescat
533 1398 604 1459 solis
620 1399 725 1473 radiit,
747 1398 973 1474 medicamenta,
996 1417 1054 1460 non
1069 1400 1158 1461 rnella
1251 1395 1252 1458 ζ

91 1542 96 1553 ,
152 1486 323 1563 gignuntur,
341 1483 451 1558 oculis,
468 1480 614 1543 ulceribus
631 1482 808 1559 internisque
820 1484 981 1543 visceribus
996 1484 1072 1545 dona
1088 1503 1156 1545 cae·
1167 1503 1191 1544 se

152 1567 246 1631 lestia.
282 1567 407 1643 quodsi
430 1574 563 1625 servetur
589 1565 648 1631 hcc
668 1566 737 1625 sirio
760 1568 912 1627 exoriente
935 1585 1062 1646 casuque
1081 1586 1156 1629 con·
1251 1603 1252 1650 3

141 1660 235 1730 ,must
249 1652 277 1711 in
292 1651 413 1712 eundern
430 1648 515 1723 diem,
531 1658 561 1707 nt
575 1666 678 1727 saepe,
693 1648 817 1709 Veneris
835 1659 883 1709 aut
899 1648 976 1709 levis
990 1650 1157 1713 Mercurive
1251 1657 1252 1708 i

152 1741 281 1807 exortus,
297 1748 355 1793 nen
369 1732 425 1793 alia
440 1734 566 1809 suauitas
579 1732 683 1809 visque
698 1730 861 1805 mortalium
871 1732 954 1792 unalis
969 1746 1095 1797 arnorte
1107 1755 1156 1799 re·
1251 1715 1252 1754 ¹

151 1815 289 1877 vocandis
308 1833 391 1892 quarn
406 1814 492 1873 divini
508 1816 635 1874 nectaris
652 1815 711 1875 liat.

107 1912 142 1969 38
215 1900 263 1959 15.
288 1898 372 1977 (15.)
391 1896 451 1959 illel
466 1898 624 1977 plenilunio
640 1898 758 1961 uberius
773 1900 894 1978 capitur,
912 1917 1018 1959 serena
1030 1900 1076 1959 die
1092 1902 1192 1980 pin-ei

73 2014 77 2031 ι
149 1985 243 2061 guina
259 1974 563 2062 inomninrellequed
575 2000 674 2061 perse
686 1982 1161 2065 duxitutrnustumoleumque-

150 2068 314 2147 appellatur
330 2077 443 2129 acetum
457 2100 500 2113 -
514 2084 646 2130 maxume
668 2066 815 2131 laudabile
830 2076 885 2128 est.
910 2069 1053 2129 aestivum
1070 2089 1158 2133 omne

150 2153 281 2229 rutilum,
304 2162 334 2216 ut
351 2152 523 2213 siccioribus
540 2152 705 2221 conlectum
720 2152 832 2214 diebus.
864 2151 960 2214 album
978 2152 1037 2213 mel
1052 2171 1112 2215 nen
1125 2152 1157 2215 dt

149 2236 198 2297 ubi
220 2236 346 2312 thymum
371 2246 437 2312 est,
454 2238 507 2297 sed
526 2236 620 2298 oculis
640 2245 672 2298 et
692 2236 839 2298 ulceribus
857 2238 1036 2316 aptissimum
1054 2238 1152 2312 existi·
1251 2249 1252 2260 ¹

148 2331 241 2384 matur
255 2340 271 2381 e
287 2321 396 2395 thymo,
413 2320 523 2381 coleris
537 2321 629 2397 aurei,
645 2322 761 2399 saporis
772 2322 938 2399 gratissimi.
968 2321 1046 2400 quod
1058 2323 1090 2383 lit
1102 2340 1148 2401 pa·
1158 2336 1188 2379 2⁵

107 2406 206 2471 39larn
223 2404 340 2465 doliolis
356 2404 473 2481 pingue,
490 2406 601 2463 marino
618 2422 719 2465 erere
735 2406 868 2483 spissum.
898 2405 976 2484 quod
990 2407 1153 2467 concrescit

79 2492 82 2499 '
117 2521 119 2529 ι
150 2488 380 2557 auteru‘minume
395 2484 536 2550 laudatur.
568 2488 731 2563 thymosum
746 2506 805 2549 uon
827 2491 886 2549 coit
900 2498 929 2549 et
942 2499 1021 2550 tactu
1038 2499 1152 2567 praete·

148 2574 214 2637 uuis
230 2570 277 2631 iila
290 2570 391 2646 mittit,
416 2572 494 2648 quod
508 2573 627 2651 primurn
640 2573 794 2650 prauitatis
803 2582 1000 2651 argumentum
1012 2582 1067 2633 est.
1099 2570 1151 2631 ab·

149 2656 242 2734 rumpi
252 2657 347 2717 atatim
363 2663 393 2714 et
408 2655 523 2715 resilire
537 2664 632 2731 guttas
651 2656 769 2717 vilitatis
792 2657 926 2719 indicium
943 2657 1073 2721 habetur.
1104 2676 1153 2717 se·

149 2758 240 2820 quens
262 2739 395 2819 probatio
421 2748 451 2799 ut
474 2740 511 2799 sit
531 2739 682 2802 odoratum
704 2750 734 2799 et
761 2760 806 2803 ex·
823 2740 900 2801 dulci
919 2760 1006 2818 acre,
1026 2742 1151 2820 glutino·
1164 2758 1193 2799 ao

105 2836 221 2899 cesum,
237 2824 425 2903 perlucidum.
460 2824 570 2885 aestive
579 2825 746 2885 mellatione
758 2825 907 2893 decumam
920 2836 1033 2907 partem
1050 2824 1190 2909 Cassi&

148 2908 289 2985 Dionysio
307 2906 411 2986 apibus
435 2909 559 2987 relinqui
580 2909 695 2985 placet,
715 2910 740 2969 si
768 2909 875 2988 plenae
897 2910 1004 2971 luerint
1022 2911 1091 2973 alvi.
1130 2912 1155 2971 ei

148 2995 256 3069 rninus,
273 3009 326 3070 pro
341 3002 404 3055 rata
418 2994 554 3072 portione
574 3002 641 3068 aut,
664 2994 689 3053 si
705 2994 821 3070 inanes,
838 2992 951 3055 cinnino
970 3012 1028 3056 non
1040 2996 1152 3073 attingi.

148 3078 215 3142 huic
237 3076 397 3139 vindemiae
425 3076 514 3137 Attici
534 3078 646 3154 signum
666 3077 776 3140 dedere
799 3080 908 3160 initium
935 3079 1081 3157 caprifici,
1103 3078 1153 3140 alii

150 3162 225 3226 diem
239 3160 373 3221 Volcano
393 3178 516 3224 sacrum.
1163 3180 1193 3221 ae

105 3253 139 3307 lt
214 3245 261 3306 16.
291 3243 418 3305 Tertium
445 3263 538 3323 penus
565 3246 660 3307 anellis
683 3247 806 3307 mhrume
827 3247 978 3324 probatum
1003 3248 1152 3322 silvestre,

149 3328 226 3406 quod
242 3330 387 3389 ericaeum
402 3337 517 3389 nocant.
550 3329 720 3409 convehitur
735 3339 804 3408 post
823 3334 933 3407 primes
956 3332 1080 3392 autumni
1101 3332 1153 3391 im-

148 3411 225 3487 hris,
243 3428 306 3474 curn
321 3413 401 3470 erice
417 3411 481 3471 sola
503 3411 589 3471 ileret
607 3414 636 3471 in
651 3414 752 3490 silvis,
778 3414 815 3475 ob
833 3416 861 3475 id
882 3415 1027 3476 harenoso
1044 3415 1150 3477 simile.
