2542 3842
180 172 198 235 8
535 186 566 237 c.
586 188 685 235 ennu
705 188 880 239 sttcttrtDL

182 360 352 422 summaque
373 360 442 404 eura
460 361 496 403 ne
515 344 660 421 legendos
684 360 737 404 eus
752 343 881 408 haberes
896 364 1017 426 operam
1032 348 1109 409 dedi.
1143 350 1191 411 Tu·

181 446 235 505 per
253 428 309 489 hoc
328 436 357 486 et
374 428 438 487 aliis
454 428 618 507 praestabis
636 447 673 487 ue
690 429 855 507 perlegant,
872 432 927 493 sed
943 441 973 492 ut
993 435 1117 512 quisque
1134 435 1183 494 de·

181 510 322 573 siderabit
333 511 441 591 aliquid
454 514 482 573 id
494 524 601 575 tanturn
613 524 747 591 quaerat,
766 524 796 573 et
807 517 881 576 sciat
893 535 951 596 quo
964 516 1032 577 loco
1047 520 1183 579 inveniat.

181 594 245 657 Hou
268 605 334 657 ante
359 614 405 658 me
428 598 500 659 feeit
522 600 550 659 in
574 596 680 657 litteris
707 601 816 660 nestris
839 599 976 662 Valerius
997 604 1128 663 Soranus
1152 598 1186 663 'in

181 679 263 741 libris
282 698 356 760 quos
374 678 537 745 ἐπωτίδων
552 682 709 759 inscripsit.

581 874 786 889 ''⁹‘'···—-—-·-—-

441 991 476 1127 u.
511 1021 659 1106 nurui
692 1022 921 1107 suununr
1197 1129 1223 1169 w

292 1173 668 1273 uniuersis
710 1179 1075 1323 tri-suuntur
1156 1315 1162 1320 η

551 1345 751 1411 LIBER
795 1347 823 1409 Ι.

1196 1555 1224 1595 is

243 1619 330 1679 Libro
342 1618 378 1679 11.
398 1620 594 1679 eontinentur:
625 1620 677 1701 (1)
694 1620 740 1679 An
757 1620 852 1679 [initus
866 1618 987 1679 mundus
1002 1628 1032 1679 et
1046 1625 1183 1681 an'unus.

182 1705 232 1784 (2)
246 1704 282 1765 de
295 1704 387 1764 fornia
400 1705 473 1763 eius.
501 1702 553 1781 (3)
570 1704 607 1764 de
621 1716 710 1767 motu.
730 1723 782 1764 eur
792 1703 913 1763 mundus
924 1704 1045 1764 dicatur.
1071 1704 1123 1785 (4)
1137 1705 1184 1765 De

181 1789 356 1849 elementis„
378 1788 428 1868 (5)
447 1786 493 1847 De
508 1787 576 1847 duo.
609 1788 661 1868 (6)
678 1790 722 1849 De
743 1788 871 1849 siderum
892 1790 1047 1849 errantium
1070 1800 1182 1852 natura.
1250 1797 1251 1806 ’

182 1875 232 1952 (7)
252 1874 288 1933 de
300 1872 385 1933 lunae
399 1882 427 1933 et
445 1871 711 1934 solisdeieetibus.
737 1874 775 1933 de
791 1881 887 1933 noete.
919 1871 971 1953 (8)
989 1874 1027 1934 de
1042 1877 1183 1952 maguitu-

181 1960 247 2019 diue
265 1958 401 2017 siderum.
436 1956 487 2036 (0)
505 1974 580 2035 quae
603 1959 667 2036 quis
683 1957 826 2017 invenerit
842 1958 871 2015 iu
891 1956 1098 2032 obseruatione
1114 1978 1183 2021 eae·
1194 1979 1223 2019 nu

180 2042 257 2101 lesti.
281 2042 353 2121 (10)
367 2041 481 2120 quando
494 2050 645 2101 recurrant
656 2042 728 2101 solis
744 2050 775 2102 et
789 2041 874 2101 lunae
887 2041 1032 2103 defectus.
1055 2043 1128 2123 (11)
1144 2044 1184 2103 de

180 2127 264 2187 lunae
290 2134 378 2186 motu.
410 2124 482 2205 (12)
509 2124 672 2187 Errantiurn
697 2136 791 2187 motus
820 2135 849 2186 et
872 2125 1008 2186 luminum
1031 2128 1183 2188 mnuuina.
1249 2191 1250 2202 p

181 2211 246 2291 (13.
273 2212 326 2291 14)
352 2228 441 2291 quare
464 2210 567 2271 eadem
592 2201 695 2273 altiora
719 2210 862 2292 [aliasl‚
889 2210 962 2272 aiias
984 2213 1183 2291 propioravi-

180 2298 310 2357 deantur.
335 2296 407 2373 (15)
425 2295 569 2355 catholiea
585 2296 712 2356 siderum
727 2298 890 2357 errantium.
915 2296 987 2376 (16)
1010 2314 1086 2374 quae
1106 2296 1184 2355 ratio
1242 2358 1247 2365 ,

181 2381 300 2440 colores
315 2397 415 2439 eorum
437 2388 536 2438 mutet.
572 2379 645 2459 (17)
663 2381 734 2447 sniis
755 2390 858 2439 mutus.
889 2378 1220 2456 dieruuinaequali-ns

179 2465 246 2524 tatis
263 2466 345 2523 ratio.
379 2460 451 2548 (18)
468 2462 566 2535 Quare
590 2462 707 2523 iulnrina
730 2463 792 2522 luri
813 2464 1009 2541 adsignentur.
1045 2462 1118 2542 (19)
1136 2462 1182 2522 ln·

179 2547 301 2608 tervalia
316 2547 452 2607 siderum.
484 2546 556 2626 (20)
573 2546 610 2606 ds
628 2546 775 2607 sideribus
788 2550 907 2607 musica.
936 2548 1008 2628 (21)
1025 2548 1061 2608 de
1074 2547 1182 2607 mundo

142 2666 157 2697 z
180 2634 369 2709 geometrica.
406 2629 471 2709 (22.
489 2630 545 2710 23)
564 2630 609 2690 De
627 2633 788 2711 repentinis
805 2631 959 2692 sideribus.
991 2632 1180 2693 decernetis.

70 2718 75 2727 '
180 2726 278 2777 nutura
301 2726 330 2776 et
354 2717 425 2775 situs
441 2724 596 2792 etgenera
613 2734 723 2776 eurum.
758 2715 831 2795 (24)
847 2714 1031 2794 Hipparchea
1049 2716 1086 2777 de
1102 2714 1182 2775 side·

179 2800 478 2881 ribusffagnoseendis.
510 2799 582 2879 (25)
600 2800 645 2861 De
661 2799 839 2861 caelestibus
854 2800 996 2878 prodigiis
1012 2818 1067 2877 per
1082 2815 1182 2859 enem-
1193 2824 1221 2864 uo

180 2886 227 2963 plu
243 2886 390 2947 historica.
422 2884 516 2960 iaces,
533 2883 698 2963 lampades,
716 2885 843 2958 bolides,
874 2882 947 2964 (26)
963 2883 1064 2944 trabes
1081 2883 1182 2943 caele-

181 2976 251 3044 stes,
269 2971 385 3031 ebusina
402 2969 488 3030 caeli.
520 2968 592 3048 (27)
609 2969 655 3029 De
672 2969 747 3029 caeti
760 2968 919 3041 coloribus.
935 2968 972 3028 de
988 2967 1101 3029 damma
1113 2986 1183 3030 uae·

145 3086 149 3090 ·
180 3055 257 3113 lesti.
292 3053 358 3130 (28.
375 3054 431 3133 29)
450 3046 487 3114 de
504 3054 621 3113 coronis
644 3052 831 3113 caelestibus.
865 3052 902 3111 de
919 3052 1037 3112 circulis
1052 3053 1183 3131 repenti·

129 3210 140 3221 .
180 3139 233 3199 nis
262 3136 334 3217 (31)
352 3138 453 3197 Plures
468 3136 558 3198 soles.
587 3136 659 3217 (32)
677 3131 778 3216 plures
793 3136 888 3195 lunae.
916 3134 989 3215 (33)
1005 3137 1118 3197 dierum
1132 3136 1184 3197 lux

181 3221 324 3282 noctibus.
359 3220 430 3302 (34)
454 3222 541 3301 alipei
560 3223 707 3283 ardentes.
740 3220 812 3299 (36)
832 3228 975 3281 ostentum
996 3220 1072 3282 eueii
1089 3222 1221 3283 semeias

54 3350 56 3355 -
180 3315 315 3367 notatum.
348 3304 420 3384 (36)
437 3304 482 3363 De
498 3306 630 3366 disnursu
646 3306 804 3366 stellarum.
837 3303 910 3384 (37)
927 3305 974 3367 De
995 3304 1090 3365 stellis
1106 3324 1185 3384 quae

181 3389 320 3451 Castores
344 3397 494 3448 vocantur.
528 3389 600 3471 (38)
616 3390 661 3450 De
684 3408 754 3449 aere
770 3398 800 3448 et
817 3406 908 3467 quare
927 3387 1072 3467 lapidibus
1092 3390 1185 3469 pluat.

179 3474 348 3553 (te-ut)
366 3473 411 3535 De
430 3474 510 3533 statis
535 3473 755 3553 tempestatibus
785 3467 857 3561 (40.
875 3472 912 3535 de
935 3472 1086 3535 caniculae
1108 3484 1185 3535 ortu
