2542 3842
167 166 226 227 tto
516 172 545 220 o.
562 170 820 220 aurursucunor

123 342 173 396 111
233 329 319 407 (54.)
349 326 453 389 llarum
478 320 593 389 volatus
619 328 649 385 in
670 326 880 405 reputationem
908 334 1070 385 ceterarum
1096 340 1171 405 quo·

121 408 132 417 “
166 432 223 492 que
252 412 402 471 volucrum
426 411 548 490 inpellit.
599 408 649 471 38.
682 409 819 469 Omnibus
848 408 1016 469 animalibus
1046 409 1171 487 reliquis

167 506 264 557 certus
285 504 314 555 et
335 496 416 555 auius
437 495 514 555 modi
537 504 567 554 et
586 495 615 552 in
635 512 689 553 suo
711 496 814 572 cuique
834 510 945 570 genere
961 495 1092 552 incessus
1110 504 1170 569 est,

167 598 239 643 aves
260 580 342 643 solae
356 581 438 639 vario
453 587 550 640 meatu
569 580 701 639 feruntur
715 588 745 638 et
765 580 793 637 in
812 588 890 637 terra
911 587 941 636 et
961 594 1040 636 aere.
1070 576 1171 636 ambu-

167 666 226 725 lant
243 664 369 742 aliquae,
383 671 414 721 ut
430 664 575 737 cornices,
590 662 695 721 saliunt
710 662 796 736 aliae,
812 671 1013 739 ut=passeres‚
1029 662 1169 736 merulae,
1182 685 1198 725 o

168 756 301 823 canunt,
321 757 352 814 nt
378 746 530 825 perdices,
555 746 728 822 nocticolae,
746 753 812 805 ante
830 762 865 805 se
886 745 979 823 pedes
1000 746 1117 820 iaciunt,
1139 755 1172 804 ut

167 833 315 907 ciconiae,
344 848 441 907 grues.
481 830 648 909 expandunt
672 830 741 889 alas
753 832 974 908 pendentesque
994 846 1062 888 raro
1083 830 1169 887 inter·

168 916 246 975 vullo
263 915 401 993 quatiunt,
419 914 493 973 aliae
509 912 649 989 crebrius,
665 913 720 974 sed
735 922 764 972 et
778 913 883 992 primas
897 912 1043 972 dumtaxat
1057 915 1169 992 pinnas,

127 1000 261 1065 litaliae
277 1008 307 1059 ct
321 1007 380 1058 tota
395 997 488 1059 latera
503 998 647 1076 pandunt,
663 998 803 1075 quaedam
818 1013 889 1056 vero
907 998 1015 1055 maiore
1035 1014 1073 1055 ex
1088 1005 1170 1075 parte

168 1083 339 1161 conpressis
362 1081 477 1157 volant,
503 1098 705 1160 percussoque
728 1082 838 1157 semel,
864 1080 978 1161 aliquae
1002 1088 1032 1138 et
1054 1082 1169 1157 gemino
1180 1099 1209 1139 ro

168 1168 243 1242 iota,
265 1183 334 1225 aere
354 1165 500 1241 feruntur,
522 1175 552 1225 ut
574 1165 715 1226 inclusum
732 1182 797 1224 eum
812 1173 977 1243 prementes
995 1164 1172 1223 eiaculantur

168 1268 237 1323 seso
254 1251 282 1311 iu
301 1248 442 1324 sublime,
468 1250 497 1308 in
517 1258 643 1323 rectum,
665 1251 694 1308 in
710 1267 839 1327 pronum.
878 1249 987 1326 impingi
1010 1257 1097 1326 putes
1117 1247 1170 1306 ali·

169 1350 241 1413 quas
257 1342 305 1393 aut
318 1351 417 1393 rursus
432 1332 543 1407 ablabi,
560 1334 668 1393 cadere
678 1333 748 1408 bas,
763 1333 828 1392 illas
841 1332 939 1392 salire.
957 1341 1058 1391 anates
1074 1332 1168 1407 solae,
1261 1393 1262 1416 p

169 1435 301 1496 quaeque
317 1425 382 1477 aunt
401 1418 527 1477 eiusdem
542 1419 677 1496 generis,
695 1419 723 1477 in
738 1417 859 1476 sublime
881 1417 1012 1494 protinus
1030 1433 1099 1474 sese
1115 1416 1169 1476 tol·

169 1502 229 1561 lunt
243 1510 331 1577 atque
348 1518 365 1557 e
380 1500 505 1575 vestigio
520 1501 632 1560 caelum
652 1509 769 1578 petunt,
794 1509 823 1559 et
844 1500 901 1570 boc
922 1502 1007 1559 etiam
1030 1518 1068 1559 ex
1084 1516 1168 1578 aqua.
1181 1521 1209 1560 rs

168 1585 265 1661 itaque
288 1584 315 1639 in
335 1582 437 1643 loveas
459 1582 561 1660 quibus
584 1583 663 1643 ieras
680 1601 817 1643 venamur
837 1583 977 1660 delapsae
998 1584 1081 1643 solae
1102 1599 1170 1643 eva-

126 1677 178 1731 113
186 1668 263 1725 dunt.
293 1665 389 1725 voltur
406 1674 435 1724 et
450 1664 532 1725 ierac
552 1666 705 1741 graviores
719 1668 773 1726 nisi
789 1683 827 1723 ex
844 1682 986 1741 procursu
1002 1676 1049 1725 aut
1064 1667 1171 1727 altiore

169 1746 281 1809 cumulo
297 1748 431 1807 inmissae
446 1764 503 1807 non
520 1748 654 1822 evolant,
676 1740 766 1807 cauda
779 1756 925 1823 reguntur.
956 1748 1031 1807 aliae
1047 1753 1172 1809 circum·

168 1836 318 1906 spectum,
341 1828 417 1889 uliae
432 1829 549 1891 ilectunt
565 1831 652 1891 colla.
690 1849 746 1890 nec
767 1830 845 1889 ullae
862 1838 1017 1889 vescuntur
1037 1849 1072 1889 ea
1094 1851 1174 1909 quae

166 1928 292 1990 rapuere
316 1912 449 1989 pedibus.
486 1914 548 1973 sine
563 1932 639 1973 voce
660 1931 718 1974 non
734 1914 833 1974 volant
852 1914 975 1988 multae,
997 1924 1044 1974 aut
1066 1931 1210 1975 econ-no

168 1997 257 2057 trario
285 2014 402 2075 semper
428 1998 456 2055 in
482 1998 580 2057 volatu
608 1998 704 2071 silent.
741 1998 913 2073 subrectae,
942 2014 1069 2075 pronae,
1096 1998 1172 2059 obli·

170 2097 261 2159 quae,
279 2080 308 2151 in
323 2080 433 2155 latera,
450 2082 478 2141 iu
496 2098 557 2156 ora,
574 2083 714 2160 quaedam
729 2092 760 2142 et
773 2084 926 2160 resupinae
943 2082 1082 2157 feruntur,
1099 2090 1129 2141 ut
1144 2084 1170 2140 si

169 2165 278 2242 pariter
294 2174 447 2227 cernantur
462 2166 545 2243 plura
566 2185 694 2243 genera,
709 2186 767 2227 nou
785 2168 813 2225 in
831 2166 933 2226 eadem
947 2174 1048 2224 natura
1069 2182 1167 2225 meare

167 2248 328 2311 videantur.

127 2338 180 2395 114
234 2331 284 2393 39.
314 2332 397 2410 (55.)
425 2332 587 2394 Plururnum
606 2333 706 2394 volant
722 2351 796 2412 quae
818 2334 947 2411 apodes,
968 2334 1034 2412 quia
1053 2338 1206 2391 careantsa

168 2433 222 2475 usu
242 2414 364 2491 pedum,
388 2412 424 2473 ab
448 2414 511 2473 aliis
531 2416 648 2493 cypseli
661 2417 842 2495 appellantur
860 2416 1040 2476 birundinum
1055 2414 1167 2493 specie.

168 2496 312 2557 nidificant
334 2497 363 2555 in
384 2496 524 2575 scopulis.
567 2498 623 2559 hae
646 2509 710 2559 sunt
736 2506 810 2576 quae
828 2509 891 2560 toto
910 2502 981 2559 mari
1003 2507 1168 2572 cernuntur,
1261 2563 1262 2588 p

155 2596 224 2661 ‚nec
240 2596 372 2656 umquam
386 2589 443 2641 tam
465 2578 554 2657 longo
573 2600 662 2643 naves
682 2593 797 2659 tamque
819 2576 954 2643 continno
978 2589 1060 2643 cursu
1081 2597 1169 2638 rece-

168 2661 237 2722 dunt
251 2670 356 2725 aterra
368 2673 399 2723 ιι
413 2680 470 2725 non
486 2664 716 2725 circumvolitent
727 2683 778 2725 eas
793 2667 915 2743 apodes.
945 2677 1042 2726 cetera
1056 2680 1170 2741 genera
1261 2711 1262 2736 2

167 2745 312 2822 residunt,
329 2748 471 2807 insistunt.
502 2748 546 2811 his
563 2751 643 2826 quies
659 2751 759 2809 nisiin
773 2750 841 2809 nido
857 2750 945 2810 nulla.
978 2760 1025 2809 aut
1040 2748 1207 2828 pendentes
1261 2745 1262 2760 ¹

168 2836 217 2889 aut
230 2830 335 2892 iacent.

127 2919 177 2972 115
235 2912 318 2991 (56.)
346 2910 383 2975 Ει
397 2916 511 2992 ingenia
531 2920 623 2993 deque
640 2917 736 2993 varia,
753 2918 789 2977 ad
804 2927 916 2996 pastum
930 2933 1072 2977 maxume.
1117 2913 1168 2984 40.

169 2990 346 3075 caprimulgi
370 2999 552 3077 appellantur
576 3001 738 3077 grandioris
771 3002 900 3063 merulae
927 3000 1170 3078 adspectatores

168 3079 309 3140 nocturni.
341 3082 464 3148 interdiu
476 3085 550 3145 euim
563 3086 626 3143 visu
644 3090 753 3144 carent.
778 3088 885 3145 intrant
899 3093 1045 3163 pastorum
1056 3082 1170 3143 stabula

169 3178 378 3243 caprarumque
401 3164 538 3227 uberibus
559 3168 697 3230 advolant
715 3178 826 3229 suctum
846 3177 967 3246 propter
987 3168 1088 3242 lactis,
1113 3184 1208 3246 quaes

167 3243 268 3305 iniuria
295 3246 369 3307 uber
390 3251 525 3309 emoritur
549 3252 705 3329 caprisque
734 3253 859 3312 caecitas
882 3270 953 3331 quas
978 3251 1017 3310 ita
1041 3250 1172 3310 mulsere

168 3326 307 3391 oboritur.
338 3328 436 3399 Platea
457 3334 615 3393 nominatur
631 3334 770 3395 advolans
791 3334 827 3394 ad
843 3353 894 3410 eas
913 3352 989 3413 quae
1005 3352 1038 3393 se
1054 3334 1172 3394 inmari

167 3418 301 3489 mergunt
321 3421 349 3502 et
365 3414 458 3491 capita
474 3414 587 3489 illarum
603 3434 701 3479 morsu
717 3418 893 3496 conripieos,
909 3420 1005 3480 donec
1019 3428 1172 3497 capturam
