2542 3842
344 169 872 246 nau.n1sr.xnr.4—-t.(9-1t.)
1053 131 1115 232 aaa
1250 206 1253 273 p

21 377 24 414 ,
110 355 186 416 qnae
201 337 316 411 durum,
341 343 471 411 acutum,
500 335 649 414 spinosum
676 333 764 396 babet
791 331 959 409 oxycedros
982 345 1138 414 vocatur,
1251 334 1252 349 ¹

21 461 23 500 ,
54 441 56 446 ·
110 439 226 484 ramosa
242 430 271 481 et
292 419 376 480 nodis
396 419 501 480 infesta
523 419 614 479 altera
631 419 724 479 odore
738 426 900 496 praestans.
932 420 1056 480 tructam
1069 421 1113 481 fe·

21 547 23 574 2
110 516 175 567 runt
197 506 281 580 myrti
300 503 510 581 magnitudine,
539 503 654 564 dulcem
675 520 794 581 sapore.
832 501 871 561 Et
890 505 1007 563 maioris
1025 506 1157 573 ,cedrina
1251 544 1252 547 =

110 592 167 651 duo
182 606 302 667 genera.
330 607 406 667 quae
424 587 510 648 lloret
525 588 648 647 fructum
664 605 722 646 non
733 588 807 662 lert,
823 587 974 646 fructifera
990 605 1047 647 non
1061 588 1113 650 llo·

89 684 171 750 crat,
190 684 219 734 et
239 675 267 732 in
288 673 323 734 ea
348 672 569 734 antecedentem
590 672 715 732 fructum
730 680 856 749 occupat
877 687 980 730 novos.
1014 689 1115 732 seman

110 761 173 818 eius
191 773 333 836 cupresso
349 757 452 818 simile.
485 756 598 834 quidam
614 756 786 816 cedrelaten
800 765 915 815 vocant.
946 773 984 814 ex
999 757 1112 817 bacre·
1179 790 1184 805 ι

110 845 171 902 sina
187 841 390 902 laudatissima.
417 841 557 900 materiae
569 857 642 899 vcro
650 841 714 918 ipsi
729 841 900 915 aeternitas,
917 840 1014 918 itaque
1031 851 1061 900 et
1075 843 1113 900 si-

109 926 235 986 mulacra
251 925 371 984 deorum
389 941 427 984 ex
443 943 478 984 ea
495 924 710 984 lectitaverant.
748 923 882 983 cedrinus
898 932 944 983 est
960 923 1070 995 Romae
1085 926 1113 984 in
1165 932 1167 940 ’

109 1009 231 1070 delubro
247 1009 357 1088 Apollo
375 1009 514 1068 Sosianus
525 1007 662 1068 Seleucia
677 1007 837 1068 advectus..
856 1005 953 1067 Cedro
969 1009 1070 1070 sinrssis
1084 1011 1113 1068 in

72 1103 99 1144 1⁰
110 1093 236 1169 Arcadia
253 1091 303 1152 'est
325 1092 429 1167 arbor,
445 1093 473 1152 in
488 1092 613 1170 Phrygia
629 1093 728 1152 lrntex
741 1101 864 1152 vocatur
879 1092 996 1167 cedrps.

172 1179 201 1240 6.
226 1175 310 1256 (12.)
338 1177 421 1252 Syria
437 1186 465 1236 et
479 1175 672 1256 terebinthum
687 1175 784 1236 babet.
813 1194 852 1234 ex
865 1175 911 1236 bis
921 1178 1050 1239 mascula
1067 1187 1155 1244 est54

108 1265 171 1324 sine
186 1261 481 1337 fructu,=feminarum
501 1261 557 1340 duo
573 1266 697 1337 genera
725 1261 808 1320 alteri
824 1260 937 1329 fructus
950 1261 1036 1321 rubet
1052 1263 1112 1322 len·

109 1349 145 1406 tis
166 1346 377 1425 magnitudine,
405 1345 489 1404 alteri
517 1344 643 1423 pallidus
670 1363 735 1404 cum
759 1346 819 1405 vite
845 1347 1029 1421 maturescit,
1054 1363 1138 1407 non,

108 1429 246 1507 grandior
261 1430 343 1503 faba,
366 1428 458 1491 odore
473 1428 640 1504 iucundior,
659 1437 737 1489 tactu
751 1430 911 1488 resinosus.
940 1427 1025 1488 Circa
1040 1430 1111 1491 lden

73 1522 99 1563 ¹⁵
111 1514 232 1575 Troadis
249 1523 278 1574 et
292 1515 321 1573 iu
329 1512 500 1574 Macedonia
515 1512 613 1573 brevis
629 1512 718 1572 arbor
728 1512 803 1573 baec
816 1523 904 1590 atque
917 1513 1068 1590 fruticosa,
1083 1517 1113 1574 in
1201 1561 1208 1581 .

98 1598 252 1658 Damasco
269 1599 373 1673 Syriae
388 1597 499 1673 magnai
529 1597 713 1665 materiensi
729 1596 974 1657 admodnmlenta
989 1615 1027 1657 ac
1040 1599 1111 1658 bde-

108 1681 144 1742 lis
167 1682 202 1742 ad
223 1691 412 1756 vetustatem,
440 1681 513 1758 nigri
536 1681 719 1758 splendoris,
746 1680 801 1741 dos
822 1698 992 1741 racemosus
1013 1683 1111 1743 olivae

108 1767 215 1842 modo,
231 1765 285 1828 sed
303 1767 427 1840 rubens,
450 1765 520 1825 lolia
537 1764 636 1826 densa.
666 1765 724 1824 lert
739 1773 770 1824 et
790 1765 941 1826 iolliculos
956 1767 1111 1826 emittentis

109 1850 251 1950 quaedam
267 1850 398 1910 animalia
414 1867 468 1910 ceu
492 1849 603 1910 culices
619 1850 821 1927 lentoremque
837 1851 999 1909 resinosnm
1016 1852 1064 1929 qni
1081 1859 1111 1910 et

71 1944 98 1986 2⁰
109 1952 146 1994 ex
162 1936 272 1994 cortice
289 1934 420 2012 erumpit.
1228 1999 1233 2020 1

176 2017 261 2095 (13)
289 2016 327 2076 lit
348 2017 416 2076 rbus
438 2017 541 2089 Syriae
558 2016 687 2075 mascula
704 2016 762 2075 lert
782 2017 875 2075 sterili
890 2017 1012 2094 femina,
1034 2019 1106 2079 lolio
1119 2029 1153 2082 55

107 2099 177 2160 ulmi
192 2099 279 2178 paulo
296 2100 431 2175 longiore
448 2098 601 2176 etpiloso,
618 2098 754 2158 loliorum
770 2116 888 2176 semper
901 2101 977 2160 inter
992 2119 1024 2160 se
1042 2119 1109 2161 eon·
1225 2091 1237 2099 ”

108 2185 204 2244 trariis
216 2182 376 2260 pediculis,
389 2182 492 2259 gracili
507 2178 682 2258 brevique
664 2199 754 2242 ramo.
782 2183 878 2261 pelles
890 2185 1030 2245 candidae
1042 2203 1110 2244 con-

109 2267 242 2326 iiciuntur
258 2267 303 2326 iis.
332 2283 432 2326 seman
448 2266 518 2326 lenti
538 2266 631 2327 simile
647 2285 712 2326 cum
728 2285 782 2326 nra
798 2266 945 2343 rubescit,
964 2269 1042 2345 qnod
1057 2286 1109 2329 vo·

70 2361 98 2404 at
110 2360 190 2411 catur
204 2349 289 2425 rbus,
302 2350 518 2416 medicamentis
535 2352 742 2410 necessarium.

173 2437 205 2504 7.Ι
222 2433 305 2512 (14.)
327 2432 365 2494 lit
378 2433 516 2512 Aegypto
529 2434 616 2496 multa
628 2451 738 2512 genera
753 2452 828 2513 qnae
847 2453 904 2494 non
920 2435 1022 2511 aliubi,
1039 2445 1106 2497 ante
1117 2447 1152 2503 56

109 2519 204 2579 omnia
222 2519 292 2577 licus
310 2518 347 2578 ob
364 2517 392 2578 id
407 2519 554 2596 Aegyptia
568 2519 779 2596 cognominata.
811 2519 898 2602 arbor
914 2537 996 2578 moro
1008 2520 1109 2580 similis

107 2603 197 2678 folio,
214 2602 424 2680 magnitudine,
441 2603 600 2681 adspectu,
617 2619 733 2680 pomam
749 2619 806 2662 non
821 2605 909 2662 ramis
923 2604 975 2663 aed
988 2603 1108 2664 caudice

107 2687 166 2746 fert
180 2689 265 2763 ipso„
286 2687 373 2764 idque
390 2687 461 2746 licus
478 2696 523 2746 est
537 2687 703 2766 praedulcis
719 2688 782 2746 sine
798 2686 896 2762 granis
911 2687 1106 2765 interioribus,

71 2781 248 2848 superquam
264 2770 389 2830 fecundo
406 2769 574 2849 proventu,
588 2771 748 2848 scalpendo
763 2779 870 2830 tantum
883 2769 990 2830 ferreis
1007 2773 1107 2849 angni-

107 2852 173 2926 bus,
186 2853 269 2912 aliter
280 2870 337 2913 nou
349 2855 523 2918 maturescit.
541 2855 595 2914 sed
607 2872 670 2914 cnm
682 2853 739 2912 boc
749 2854 857 2913 iactum
868 2863 929 2931 est,
942 2863 1045 2932 quarto
1056 2857 1103 2915 die
1115 2863 1150 2920 ct

108 2936 261 2996 demetitur
277 2936 335 2996 alio
346 2935 539 2996 subnascente
547 2947 696 3016 ,septeno
711 2938 750 2996 ita
766 2954 920 2997 numerosa
934 2947 1036 3017 partu,
1053 2957 1107 3017 per

21 3007 22 3086 l
108 3019 237 3096 singulas
254 3028 381 3080 aestates
396 3019 485 3080 multo
501 3021 577 3080 laete
592 3021 763 3081 abundante.
789 3022 981 3097 subnascitur,
996 3024 1108 3082 etiamsi

21 3089 22 3130 l
107 3121 167 3166 non
177 3103 334 3182 scalpatur,
352 3103 428 3164 letus
439 3112 541 3204 qnater
552 3114 665 3166 aestate
680 3106 865 3184 prioremque
880 3066 1029 3184 expellit
1019 3123 1106 3166 rnma-

72 3205 98 3246 ιι
108 3198 211 3249 turum.
227 3188 363 3248 materies
375 3189 486 3267 proprii
496 3189 617 3264 generis
632 3190 708 3248 inter
721 3188 896 3249 utilissimas.
913 3208 1001 3250 caesa
1011 3192 1106 3250 statim

21 3337 23 3346 χ
109 3271 628 3348 stagnrsmergrtur—-bocesterus
604 3290 768 3348 srecarr-
777 3283 806 3333 et
815 3291 908 3350 pruno
916 3272 983 3333 sidrt
983 3283 1106 3353 ,postea

25 3411 29 3422 .
107 3355 221 3417 fluitare
242 3355 357 3434 incipit,
381 3364 523 3434 certoque
543 3373 607 3414 eam
623 3358 829 3433 sugitalienns
845 3373 928 3417 umor
951 3361 998 3435 qui
1020 3357 1105 3418 aliam

108 3455 220 3500 omnem
228 3440 311 3516 rigat.
325 3457 389 3502 cum
398 3440 526 3501 innatare
537 3443 875 3520 coeperit,tempestivae
885 3441 974 3502 babet
984 3443 1105 3521 signnm.
