2542 3842
141 129 202 190 254
429 148 433 155 ·
470 140 780 190 c.1>n1u1sncuun1

100 302 151 358 187
232 293 282 354 30.
302 291 444 352 Universa
459 310 532 352 vero
549 311 623 370 gens
637 293 776 353 Aetheria
792 291 939 371 appellata
954 301 1009 370 est,
1032 292 1137 355 deiude

138 376 282 451 Atlantia,
304 393 372 435 mox
393 376 548 437 aVolcani
569 377 627 436 tilio
647 376 793 455 Aethiope
814 375 979 454 Aethiopia.
1023 376 1137 438 Anima·
1244 393 1252 414 ²

140 460 208 519 lium
222 459 423 537 hominumque
433 460 624 519 monstrificas
636 459 752 536 effigies
768 460 846 518 circa
861 461 1063 519 extremitates·
1075 461 1138 520 cius

140 545 220 619 gigni
235 544 347 602 minime
365 545 469 612 mimm
488 544 591 602 artifici
605 543 641 602 ad
656 542 804 604 formanda
821 559 945 620 corpora
963 542 1138 621 effigiesque

141 626 295 686 caelandas
316 625 475 685 mobilitate
496 626 590 702 ignea.
638 626 733 684 lerunt
750 633 831 684 certe
853 625 889 684 ab
918 627 1036 685 orientis
1053 635 1161 704 partos
1269 667 1270 680 .

141 709 245 769 intuma
261 710 357 785 gentis
372 726 441 767 csse
456 709 518 767 sine
542 707 676 783 naribus,
696 708 812 786 aequali
826 709 914 767 totius
930 710 989 768 oris
1006 709 1137 786 planitie,

99 791 227 855 188alias
239 793 389 871 superiore
402 791 484 851 labro
496 791 595 867 orbas,
612 790 684 850 alias
697 792 758 849 sine
772 791 885 866 linguis.
909 809 977 869 pars
988 793 1074 853 etiam
1085 808 1138 852 ore

141 884 280 934 concreto
296 883 325 934 et
339 873 454 934 naribus
477 891 579 933 carens
600 890 657 932 uno
674 882 780 934 tantum
795 872 936 933 toramine
954 876 1062 953 spirat,
1084 891 1137 952 po·

139 967 256 1035 tumque
269 958 384 1018 calamis
399 975 510 1016 avenae
526 957 611 1017 trahit
624 965 655 1018 et
666 974 754 1032 grana
770 956 898 1016 eiusdem
909 975 1019 1017 avenae
1032 966 1137 1036 sponte

139 1042 343 1119 provenientis*
356 1040 393 1099 ad
413 1041 599 1100 vescendum.
645 1039 813 1118 quibusdam
828 1057 882 1116 pro
897 1057 1032 1100 sermone
1053 1050 1136 1100 nutus
1147 1061 1173 1103 ro

140 1134 291 1202 motusque
319 1123 514 1195 membrorum
540 1131 595 1182 est.
645 1123 814 1201 quibusdam
846 1131 912 1182 ante
940 1122 1138 1184 Ptolemaeum

91 1273 97 1280 ,
139 1206 291 1281 Lathyrum
312 1207 441 1284 Aegypti
458 1224 559 1282 regem
580 1207 695 1284 ignotus
714 1206 767 1265 luit
785 1223 853 1265 usus
869 1207 984 1282 ignium.
1022 1207 1138 1285 quidam

140 1299 170 1349 et
188 1290 397 1367 Pygmaeorum
416 1299 534 1366 gentem
554 1290 742 1367 prodiderunt
757 1289 831 1350 inter
853 1289 963 1366 paludis
979 1287 1018 1348 ex'
1034 1289 1137 1368 quibus

98 1373 237 1436 189Nilus
258 1374 391 1433 oriretur.
439 1371 472 1431 ln
491 1389 543 1432 ora
565 1382 660 1432 autem
682 1371 730 1432 ubi
754 1372 887 1431 desinunt
910 1373 1035 1432 continui
1057 1389 1136 1430 mon·

139 1465 186 1516 tes
204 1456 330 1515 ardentis
346 1456 456 1516 similes
467 1455 580 1516 rubent.
612 1453 789 1532 Trogodytis
807 1463 836 1513 et
846 1453 946 1514 Rubro
962 1455 1033 1520 mari
1046 1473 1063 1514 a
1076 1453 1135 1515 Me·
1147 1472 1173 1514 ra

138 1558 191 1600 roe
210 1547 318 1598 tractus
341 1539 433 1597 omnis
447 1539 667 1616 superponitur,
696 1555 713 1596 a
734 1537 845 1615 Napata
871 1537 956 1596 tridui
983 1539 1012 1599 in
1033 1538 1137 1597 itinere

140 1623 175 1682 ad
186 1620 314 1680 Rubrum
333 1620 401 1680 litus
419 1638 493 1699 aqua
512 1621 609 1698 pluvia
630 1621 666 1680 ad
688 1637 768 1680 nsum
791 1619 976 1698 conpluribus
989 1619 1064 1679 locis
1076 1637 1137 1678 scr·

140 1713 236 1776 vatur,
262 1702 440 1763 fertilissima
467 1705 588 1780 regione
617 1720 692 1781 quac
721 1705 842 1762 interest
874 1704 944 1762 artri.
990 1702 1138 1762 Ulteriora

141 1785 266 1845 Adabuli
285 1785 462 1863 Aethiopum
484 1804 558 1861 gens
578 1794 687 1846 tenent.
728 1785 795 1846 dein
815 1793 914 1845 contra
936 1784 1057 1844 Meroen
1077 1784 1136 1844 ble-

139 1867 270 1945 gabarri,
293 1886 365 1946 qnos
377 1869 465 1947 aliqui
478 1868 638 1928 Adiabaros
653 1869 854 1945 nominavere,
876 1869 1012 1946 oppidum
1029 1867 1172 1928 habentne

140 1950 294 2028 Apollinis.
328 1969 398 2028 pars
419 1968 518 2011 corum
538 1950 695 2027 Nomades,
716 1969 793 2030 quae
813 1951 977 2030 elephantis
997 1951 1137 2010 vescitur.

98 2033 202 2098 amita
223 2035 347 2094 adverso
362 2037 391 2094 in
402 2034 521 2096 Airioae
536 2043 618 2112 parte
638 2030 795 2110 Macrobii,
815 2052 914 2096 rursus
929 2032 1137 2110 allegabarris

139 2115 307 2177 Memnones
339 2127 380 2177 et
400 2118 504 2178 Dabeli
533 2117 701 2196 dierumque
731 2115 787 2176 XX
815 2117 974 2178 intervallo·
1002 2115 1135 2176 Critensi.
1214 2171 1221 2184 ,

139 2201 213 2262 ultra
236 2218 289 2260 eos
311 2201 424 2277 Dochi,
447 2200 550 2261 deinde
573 2198 729 2276 Gymnetes
750 2219 867 2279 semper
887 2201 970 2275 nudi,
993 2216 1061 2260 mox
1078 2199 1137 2259 An-

140 2284 236 2359 detae‚
259 2283 408 2357 Mothites,
428 2282 592 2359 llesaches,
612 2283 784 2362 lpsodorae,
806 2283 860 2343 atri
879 2285 987 2343 coloris
999 2291 1059 2342 tota
1072 2299 1173 2342 cor-25

139 2384 211 2445 pora
233 2366 348 2425 rubrica
374 2365 502 2425 inlinunt.
543 2373 572 2425 at
595 2383 633 2425 cx
653 2365 771 2425 Africae
794 2374 877 2443 parte
898 2365 1049 2439 Medimni,
1071 2364 1137 2424 dein

138 2448 285 2509 Nomades
314 2447 576 2524 cynocephalorum
597 2447 674 2507 lacte
695 2449 845 2523 viventes,
867 2448 968 2523 Alani,
990 2447 1136 2522 Syrbotae

99 2541 147 2595 191
156 2532 204 2608 qui
220 2539 355 2589 octonum
377 2529 537 2589 cubitorum
557 2548 624 2588 esse
644 2530 782 2589 dicuntur.
823 2531 1014 2590 Aristocreon
1028 2529 1137 2604 Libyae

140 2615 233 2674 latere
249 2628 265 2672 a
282 2611 385 2672 Meroe
400 2613 536 2690 oppidum
547 2612 652 2673 Tollen
668 2613 776 2673 dierum
787 2611 814 2671 V
824 2615 927 2673 itinere
946 2613 1041 2673 tradit.
1069 2610 1136 2671 inde

141 2696 250 2756 dierum
260 2694 431 2756 Xll.Desar
447 2696 585 2773 oppidum
605 2695 817 2773 Acgyptiorum
834 2698 882 2774 qui
899 2695 1135 2756 Psammetichum
1146 2712 1173 2756 ao

32 2848 36 2855 .
140 2779 274 2854 lugerint.
310 2780 339 2837 in
355 2797 392 2838 eo
410 2779 553 2857 prodente
570 2795 602 2838 se
618 2774 694 2837 CCC
715 2778 871 2839 habitasse.
902 2778 1002 2838 contra
1021 2778 1048 2836 in
1065 2777 1136 2837 Ana·

140 2861 210 2920 bico
230 2861 321 2921 latere
336 2861 434 2921 Daron
451 2862 587 2940 oppidum
608 2879 676 2920 esse
695 2879 805 2921 eorum.
840 2862 911 2922 Bion
928 2870 1022 2923 autern
1038 2861 1137 2938 Sapen

140 2953 226 3003 vocat
242 2945 320 3022 qnod
339 2944 389 3005 ille
411 2944 521 3019 Desar,
550 2953 579 3004 et
598 2946 664 3023 ipso
686 2946 800 3005 nomine
822 2945 947 3004 advenas
970 2945 1008 3004 ait
1030 2942 1136 3018 signiti-

142 3024 209 3086 cari.
251 3035 336 3105 capot
353 3044 453 3087 eorum
474 3028 609 3086 ininsula
625 3027 823 3101 Sembobitin,
847 3027 1009 3086 et-tertium
1023 3026 1053 3084 io
1065 3023 1136 3084 Ara·

141 3109 188 3167 bia
204 3109 293 3189 sinat.
336 3110 410 3168 inter
426 3112 530 3169 montis
552 3119 646 3170 antem
670 3117 698 3168 et
715 3107 809 3168 Nilum
824 3107 962 3168 Simbarri
983 3116 1062 3182 sunt,
1083 3107 1171 3166 Pri-aa

141 3191 263 3266 lngges,
289 3192 318 3249 in
339 3192 410 3270 ipsis
428 3209 502 3252 vero
523 3191 667 3252 montibus
687 3191 822 3250 Asachae
844 3191 939 3250 multis
962 3188 1132 3251 nationibus.

142 3273 247 3332 abesse
269 3290 286 3333 a
306 3275 376 3332 mari
393 3274 523 3334 dicuntur
538 3276 647 3335 dierum
661 3272 688 3332 V
701 3274 813 3333 itinere.
846 3274 945 3332 vivont
967 3269 1146 3348 elephanto·-

100 3361 219 3416 19arum
237 3363 353 3416 venatu.
389 3353 484 3418 Insula
505 3357 533 3416 in
554 3357 621 3417 Nilo
641 3355 879 3449 Semlpemitarum
901 3353 1019 3430 reginae
1041 3358 1132 3430 paret.

991 3671 1014 3704 1
