2542 3842
175 215 233 277 132
517 224 546 273 o.
564 224 660 271 enini
678 220 826 269 saccum

171 399 229 445 non
243 383 306 441 sine
323 379 455 458 periculo
470 378 678 453 navigantium,
701 394 765 437 com
779 374 1051 455 adpropinquavere
1073 376 1171 438 terris.

172 468 279 545 quippe
301 464 375 525 reiis
390 480 480 540 saepe
499 462 635 535 incidunt,
651 469 682 519 et
696 461 753 520 hoc
767 477 885 537 semper
906 467 1003 534 noctu,
1023 469 1171 537 mergunt·

129 560 228 629 toque
249 548 371 624 navigia.
400 550 456 607 iter
473 555 517 607 est
537 545 581 605 his
596 562 650 623 per
663 543 790 621 hospitia
806 552 897 605 certa.
929 552 1027 602 austro
1042 559 1100 604 uon
1117 560 1170 602 vo-

171 634 240 713 lant,
257 632 352 691 umido
373 630 487 693 scilicet
502 626 533 689 et
549 630 685 705 graviore
705 637 803 687 vento.
834 645 904 689 aura
924 636 1019 687 tamen
1037 626 1105 686 vehi
1118 644 1171 686 vo·

172 717 369 793 lantpropter
389 714 502 792 pondre
524 729 680 789 corporum
694 712 823 789 virisque
840 728 955 789 parvas.
978 710 1045 771 hinc
1069 710 1192 773 volan-s

170 802 238 861 tium
253 798 304 861 iila
322 799 494 875 conquestio
506 796 608 857 labore
624 813 776 872 expressa.
799 794 934 873 aquilone
951 813 1023 872 ergo
1039 814 1170 857 maxume

170 883 268 943 volant
288 889 486 957 ortygometra
507 880 591 939 duce.
629 880 748 955 primam
774 897 871 938 earum
892 888 988 937 terrae
1014 879 1169 959 adpropin-
1187 901 1200 910 ··

170 976 303 1045 quantem
324 966 466 1043 accipiter
487 965 571 1042 rapit.
602 980 719 1040 semper
736 962 804 1024 hinc
824 971 987 1023 remeantes
1005 965 1169 1023 comitatum

170 1050 336 1123 sollicitant,
355 1048 519 1125 abeuntque
535 1064 590 1107 um
604 1064 763 1125 persuasae
775 1046 876 1125 glottis
892 1055 921 1105 et
934 1056 999 1106 otus
1009 1056 1040 1105 et
1049 1048 1168 1124 cychra·

127 1142 238 1198 67mus.
268 1133 368 1210 glottis
389 1132 578 1210 praelongam
601 1132 713 1191 exserit
735 1130 878 1207 linguam,
904 1130 979 1191 unde
1000 1133 1029 1191 ei
1053 1148 1166 1195 nomen
1179 1154 1204 1193 m

168 1218 242 1279 banc
258 1218 336 1277 initio
348 1215 475 1277 blandita
490 1216 725 1295 peregrinatione
739 1215 823 1275 avide
838 1214 1002 1294 proiectam
1019 1218 1167 1295 paeniten-

167 1303 208 1363 tia
220 1303 248 1361 in
258 1300 357 1361 volatu
366 1318 430 1363 cum
438 1299 540 1361 labore
549 1298 758 1372 scilieetsnhit‚
768 1300 877 1358 reverti
888 1300 1168 1380 incomitatampiget

169 1395 198 1445 et
211 1385 313 1462 sequi,
331 1392 388 1469 pec
405 1401 539 1463 umquam
560 1382 625 1460 plus
648 1382 768 1443 uno-die
783 1384 891 1461 pergit,
913 1383 943 1443 ia
959 1401 1100 1461 proxumo
1115 1385 1166 1446 ho·
1259 1383 1260 1386 ’

169 1470 255 1545 spitio
280 1468 399 1527 deserit.
430 1484 530 1527 verum
553 1465 695 1529 inuenitur
725 1466 783 1525 alia
808 1468 1000 1548 antecedente
1025 1486 1098 1529 anno
1122 1486 1167 1527 re-

126 1552 233 1616 oehcta
250 1550 334 1609 simili
348 1550 479 1632 modotin
495 1550 626 1625 singulos
644 1548 716 1607 dies.
746 1550 917 1623 cychramus
932 1554 1168 1627 perseverantior
1180 1573 1205 1613 m
1258 1563 1261 1576 ’

166 1634 283 1695 festinat
310 1634 395 1693 etiam
422 1634 577 1709 pervenire
607 1632 644 1693 ad
675 1634 820 1708 expetitas
847 1632 903 1691 sibi
929 1643 1031 1696 terras.
1069 1638 1167 1715 itaque

167 1714 296 1779 noctuis
313 1732 364 1773 eas
377 1714 488 1795 excitat
502 1714 696 1793 admonetque
712 1715 832 1774 itineris.
863 1724 928 1776 otus
941 1715 1059 1778 bubone
1074 1722 1168 1783 minor

167 1806 221 1871 est,
240 1798 353 1857 noctuis
366 1798 468 1872 maior,
484 1796 600 1859 auribus
616 1798 739 1875 plumeis
761 1796 962 1873 eminentibus,
980 1801 1055 1862 unde
1072 1812 1101 1862 et
1116 1821 1168 1864 no·

166 1898 232 1941 meo
246 1880 289 1941 illi
303 1912 346 1925 -·
362 1880 477 1958 quidam
495 1880 594 1941 Latine
618 1881 754 1942 axionem
768 1890 872 1944 vocant
886 1915 928 1925 -
939 1881 1075 1944 imitatrix
1093 1886 1171 1947 alias

165 1966 226 2025 avis
246 1982 280 2027 ac
302 1964 428 2043 parasita
447 1974 478 2027 et
505 1964 627 2043 quodam
648 1982 759 2041 genere
787 1966 927 2027 saltatrix,
962 1968 1074 2047 capitur
1096 1968 1204 2031 hautun

165 2048 321 2111 difficulter
335 2059 365 2111 ut
387 2059 521 2123 noctuae,
537 2048 673 2111 intentam
694 2049 722 2110 in
739 2050 864 2128 aliquem
885 2051 1079 2126 circumeunte
1097 2054 1165 2114 alio.

125 2131 253 2205 mocon
276 2135 300 2193 si
317 2143 420 2196 venus
443 2152 546 2215 agmen
567 2132 694 2195 adverso
713 2132 782 2195 datu
805 2135 904 2213 coepit
924 2134 1072 2212 inhibere,
1094 2156 1164 2217 pon·

168 2214 296 2277 dusculis
314 2218 449 2297 'lapidum
476 2217 666 2294 adprehensis
698 2228 746 2277 ant
769 2227 883 2295 gutture
907 2218 1014 2279 harena
1048 2222 1162 2301 repleto

137 2356 140 2363 .
165 2300 309 2361 stabilitae
325 2302 432 2361 volant
471 2298 673 2363 coturnicibus
687 2304 791 2363 veneni
805 2320 907 2363 semen
925 2304 1105 2381 gratissimus
1123 2303 1160 2361 ci-

164 2382 228 2457 bus,
244 2401 332 2461 quam
354 2383 390 2443 ob
408 2400 523 2443 causam
542 2403 592 2445 eas
608 2384 782 2447 damnavere
795 2405 926 2463 mensae,
950 2387 1092 2466 simulque
1113 2404 1200 2452 cta-2⁵
1222 2383 1229 2393 ’

163 2466 298 2527 mitialem
314 2474 436 2550 propter
457 2466 588 2529 morbum
615 2468 717 2547 despui
743 2480 870 2546 suetum,
897 2488 982 2548 quem
1003 2472 1085 2533 solae
1104 2472 1162 2533 ani·

164 2548 277 2609 melium
293 2551 419 2611 sentimt
436 2560 554 2627 praeter
567 2551 721 2613 hominem.

122 2638 156 2693 ‘io
224 2630 274 2691 24.
293 2630 377 2713 (34.)
402 2633 516 2695 Abeunt
536 2643 564 2692 et
587 2634 753 2697 hirundines
774 2636 903 2705 hibernis
919 2638 1081 2713 mensibus,
1096 2638 1165 2720 sola

165 2727 254 2773 carae
267 2720 469 2779 vescensavis
485 2736 522 2777 ex
538 2719 573 2779 iis
590 2736 666 2795 quae
687 2719 815 2781 aduncos
839 2723 941 2797 unguis
966 2741 1023 2784 non
1045 2720 1161 2784 hahent

40 2838 66 2881 sl
163 2797 216 2857 sed
233 2799 261 2857 in
276 2802 369 2861 vicina
396 2802 502 2864 abeunt
519 2803 634 2883 apricos
657 2813 777 2866 secutae
788 2807 930 2869 montium
944 2825 1101 2881 recessus,
1121 2807 1160 2867 in·
1171 2822 1198 2863 so

162 2890 324 2960 rentaeque
351 2886 404 2945 iam
426 2895 490 2947 sunt
516 2884 556 2945 ihi
581 2887 675 2949 nudae
690 2897 777 2967 atque
792 2888 955 2966 deplumcs.
998 2889 1162 2954 Thebarum
1259 2887 1260 2890 '

161 2974 237 3025 tecta
250 2966 346 3027 subire
364 2980 514 3047 negantur,
527 2973 661 3050 quoniam
672 2972 741 3032 urbs
754 2972 805 3033 ilia
818 2975 935 3053 saepius
949 2983 1033 3054 capta
1045 2974 1093 3049 sit,
1106 2994 1160 3035 nec

25 3120 30 3132 Ι
121 3054 152 3111 71
161 3048 263 3123 Bizpes
279 3051 306 3109 in
328 3050 452 3113 Threcia
471 3063 591 3135 propter
606 3056 721 3120 scelera
743 3056 840 3116 Terei.
880 3055 1004 3122 Caecina
1024 3058 1158 3120 Volater-

161 3150 245 3193 ranos
266 3137 408 3210 equestris
436 3136 543 3201 ordinis
565 3140 766 3217 quadrigarum
782 3141 919 3204 dominus
941 3142 1159 3220 conprehensas

161 3216 189 3275 in
204 3214 304 3275 urbem
326 3235 424 3279 secum
449 3222 583 3281 auferens
606 3224 745 3283 victoriae
774 3227 885 3288 nuntias
908 3227 1007 3287 amicis
1026 3228 1158 3289 mittebat
1168 3249 1197 3289 as

160 3298 189 3355 in
209 3300 329 3360 eundem
351 3301 444 3363 nidum
467 3306 619 3365 remeantis
642 3306 724 3367 inlito
749 3309 888 3368 victorIae
910 3310 1021 3372 colore.
1061 3311 1159 3374 Tradh

160 3388 190 3437 et
204 3378 309 3441 Fabius
331 3382 426 3443 Pictor
446 3388 475 3445 in
490 3388 638 3447 annalibus
657 3391 733 3465 suis,
758 3410 820 3451 cum
844 3392 1025 3455 obsideretur
1044 3396 1157 3477 massi

159 3460 234 3519 dium
249 3462 405 3525 Romanum
427 3486 441 3527 a
469 3466 622 3547 Ligustinis
642 3471 820 3535 hirundinem
840 3476 957 3555 apullia
975 3478 1010 3539 ad
1028 3498 1060 3538 se
1076 3480 1157 3539 adla-
