2542 3842
319 201 399 255 unu.
415 170 507 251 nien.
523 202 560 251 11.
584 184 868 276 re-as.(1e-ar.)
973 180 983 187 ”
1072 193 1110 258 81

112 356 208 501 poclm
224 355 307 431 signa
321 354 510 434 triplicatum,
534 356 562 415 in
578 375 634 436 qua
652 351 793 419 sententia
808 367 839 419 et
852 358 952 421 Gallus
968 361 1114 440 Sulpicius

127 441 165 503 uit
179 447 291 499 noster.

172 521 223 583 22.
238 519 323 600 (20.)
336 520 396 581 Sed
410 519 589 599 Pythagoras
605 523 746 583 interdum
760 540 799 583 ex
813 526 922 585 musica
935 528 1048 588 ratione
1062 546 1156 608 apsa

115 605 206 686 pellat
222 613 321 665 tonum
337 612 470 684 quantum
485 606 559 665 absit
574 624 590 665 a
605 613 683 665 terra
699 606 775 681 luna,
792 606 828 667 ab
844 626 879 669 ea
894 608 930 669 ad
941 607 1113 672 Mercurium

93 688 260 751 sdimidium
276 688 339 747 eius
355 688 447 764 spati,
475 696 503 747 ct
518 686 554 748 ab
572 705 608 752 co
626 688 663 748 ad
677 688 804 749 Veneris
818 689 883 749 iere
899 694 1080 771 tantundem,
1096 713 1113 755 a

114 789 172 852 quo
195 771 231 833 ad
255 770 348 831 solem
366 770 547 848 sescuplum,
570 770 668 831 asole
688 772 725 832 ad
746 770 866 833 Martem
883 776 1045 849 tonum,.id
1068 787 1112 839 est

114 863 249 935 qnantum
267 854 303 915 ud
320 853 414 917 lunam
432 862 558 929 aterna,
580 852 617 914 ab
635 870 672 913 ec
687 854 724 915 ad
738 855 837 916 lovem
852 856 1014 931 dimidium,
1031 867 1062 918 et
1076 860 1112 920 ab

88 955 151 997 ·eo
172 937 209 999 ad
230 936 345 997 Saturni
366 935 526 1012 dimidium,
550 946 579 997 et
598 937 663 997 inde
687 939 854 1015 sescuplum
876 940 913 1000 ad
933 940 1111 1016 signiferum.

113 1022 151 1081 ita
174 1028 289 1098 septem
310 1027 396 1080 tonos
419 1019 514 1094 ellici,
539 1038 624 1099 quam
641 1019 782 1099 diapason
801 1023 977 1084 harmoniam
996 1033 1112 1099 vocant,

82 1122 105 1163 ιι
115 1103 174 1164 lroc
189 1112 233 1162 est
248 1102 464 1163 universitatem
481 1110 648 1164 concentus.
674 1104 704 1162 in
725 1122 761 1164 ea
778 1107 929 1165 Saturnum
946 1106 1037 1165 llorio
1051 1125 1112 1166 mo-

114 1186 177 1247 ueri
193 1185 353 1264 phthongo,
371 1184 471 1245 lovem
485 1182 621 1261 Phrygio,
638 1195 669 1245 et
683 1187 712 1245 in
725 1187 846 1267 reliquis
860 1188 973 1263 similia,
991 1189 1112 1250 iucunda

113 1270 206 1345 magis
222 1286 307 1347 quarn
322 1268 490 1327 necessaria
506 1266 671 1328 subtilitate.

176 1350 228 1411 23.
249 1350 334 1429 (21.)
352 1350 480 1411 Stadium
498 1358 612 1411 centum
628 1350 869 1432 vigintiquinque
890 1362 1007 1413 nostros
1021 1354 1154 1425 elicitus

115 1452 236 1513 passus,
259 1434 317 1495 boc
331 1441 376 1493 est
392 1433 655 1511 pedessexcentos
670 1435 917 1515 vigintiquinque.
941 1436 1112 1499 Posidonius

81 1536 171 1579 acuon
187 1518 281 1577 minus
298 1516 485 1595 qnadraginta
507 1516 664 1577 stadiorum
684 1527 793 1579 aterna
807 1518 983 1579 altitudinem
1001 1522 1112 1582 esseio

114 1620 170 1681 qua
186 1599 284 1661 nubila
302 1618 337 1659 ac
352 1599 430 1659 venti
445 1598 597 1678 nubesque
615 1602 802 1678 proveniant,
825 1602 892 1662 iude
913 1620 1015 1680 purum
1028 1603 1111 1682 liqui·

115 1685 240 1762 dumque
256 1690 286 1742 et
300 1681 515 1759 inperturbatae
531 1682 604 1743 lucis
621 1700 706 1758 aera,
734 1683 789 1743 sed
804 1702 820 1745 a
837 1684 951 1745 turbido
966 1685 1003 1745 ad
1018 1677 1111 1747 lunam

114 1769 228 1827 viciens
252 1774 365 1827 centum
382 1765 459 1825 milia
481 1765 653 1841 stadiorum,
675 1766 742 1828 inde
762 1767 802 1837 ad
824 1766 917 1827 solem
938 1769 1111 1849 quinquiens

115 1850 243 1925 miliens,
265 1857 294 1909 et
316 1849 410 1927 spatio
431 1847 495 1907 lieri
516 1857 546 1908 ut
568 1857 624 1908 tarn
648 1849 775 1912 inmensa
793 1851 855 1913 etus
875 1852 1038 1928 magnitudo
1053 1869 1110 1911 uon
1186 1869 1189 1875 ·

82 1946 106 1988 ιι
117 1940 219 1993 exurat
244 1941 345 1992 terras.
373 1930 464 2009 pluris
487 1939 582 1991 autem
601 1931 686 1992 nubis
709 1935 864 2009 nongentis
885 1934 1110 1995 multitudinem

115 2015 212 2075 subire
229 2014 426 2093 prodiderunt.
453 2012 628 2091 lnconperta
653 2015 727 2077 baec
752 2025 782 2077 ct
802 2017 1028 2091 inextricabilia,
1056 2018 1109 2077 sed

115 2098 283 2177 prodenda,
310 2098 375 2177 quia
396 2104 460 2157 sunt
478 2097 608 2176 prodita,
632 2098 661 2155 in
681 2100 746 2175 quis
761 2107 855 2157 tamen
874 2116 930 2158 una
950 2100 1023 2158 ratio
1039 2117 1109 2175 geo·

114 2182 253 2240 metricae
270 2180 453 2241 collectionis
473 2197 624 2255 numquam
639 2179 753 2238 fallacis
775 2181 867 2255 possit
881 2196 938 2237 non
951 2181 1108 2254 repudiari,

115 2265 140 2323 si
161 2264 208 2323 cai
229 2262 319 2324 libeat
341 2264 425 2323 altius
446 2264 500 2323 ista
522 2261 677 2338 persequi,
699 2278 755 2319 nec
776 2268 806 2317 nt
825 2278 958 2320 mensura
976 2259 1021 2335 (id
1036 2261 1111 2319 enim

79 2356 105 2398 rt
116 2345 194 2407 velle
211 2363 305 2424 paene
321 2344 460 2409 dementis
478 2345 517 2405 oti
533 2344 604 2422 est),
623 2341 677 2403 sed
691 2351 721 2403 ut
734 2351 840 2403 tantum
852 2343 1024 2405 aestumatio
1041 2360 1109 2403 con·

114 2430 241 2491 iectandi
257 2437 371 2497 constet
387 2428 491 2491 ammo.
517 2426 590 2488 Nam
606 2442 671 2485 curn
684 2427 822 2487 trecentis
836 2427 987 2504 sexaginta
1002 2435 1031 2486 et
1045 2425 1110 2486 iere
1117 2426 1154 2483 86

113 2530 169 2573 sex
185 2510 315 2590 partibus
331 2510 410 2571 orbis
426 2511 497 2571 solis
512 2528 549 2571 ex
566 2509 687 2570 circuitu
702 2510 764 2570 eius
780 2519 880 2587 patere
897 2510 1037 2587 adpareat
1052 2510 1107 2569 cir·

114 2592 210 2655 culum
225 2611 280 2672 per
295 2612 380 2673 quem
395 2603 485 2667 meat,
511 2610 687 2670 semperque
702 2592 853 2653 dimetiens
869 2594 982 2652 tertiam
998 2602 1108 2670 partem

112 2677 235 2739 ambitus
259 2685 288 2735 et
303 2677 404 2735 tertiae
426 2676 512 2753 paulo
534 2676 625 2735 minus
645 2683 805 2753 septumum
831 2674 964 2749 colligat,
987 2675 1108 2750 adparet
1168 2684 1173 2689 ·

79 2760 231 2837 redempta
258 2758 320 2817 elus
347 2757 460 2819 dimidia
485 2758 634 2837 (quoniam
660 2766 738 2819 terra
763 2756 899 2816 centralis
921 2756 1107 2834 interveniat)

113 2850 226 2903 sextam
246 2840 309 2901 iere
334 2848 446 2919 partem
465 2840 547 2901 buius
568 2841 689 2901 inmensi
711 2840 788 2917 spati
809 2837 886 2916 qnod
908 2837 986 2895 circa
1002 2846 1107 2895 terram

113 2924 216 2985 circuli
232 2923 336 2985 solaris
352 2924 446 2985 animo
459 2923 703 3001 conprehenditur
716 2923 815 2982 inesse
831 2918 985 2979 altitudinis
1002 2919 1106 2996 spatio,

113 3006 198 3068 lunae
219 3023 293 3065 uero
317 3005 533 3080 duodecimam,
558 3005 690 3084 quoniam
710 3010 788 3061 tauto
806 3001 943 3059 breviore
963 3018 1047 3080 quam
1063 3000 1107 3061 sol

113 3087 220 3149 ambitu
235 3089 334 3149 currit.
361 3089 399 3147 ita
420 3086 484 3147 lieri
502 3105 565 3147 eam
580 3088 608 3145 in
622 3086 718 3147 medio
734 3083 805 3143 solis
821 3090 977 3144 aeternae.
1007 3084 1150 3152 Mirumst

80 3182 172 3250 atquo
195 3170 337 3249 procedat
358 3168 517 3248 inprobitas
541 3168 638 3228 cordis
658 3164 772 3227 humani
788 3166 909 3243 parvolo
925 3168 1021 3246 aliquo
1036 3169 1106 3226 invi·

112 3260 171 3317 tata
187 3270 347 3329 successu,
371 3252 444 3311 sicut
465 3252 493 3311 in
515 3268 602 3328 supra
623 3250 707 3313 dictis
725 3250 909 3309 occasionem
923 3251 1107 3327 inpudentiae

113 3336 187 3395 ratio
203 3334 333 3411 largitur.
359 3334 478 3412 ausique
496 3333 624 3395 divinare
639 3330 711 3391 solis
725 3330 761 3390 ad
776 3339 882 3392 terram
896 3335 992 3408 spatia
1006 3331 1106 3390 eadem

113 3416 148 3477 ad
163 3416 279 3480 caelum
295 3424 400 3492 agunt,
422 3416 554 3493 quoniam
570 3416 606 3475 sit
622 3412 733 3476 medius
748 3414 809 3489 sol,
824 3423 855 3475 ut
869 3415 998 3491 protinus
1013 3412 1108 3472 mundi

121 3520 125 3527 ·
193 3519 263 3556 assur
278 3512 340 3555 uun.
358 3517 425 3556 uisu.
448 3500 470 3555 Ι.
656 3510 660 3520 “
