2542 3842
301 180 382 255 nur.
402 207 492 257 mar.
510 210 546 275 ιι.
563 206 683 259 50-54.
703 196 851 281 (al—55.)
1055 202 1096 265 95
1162 245 1169 257 .

96 356 317 438 precationibus
329 359 379 419 vel
395 360 461 437 cogi
472 360 588 421 fulmina
600 363 651 421 vel
661 364 808 441 inpetrari.
824 364 916 426 Vetus
926 367 1000 427 fama
1011 366 1095 428 Etru-

95 444 155 501 riae
166 450 212 501 est
220 442 402 520 inpetratum,
414 444 562 503 Volsinios
570 444 672 505 urbem
679 446 862 523 depopulatis
869 451 946 525 agris
955 450 1095 511 subeunte

96 533 243 602 monstro,
272 524 359 602 quod·
380 543 526 586 vocavere
548 527 673 587 Voltam.
704 538 857 588 evocatum
882 541 912 589 et
939 551 956 591 a
976 534 1095 595 Porsina

97 625 147 667 suo
168 625 254 683 rege.
289 606 326 666 Et
349 617 416 668 ante
441 628 506 669 eum
524 628 540 669 a
559 609 650 670 Numa
671 612 791 689 saepius
811 613 868 671 boc
889 613 1045 675 factitatum
1066 619 1095 676 in

76 691 189 769 sprimo
206 688 347 749 annalium
371 708 487 751 suorum
508 693 593 752 tradit
609 692 640 751 b.
658 693 741 767 Piso,
763 696 863 771 gravis
885 705 1000 772 auctor,
1014 701 1095 776 qnod

96 774 232 833 imitatum
247 790 347 850 parum
362 776 417 832 rite
430 772 552 835 Tullium
566 775 718 836 Hostilium
734 778 821 836 ictum
836 778 963 838 fulmine.
986 778 1093 841 Lucos·

97 874 152 935 que
171 864 201 913 et
217 873 282 915 aras
298 864 427 916 et-sacra
442 856 592 933 babemus,
610 860 743 937 interque
759 861 892 919 Statores
907 878 942 920 ac
958 859 1094 923 Tonantis

97 947 125 998 et
145 936 296 997 Feretrios
321 937 444 1019 Elisium
468 958 584 1019 quoque
607 944 775 1019 accepimus
794 942 902 1003 lovem.
934 943 1023 1004 Varia
1046 946 1135 1010 in141

96 1021 153 1081 boc
168 1022 246 1079 vitae
263 1024 405 1081 sententia
418 1031 447 1082 et
457 1040 511 1099 pro
528 1025 668 1102 cuiusque
681 1027 784 1084 auimo:
813 1025 960 1103 Imperare
976 1037 1095 1088 naturae

65 1126 89 1167 ιο
99 1120 183 1165 sacra
199 1104 316 1163 audacis
333 1112 378 1163 est
394 1104 528 1180 credere,
544 1123 601 1164 nee
614 1108 706 1165 minus
717 1107 832 1167 bebetis
843 1109 998 1187 veneficiis
1008 1112 1094 1171 abro-

97 1204 169 1263 gare
191 1187 278 1261 viris‚
301 1188 414 1264 quando
436 1188 465 1245 in
491 1187 635 1263 fulgurum
658 1207 776 1268 quoque
796 1192 1034 1268 interpretatione
1057 1210 1094 1253 eo

97 1269 226 1348 proiecit
242 1270 363 1329 scientia
378 1278 409 1329 ut
419 1279 540 1331 ventura
558 1271 613 1329 alia
630 1270 709 1330 linito
722 1273 769 1331 die
780 1275 930 1349 praecinat
941 1282 970 1332 et
982 1293 1018 1333 an
1028 1293 1094 1352 per·

97 1360 229 1430 emptura
251 1352 307 1410 sint
328 1351 416 1411 fatum
432 1361 479 1413 aut
493 1362 629 1429 apertura
644 1354 724 1430 prius
740 1354 795 1413 alia
811 1355 960 1432 fataquae
976 1357 1095 1435 lateant,

4 1460 5 1465 ¹
96 1433 352 1494 innumerabilibus
367 1437 395 1493 in
410 1443 532 1513 utroque
550 1435 675 1513 publicis
688 1438 865 1514 privatisque
878 1440 1094 1516 experimentis.

65 1529 88 1570 re
98 1516 294 1592 Quamobrem
310 1519 365 1576 sint
379 1520 434 1577 ista
449 1528 481 1577 ut
493 1536 589 1577 rerum
604 1528 722 1578 naturae
735 1520 828 1595 libuit,
847 1521 919 1580 alias
931 1531 1011 1582 certa
1023 1524 1095 1583 alias

97 1600 192 1675 dubia,
210 1600 275 1658 aliis
290 1599 412 1677 probata
428 1601 491 1659 aliis
509 1600 683 1677 damnanda,
699 1620 753 1661 nos
771 1603 807 1683 de
827 1612 928 1661 cetero
945 1622 1020 1682 quae
1033 1615 1097 1665 sunt

95 1686 124 1742 in
138 1684 183 1743 bis
199 1683 398 1742 memorabilia
412 1700 470 1742 non
486 1685 657 1743 omittemus.

159 1767 210 1824 54.
230 1766 315 1843 (55.)
331 1764 496 1842 Fulgetrum
519 1768 599 1844 prius
621 1768 701 1826 cerui
719 1784 804 1845 mam
824 1770 957 1827 tonitrum
972 1770 1073 1845 audiri,
1087 1780 1137 1834 142
1218 1796 1222 1803 ¹

97 1867 160 1909 curn
179 1848 263 1907 simul
278 1849 360 1922 liant,
378 1857 488 1907 certum
504 1857 564 1924 est,
580 1867 638 1909 nee
653 1852 769 1925 mirum,
787 1853 920 1929 quoniam
938 1853 986 1911 lux
1001 1854 1095 1912 sonitu

63 1932 239 1991 roveloeior.
267 1932 353 1990 ictum
371 1940 465 1990 autem
490 1939 519 1990 et
541 1934 664 1991 sonitum
684 1951 847 2009 congruere
871 1936 909 1993 ita
930 1935 1094 1995 modulante

96 2024 208 2089 natura,
224 2014 278 2073 sed
294 2015 416 2073 sonitum
432 2015 557 2091 profecti
573 2033 641 2075 esse
658 2015 794 2091 fulminis,
810 2033 868 2075 non
883 2016 971 2077 inlati.
996 2019 1094 2077 etiam·

87 2115 163 2166 num
180 2097 309 2173 spiritum
324 2098 455 2164 ociorem
469 2097 596 2156 fulmine.
621 2097 689 2156 ideo
707 2100 785 2174 quati
800 2100 880 2175 prius
897 2116 982 2157 omne
1000 2108 1030 2157 et
1045 2101 1094 2159 ad·

98 2179 160 2238 dari
178 2196 262 2256 quam
277 2181 401 2256 percuti,
416 2197 472 2238 nec
489 2195 660 2257 quemquam
675 2181 756 2253 tangi
770 2180 817 2255 qui
832 2181 913 2256 prior
926 2180 1031 2237 viderit
1042 2180 1095 2239 ful·

97 2280 164 2320 men
189 2269 237 2321 aut
264 2263 397 2321 tonitrum
424 2260 555 2321 audierit.
587 2259 682 2321 Laeva
708 2276 852 2337 prospera
879 2261 1095 2335 existumentur,

61 2344 232 2421 aequoniam
250 2344 431 2421 laevaparte
449 2343 544 2403 mundi
560 2352 640 2403 ortus
656 2351 710 2401 est.
731 2360 787 2401 nec
802 2351 857 2401 tam
874 2343 1014 2402 adventus
1029 2359 1095 2419 spe·
1146 2418 1149 2424 Ι

97 2435 191 2485 etatur
218 2444 303 2505 quam
327 2428 452 2502 reditus,
479 2427 542 2485 sive
565 2424 602 2486 ab
623 2427 682 2486 ieta
703 2425 797 2485 resilit
819 2426 893 2503 ignis
917 2427 979 2485 sive
1003 2442 1095 2502 opere

96 2508 234 2567 confecto
253 2517 300 2567 aut
321 2510 388 2585 igne
406 2518 575 2588 consumpto
587 2510 715 2588 ‘spiritns
738 2518 857 2569 remeat.
889 2507 922 2568 ln
946 2508 1075 2568 sedecim
1088 2517 1139 2573 tta

95 2593 186 2668 partis
203 2591 315 2649 caelum
337 2593 365 2649 in
386 2608 423 2651 eo
447 2602 550 2670 spectu
573 2591 700 2654 divisere
716 2591 813 2652 Tusci.
842 2594 933 2670 prima
955 2600 1033 2650 esta
1050 2609 1096 2650 se·

96 2672 308 2750 ptentrionibus
330 2674 366 2734 ad
389 2675 629 2752 aequinoctialem
645 2684 793 2749 exortum,
816 2674 943 2733 secunda
961 2674 997 2732 ad
1011 2674 1096 2733 meri·

61 2768 86 2808 to
96 2756 184 2831 diem,
201 2757 285 2815 tertia
300 2756 336 2816 ad
352 2756 594 2834 aequinoctialem
609 2774 756 2830 occasum,
776 2764 876 2832 quarta
892 2756 1001 2832 optinet
1019 2754 1096 2833 quod

93 2839 241 2916 reliquom
257 2846 302 2896 est
319 2837 355 2897 ab
372 2855 480 2898 occasu
496 2839 533 2905 ad
548 2841 772 2916 septentriones.
798 2837 851 2897 bas
865 2839 967 2896 iterum
981 2837 1010 2894 in
1027 2853 1095 2913 qua·

93 2929 194 2979 ternas
219 2919 345 2979 divisere
369 2921 477 2998 partis,
496 2938 538 2980 ¹en
560 2921 663 2998 quibus
685 2930 753 2980 octo
775 2920 813 2978 ab
834 2928 937 2979 exortu
955 2919 1094 2991 sinistras,

93 3002 216 3062 totidem
240 3020 257 3059 e
281 3004 425 3062 contrario
453 2999 643 3081 appellavere
667 3002 796 3067 dextras.
829 3000 875 3076 Ex
898 3000 943 3059 bis
964 3016 1095 3059 maxume
1122 3023 1129 3029 ’
1182 3042 1186 3051 .

94 3083 176 3143 dirae
198 3102 273 3161 quae
292 3086 519 3161 septentrionem
536 3084 571 3143 ab
584 3102 693 3143 occasu
708 3085 857 3158 attingunt.
886 3085 984 3161 itaque
998 3082 1092 3161 pluru'
1126 3112 1132 3121 ·

61 3174 169 3225 ³5mum
185 3166 278 3225 reiert
293 3167 369 3226 unde
385 3169 518 3227 venerint
533 3166 649 3226 fulmina
665 3175 694 3225 et
709 3182 766 3243 quo
783 3168 991 3226 concesserint.
1014 3168 1095 3241 optu-

93 3257 231 3327 mumest
246 3250 275 3307 in
290 3251 438 3308 exortivas
456 3251 553 3309 redire
569 3249 668 3326 partis.
695 3248 766 3307 ldeo
784 3266 847 3309 eum
861 3267 879 3309 a
893 3249 983 3326 prima
999 3246 1138 3307 eaeli144

93 3340 177 3405 parte
201 3332 337 3390 venerint
358 3340 387 3389 et
410 3333 439 3389 in
462 3332 583 3390 eandem
604 3330 820 3404 concesserint,
846 3346 951 3389 summa
972 3328 1096 3388 felicitas

93 3413 293 3491 portenditur,
321 3414 407 3492 quale
424 3412 524 3473 Sullae
546 3414 678 3475 dictatori
699 3420 842 3473 ostentum
865 3412 959 3471 datum
981 3409 1095 3485 accepi·
