<?xml version="1.0" encoding="UTF-8"?>
<!DOCTYPE html PUBLIC "-//W3C//DTD XHTML 1.0 Transitional//EN"
    "http://www.w3.org/TR/xhtml1/DTD/xhtml1-transitional.dtd">
<html xmlns="http://www.w3.org/1999/xhtml" xml:lang="en" lang="en">
 <head>
  <title>
</title>
<meta http-equiv="Content-Type" content="text/html;charset=utf-8" />
  <meta name='ocr-system' content='tesseract 3.04.00' />
  <meta name='ocr-capabilities' content='ocr_page ocr_carea ocr_par ocr_line ocrx_word'/>
</head>
<body>
  <div class='ocr_page' id='page_1' title='image "./cplinisecundina25plingoog_0165.png"; bbox 0 0 2542 3842; ppageno 0'>
   <div class='ocr_carea' id='block_1_1' title="bbox 355 172 1130 259">
    <p class='ocr_par' dir='ltr' id='par_1_1' title="bbox 355 172 1130 259">
     <span class='ocr_line' id='line_1_1' title="bbox 355 172 1130 259; baseline 0.005 -24"><span class='ocrx_word' id='word_1_1' title='bbox 355 172 848 259; x_wconf 74' lang='lat' dir='ltr'><strong>nnr.n1sr.111.t-⁵.(s—e.)</strong></span> <span class='ocrx_word' id='word_1_2' title='bbox 1074 178 1130 240; x_wconf 83' lang='lat'><strong>131</strong></span> 
     </span>
    </p>
   </div>
   <div class='ocr_carea' id='block_1_2' title="bbox 66 340 1182 3181">
    <p class='ocr_par' dir='ltr' id='par_1_2' title="bbox 137 340 1134 425">
     <span class='ocr_line' id='line_1_2' title="bbox 137 340 1134 425; baseline 0.001 -20"><span class='ocrx_word' id='word_1_3' title='bbox 137 345 256 425; x_wconf 82' lang='lat' dir='ltr'><strong>gissimc</strong></span> <span class='ocrx_word' id='word_1_4' title='bbox 277 342 307 401; x_wconf 88' lang='lat' dir='ltr'><strong>iu</strong></span> <span class='ocrx_word' id='word_1_5' title='bbox 327 342 478 402; x_wconf 75' lang='lat' dir='ltr'>meridiem</span> <span class='ocrx_word' id='word_1_6' title='bbox 492 340 530 401; x_wconf 88' lang='lat' dir='ltr'><strong>ab</strong></span> <span class='ocrx_word' id='word_1_7' title='bbox 545 340 663 421; x_wconf 81' lang='lat' dir='ltr'><strong>Alpium</strong></span> <span class='ocrx_word' id='word_1_8' title='bbox 684 359 778 419; x_wconf 88' lang='lat' dir='ltr'><strong>paene</strong></span> <span class='ocrx_word' id='word_1_9' title='bbox 793 341 897 403; x_wconf 86' lang='lat' dir='ltr'><strong>lunatis</strong></span> <span class='ocrx_word' id='word_1_10' title='bbox 911 343 987 421; x_wconf 86' lang='lat' dir='ltr'><strong>iugis</strong></span> <span class='ocrx_word' id='word_1_11' title='bbox 1000 343 1030 404; x_wconf 94' lang='lat' dir='ltr'><strong>in</strong></span> <span class='ocrx_word' id='word_1_12' title='bbox 1045 346 1134 406; x_wconf 83' lang='lat' dir='ltr'><strong>marie</strong></span> 
     </span>
    </p>

    <p class='ocr_par' dir='ltr' id='par_1_3' title="bbox 66 423 1176 922">
     <span class='ocr_line' id='line_1_3' title="bbox 66 423 1133 504; baseline 0 -15"><span class='ocrx_word' id='word_1_13' title='bbox 66 464 70 475; x_wconf 93' lang='lat'>.</span> <span class='ocrx_word' id='word_1_14' title='bbox 138 428 266 489; x_wconf 78' lang='lat' dir='ltr'><strong>excurrit</strong></span> <span class='ocrx_word' id='word_1_15' title='bbox 277 424 367 487; x_wconf 87' lang='lat' dir='ltr'><strong>ltalia.</strong></span> <span class='ocrx_word' id='word_1_16' title='bbox 397 425 443 484; x_wconf 81' lang='lat' dir='ltr'><strong>Ab</strong></span> <span class='ocrx_word' id='word_1_17' title='bbox 459 441 496 485; x_wconf 94' lang='lat' dir='ltr'><strong>eo</strong></span> <span class='ocrx_word' id='word_1_18' title='bbox 509 423 650 486; x_wconf 80' lang='lat' dir='ltr'><strong>Graeciae</strong></span> <span class='ocrx_word' id='word_1_19' title='bbox 663 442 725 501; x_wconf 88' lang='lat' dir='ltr'><strong>ora,</strong></span> <span class='ocrx_word' id='word_1_20' title='bbox 741 442 809 485; x_wconf 86' lang='lat' dir='ltr'><strong>mox</strong></span> <span class='ocrx_word' id='word_1_21' title='bbox 819 425 968 503; x_wconf 85' lang='lat' dir='ltr'><strong>Salentini,</strong></span> <span class='ocrx_word' id='word_1_22' title='bbox 983 428 1133 504; x_wconf 84' lang='lat' dir='ltr'><strong>Pedncnli,</strong></span> 
     </span>
     <span class='ocr_line' id='line_1_4' title="bbox 136 507 1132 591; baseline -0.002 -18"><span class='ocrx_word' id='word_1_23' title='bbox 136 512 235 591; x_wconf 79' lang='lat' dir='ltr'><strong>Apuli,</strong></span> <span class='ocrx_word' id='word_1_24' title='bbox 254 509 376 586; x_wconf 76' lang='lat' dir='ltr'>Peligni,</span> <span class='ocrx_word' id='word_1_25' title='bbox 392 507 538 583; x_wconf 78' lang='lat' dir='ltr'><strong>Frentani,</strong></span> <span class='ocrx_word' id='word_1_26' title='bbox 550 507 717 584; x_wconf 73' lang='lat' dir='ltr'><strong>Marrucini,</strong></span> <span class='ocrx_word' id='word_1_27' title='bbox 729 508 853 584; x_wconf 87' lang='lat' dir='ltr'><strong>Vestini,</strong></span> <span class='ocrx_word' id='word_1_28' title='bbox 865 510 974 586; x_wconf 83' lang='lat' dir='ltr'><strong>Sabini,</strong></span> <span class='ocrx_word' id='word_1_29' title='bbox 986 513 1132 588; x_wconf 82' lang='lat' dir='ltr'><strong>Picentes,</strong></span> 
     </span>
     <span class='ocr_line' id='line_1_5' title="bbox 137 590 1132 671; baseline -0.004 -13"><span class='ocrx_word' id='word_1_30' title='bbox 137 596 222 671; x_wconf 84' lang='lat' dir='ltr'><strong>Galli,</strong></span> <span class='ocrx_word' id='word_1_31' title='bbox 239 593 351 668; x_wconf 84' lang='lat' dir='ltr'><strong>Umbri,</strong></span> <span class='ocrx_word' id='word_1_32' title='bbox 367 591 471 668; x_wconf 76' lang='lat' dir='ltr'><strong>Tusci,</strong></span> <span class='ocrx_word' id='word_1_33' title='bbox 486 592 602 667; x_wconf 87' lang='lat' dir='ltr'><strong>Veneti,</strong></span> <span class='ocrx_word' id='word_1_34' title='bbox 619 590 721 668; x_wconf 82' lang='lat' dir='ltr'><strong>Carni,</strong></span> <span class='ocrx_word' id='word_1_35' title='bbox 738 592 872 671; x_wconf 78' lang='lat' dir='ltr'><strong>lapydes,</strong></span> <span class='ocrx_word' id='word_1_36' title='bbox 886 592 992 671; x_wconf 87' lang='lat' dir='ltr'><strong>llistri,</strong></span> <span class='ocrx_word' id='word_1_37' title='bbox 1007 596 1132 656; x_wconf 80' lang='lat' dir='ltr'><strong>Liburni.</strong></span> 
     </span>
     <span class='ocr_line' id='line_1_6' title="bbox 116 677 1176 756; baseline -0.001 -15"><span class='ocrx_word' id='word_1_38' title='bbox 116 680 200 741; x_wconf 82' lang='lat' dir='ltr'><strong>allec</strong></span> <span class='ocrx_word' id='word_1_39' title='bbox 216 681 322 756; x_wconf 83' lang='lat' dir='ltr'><strong>ignoro</strong></span> <span class='ocrx_word' id='word_1_40' title='bbox 337 677 441 753; x_wconf 75' lang='lat' dir='ltr'><strong>ingrati</strong></span> <span class='ocrx_word' id='word_1_41' title='bbox 462 694 497 737; x_wconf 87' lang='lat' dir='ltr'><strong>ae</strong></span> <span class='ocrx_word' id='word_1_42' title='bbox 513 678 612 753; x_wconf 86' lang='lat' dir='ltr'><strong>segnis</strong></span> <span class='ocrx_word' id='word_1_43' title='bbox 630 678 714 737; x_wconf 88' lang='lat' dir='ltr'><strong>animi</strong></span> <span class='ocrx_word' id='word_1_44' title='bbox 729 678 895 738; x_wconf 84' lang='lat' dir='ltr'><strong>existumari</strong></span> <span class='ocrx_word' id='word_1_45' title='bbox 914 694 1004 756; x_wconf 92' lang='lat' dir='ltr'><strong>posse</strong></span> <span class='ocrx_word' id='word_1_46' title='bbox 1018 682 1176 756; x_wconf 78' lang='lat' dir='ltr'><strong>merito‚39</strong></span> 
     </span>
     <span class='ocr_line' id='line_1_7' title="bbox 137 757 1133 839; baseline -0.002 -14"><span class='ocrx_word' id='word_1_47' title='bbox 137 764 161 825; x_wconf 88' lang='lat' dir='ltr'><strong>si</strong></span> <span class='ocrx_word' id='word_1_48' title='bbox 176 764 308 824; x_wconf 85' lang='lat' dir='ltr'><strong>breviter</strong></span> <span class='ocrx_word' id='word_1_49' title='bbox 328 770 414 839; x_wconf 90' lang='lat' dir='ltr'><strong>atque</strong></span> <span class='ocrx_word' id='word_1_50' title='bbox 434 760 464 819; x_wconf 86' lang='lat' dir='ltr'><strong>in</strong></span> <span class='ocrx_word' id='word_1_51' title='bbox 481 759 648 820; x_wconf 88' lang='lat' dir='ltr'><strong>trans&#39;cursn</strong></span> <span class='ocrx_word' id='word_1_52' title='bbox 661 761 698 821; x_wconf 83' lang='lat' dir='ltr'><strong>ad</strong></span> <span class='ocrx_word' id='word_1_53' title='bbox 712 759 788 820; x_wconf 86' lang='lat' dir='ltr'><strong>bunc</strong></span> <span class='ocrx_word' id='word_1_54' title='bbox 800 761 915 821; x_wconf 86' lang='lat' dir='ltr'><strong>modum</strong></span> <span class='ocrx_word' id='word_1_55' title='bbox 931 757 1042 821; x_wconf 82' lang='lat' dir='ltr'><strong>dicatur</strong></span> <span class='ocrx_word' id='word_1_56' title='bbox 1055 772 1133 823; x_wconf 86' lang='lat' dir='ltr'><strong>terra</strong></span> 
     </span>
     <span class='ocr_line' id='line_1_8' title="bbox 121 843 1134 922; baseline -0.001 -14"><span class='ocrx_word' id='word_1_57' title='bbox 121 848 261 908; x_wconf 83' lang='lat' dir='ltr'><strong>omnium</strong></span> <span class='ocrx_word' id='word_1_58' title='bbox 282 854 423 904; x_wconf 88' lang='lat' dir='ltr'><strong>terrarum</strong></span> <span class='ocrx_word' id='word_1_59' title='bbox 444 843 561 921; x_wconf 56' lang='lat' dir='ltr'><strong>aluums,</strong></span> <span class='ocrx_word' id='word_1_60' title='bbox 580 844 685 904; x_wconf 88' lang='lat' dir='ltr'><strong>eadem</strong></span> <span class='ocrx_word' id='word_1_61' title='bbox 708 853 738 904; x_wconf 88' lang='lat' dir='ltr'><strong>et</strong></span> <span class='ocrx_word' id='word_1_62' title='bbox 761 862 885 922; x_wconf 86' lang='lat' dir='ltr'><strong>parcns,</strong></span> <span class='ocrx_word' id='word_1_63' title='bbox 911 845 1025 906; x_wconf 88' lang='lat' dir='ltr'><strong>numine</strong></span> <span class='ocrx_word' id='word_1_64' title='bbox 1050 845 1134 907; x_wconf 84' lang='lat' dir='ltr'><strong>deum</strong></span> 
     </span>
    </p>

    <p class='ocr_par' dir='ltr' id='par_1_4' title="bbox 102 926 1182 1093">
     <span class='ocr_line' id='line_1_9' title="bbox 102 926 1182 1007; baseline -0.002 -16"><span class='ocrx_word' id='word_1_65' title='bbox 102 953 111 959; x_wconf 84' lang='lat'><em>·</em></span> <span class='ocrx_word' id='word_1_66' title='bbox 138 931 233 991; x_wconf 87' lang='lat' dir='ltr'><strong>electa</strong></span> <span class='ocrx_word' id='word_1_67' title='bbox 250 946 324 1007; x_wconf 86' lang='lat' dir='ltr'><strong>quae</strong></span> <span class='ocrx_word' id='word_1_68' title='bbox 341 926 452 989; x_wconf 88' lang='lat' dir='ltr'><strong>caelum</strong></span> <span class='ocrx_word' id='word_1_69' title='bbox 464 929 556 1006; x_wconf 87' lang='lat' dir='ltr'><strong>ipsum</strong></span> <span class='ocrx_word' id='word_1_70' title='bbox 568 927 673 988; x_wconf 85' lang='lat' dir='ltr'><strong>clarius</strong></span> <span class='ocrx_word' id='word_1_71' title='bbox 683 928 806 1004; x_wconf 84' lang='lat' dir='ltr'><strong>iaceret,</strong></span> <span class='ocrx_word' id='word_1_72' title='bbox 824 946 926 1007; x_wconf 89' lang='lat' dir='ltr'><strong>sparsa</strong></span> <span class='ocrx_word' id='word_1_73' title='bbox 938 938 1135 1006; x_wconf 66' lang='lat' dir='ltr'><strong>congregaret</strong></span> <span class='ocrx_word' id='word_1_74' title='bbox 1180 991 1182 996; x_wconf 78' lang='grc'>,</span> 
     </span>
     <span class='ocr_line' id='line_1_10' title="bbox 140 1010 1133 1093; baseline -0.001 -20"><span class='ocrx_word' id='word_1_75' title='bbox 140 1014 258 1093; x_wconf 90' lang='lat' dir='ltr'><strong>imperia</strong></span> <span class='ocrx_word' id='word_1_76' title='bbox 272 1013 401 1090; x_wconf 84' lang='lat' dir='ltr'><strong>ritusque</strong></span> <span class='ocrx_word' id='word_1_77' title='bbox 416 1010 543 1072; x_wconf 91' lang='lat' dir='ltr'><strong>molliret</strong></span> <span class='ocrx_word' id='word_1_78' title='bbox 553 1021 585 1071; x_wconf 84' lang='lat' dir='ltr'><strong>et</strong></span> <span class='ocrx_word' id='word_1_79' title='bbox 594 1020 636 1072; x_wconf 91' lang='lat' dir='ltr'><strong>tot</strong></span> <span class='ocrx_word' id='word_1_80' title='bbox 649 1012 821 1090; x_wconf 88' lang='lat' dir='ltr'><strong>populorum</strong></span> <span class='ocrx_word' id='word_1_81' title='bbox 832 1013 985 1075; x_wconf 78' lang='lat' dir='ltr'><strong>discordes</strong></span> <span class='ocrx_word' id='word_1_82' title='bbox 995 1014 1133 1091; x_wconf 77' lang='lat' dir='ltr'><strong>ferasque</strong></span> 
     </span>
    </p>

    <p class='ocr_par' dir='ltr' id='par_1_5' title="bbox 104 1095 1175 1511">
     <span class='ocr_line' id='line_1_11' title="bbox 104 1095 1133 1175; baseline 0.002 -20"><span class='ocrx_word' id='word_1_83' title='bbox 104 1098 250 1175; x_wconf 84' lang='lat' dir='ltr'><strong>relinguas</strong></span> <span class='ocrx_word' id='word_1_84' title='bbox 268 1095 410 1155; x_wconf 86' lang='lat' dir='ltr'><strong>sermonis</strong></span> <span class='ocrx_word' id='word_1_85' title='bbox 425 1096 591 1155; x_wconf 85' lang='lat' dir='ltr'><strong>conmercia</strong></span> <span class='ocrx_word' id='word_1_86' title='bbox 608 1095 794 1156; x_wconf 74' lang='lat' dir='ltr'><strong>renumeret</strong></span> <span class='ocrx_word' id='word_1_87' title='bbox 814 1096 852 1156; x_wconf 84' lang='lat' dir='ltr'><strong>ad</strong></span> <span class='ocrx_word' id='word_1_88' title='bbox 866 1096 1021 1175; x_wconf 87' lang='lat' dir='ltr'><strong>conloquia</strong></span> <span class='ocrx_word' id='word_1_89' title='bbox 1036 1106 1066 1157; x_wconf 90' lang='lat' dir='ltr'><strong>et</strong></span> <span class='ocrx_word' id='word_1_90' title='bbox 1082 1096 1133 1157; x_wconf 92' lang='lat' dir='ltr'><strong>bn·</strong></span> 
     </span>
     <span class='ocr_line' id='line_1_12' title="bbox 137 1178 1133 1257; baseline -0.001 -16"><span class='ocrx_word' id='word_1_91' title='bbox 137 1183 298 1242; x_wconf 90' lang='lat' dir='ltr'><strong>manitatem</strong></span> <span class='ocrx_word' id='word_1_92' title='bbox 312 1178 419 1239; x_wconf 88' lang='lat' dir='ltr'><strong>bomini</strong></span> <span class='ocrx_word' id='word_1_93' title='bbox 434 1179 533 1255; x_wconf 87' lang='lat' dir='ltr'><strong>daret,</strong></span> <span class='ocrx_word' id='word_1_94' title='bbox 554 1178 742 1257; x_wconf 85' lang='lat' dir='ltr'><strong>breviterque</strong></span> <span class='ocrx_word' id='word_1_95' title='bbox 757 1197 813 1241; x_wconf 93' lang='lat' dir='ltr'><strong>nna</strong></span> <span class='ocrx_word' id='word_1_96' title='bbox 827 1188 993 1239; x_wconf 89' lang='lat' dir='ltr'><strong>cunctarum</strong></span> <span class='ocrx_word' id='word_1_97' title='bbox 1006 1182 1133 1256; x_wconf 85' lang='lat' dir='ltr'><strong>gentium</strong></span> 
     </span>
     <span class='ocr_line' id='line_1_13' title="bbox 136 1260 1175 1349; baseline -0.005 -23"><span class='ocrx_word' id='word_1_98' title='bbox 136 1268 166 1326; x_wconf 90' lang='lat' dir='ltr'><strong>in</strong></span> <span class='ocrx_word' id='word_1_99' title='bbox 188 1274 249 1325; x_wconf 88' lang='lat' dir='ltr'><strong>toto</strong></span> <span class='ocrx_word' id='word_1_100' title='bbox 271 1263 345 1324; x_wconf 90' lang='lat' dir='ltr'><strong>orbe</strong></span> <span class='ocrx_word' id='word_1_101' title='bbox 367 1263 459 1349; x_wconf 85' lang='lat' dir='ltr'><strong>patria</strong></span> <span class='ocrx_word' id='word_1_102' title='bbox 480 1262 573 1322; x_wconf 88' lang='lat' dir='ltr'><strong>lieret.</strong></span> <span class='ocrx_word' id='word_1_103' title='bbox 606 1262 667 1322; x_wconf 87' lang='lat' dir='ltr'><strong>Sed</strong></span> <span class='ocrx_word' id='word_1_104' title='bbox 688 1262 757 1340; x_wconf 82' lang='lat' dir='ltr'><strong>qnirl</strong></span> <span class='ocrx_word' id='word_1_105' title='bbox 771 1260 877 1339; x_wconf 78' lang='lat' dir='ltr'><strong>egum?</strong></span> <span class='ocrx_word' id='word_1_106' title='bbox 905 1272 982 1324; x_wconf 87' lang='lat' dir='ltr'><strong>tanta</strong></span> <span class='ocrx_word' id='word_1_107' title='bbox 997 1261 1175 1323; x_wconf 72' lang='lat' dir='ltr'><strong>nobilitasse</strong></span> 
     </span>
     <span class='ocr_line' id='line_1_14' title="bbox 139 1342 1133 1424; baseline -0.004 -14"><span class='ocrx_word' id='word_1_108' title='bbox 139 1350 261 1410; x_wconf 89' lang='lat' dir='ltr'><strong>omnium</strong></span> <span class='ocrx_word' id='word_1_109' title='bbox 278 1348 409 1407; x_wconf 85' lang='lat' dir='ltr'><strong>locorum</strong></span> <span class='ocrx_word' id='word_1_110' title='bbox 423 1346 513 1424; x_wconf 93' lang='lat' dir='ltr'><strong>(qnos</strong></span> <span class='ocrx_word' id='word_1_111' title='bbox 528 1346 592 1424; x_wconf 90' lang='lat' dir='ltr'><strong>quis</strong></span> <span class='ocrx_word' id='word_1_112' title='bbox 607 1342 787 1424; x_wconf 73' lang='lat' dir='ltr'><strong>abigenti),</strong></span> <span class='ocrx_word' id='word_1_113' title='bbox 803 1354 880 1405; x_wconf 88' lang='lat' dir='ltr'><strong>tanta</strong></span> <span class='ocrx_word' id='word_1_114' title='bbox 893 1364 989 1406; x_wconf 89' lang='lat' dir='ltr'><strong>rernm</strong></span> <span class='ocrx_word' id='word_1_115' title='bbox 1006 1347 1133 1423; x_wconf 88' lang='lat' dir='ltr'><strong>singula·</strong></span> 
     </span>
     <span class='ocr_line' id='line_1_15' title="bbox 137 1427 1135 1511; baseline -0.003 -18"><span class='ocrx_word' id='word_1_116' title='bbox 137 1452 199 1493; x_wconf 89' lang='lat' dir='ltr'><strong>rum</strong></span> <span class='ocrx_word' id='word_1_117' title='bbox 215 1431 445 1511; x_wconf 82' lang='lat' dir='ltr'><strong>populorumque</strong></span> <span class='ocrx_word' id='word_1_118' title='bbox 457 1430 574 1490; x_wconf 75' lang='lat' dir='ltr'><strong>claritas</strong></span> <span class='ocrx_word' id='word_1_119' title='bbox 587 1437 678 1490; x_wconf 84' lang='lat' dir='ltr'><strong>tenet.</strong></span> <span class='ocrx_word' id='word_1_120' title='bbox 694 1428 763 1489; x_wconf 92' lang='lat' dir='ltr'><strong>urbs</strong></span> <span class='ocrx_word' id='word_1_121' title='bbox 773 1427 865 1489; x_wconf 87' lang='lat' dir='ltr'><strong>llonm</strong></span> <span class='ocrx_word' id='word_1_122' title='bbox 874 1429 925 1489; x_wconf 83' lang='lat' dir='ltr'><strong>vel</strong></span> <span class='ocrx_word' id='word_1_123' title='bbox 938 1430 1001 1491; x_wconf 90' lang='lat' dir='ltr'><strong>sola</strong></span> <span class='ocrx_word' id='word_1_124' title='bbox 1015 1431 1044 1489; x_wconf 86' lang='lat' dir='ltr'><strong>ln</strong></span> <span class='ocrx_word' id='word_1_125' title='bbox 1057 1448 1093 1489; x_wconf 89' lang='lat' dir='ltr'><strong>ea</strong></span> <span class='ocrx_word' id='word_1_126' title='bbox 1104 1440 1135 1490; x_wconf 93' lang='lat' dir='ltr'><strong>et</strong></span> 
     </span>
    </p>

    <p class='ocr_par' dir='ltr' id='par_1_6' title="bbox 104 1512 1174 1928">
     <span class='ocr_line' id='line_1_16' title="bbox 104 1512 1135 1594; baseline 0 -21"><span class='ocrx_word' id='word_1_127' title='bbox 104 1518 224 1594; x_wconf 80' lang='lat' dir='ltr'><strong>radigna</strong></span> <span class='ocrx_word' id='word_1_128' title='bbox 239 1524 297 1575; x_wconf 86' lang='lat' dir='ltr'><strong>tam</strong></span> <span class='ocrx_word' id='word_1_129' title='bbox 312 1516 367 1575; x_wconf 91' lang='lat' dir='ltr'><strong>iam</strong></span> <span class='ocrx_word' id='word_1_130' title='bbox 381 1514 456 1573; x_wconf 84' lang='lat' dir='ltr'><strong>festa</strong></span> <span class='ocrx_word' id='word_1_131' title='bbox 472 1514 589 1573; x_wconf 88' lang='lat' dir='ltr'><strong>cervice</strong></span> <span class='ocrx_word' id='word_1_132' title='bbox 605 1513 699 1573; x_wconf 79' lang='lat' dir='ltr'><strong>facies</strong></span> <span class='ocrx_word' id='word_1_133' title='bbox 715 1530 773 1591; x_wconf 94' lang='lat' dir='ltr'><strong>qno</strong></span> <span class='ocrx_word' id='word_1_134' title='bbox 787 1512 903 1573; x_wconf 83' lang='lat' dir='ltr'><strong>tandem</strong></span> <span class='ocrx_word' id='word_1_135' title='bbox 917 1515 1028 1573; x_wconf 89' lang='lat' dir='ltr'><strong>narrari</strong></span> <span class='ocrx_word' id='word_1_136' title='bbox 1044 1513 1135 1574; x_wconf 87' lang='lat' dir='ltr'><strong>debet</strong></span> 
     </span>
     <span class='ocr_line' id='line_1_17' title="bbox 139 1594 1134 1680; baseline -0.004 -19"><span class='ocrx_word' id='word_1_137' title='bbox 139 1598 252 1680; x_wconf 85' lang='lat' dir='ltr'><strong>opere‘l</strong></span> <span class='ocrx_word' id='word_1_138' title='bbox 273 1599 397 1678; x_wconf 88' lang='lat' dir='ltr'><strong>qualiter</strong></span> <span class='ocrx_word' id='word_1_139' title='bbox 414 1594 586 1675; x_wconf 80' lang='lat' dir='ltr'><strong>Campaniae</strong></span> <span class='ocrx_word' id='word_1_140' title='bbox 602 1614 659 1670; x_wconf 72' lang='lat' dir='ltr'><strong>ora,</strong></span> <span class='ocrx_word' id='word_1_141' title='bbox 669 1614 725 1674; x_wconf 91' lang='lat' dir='ltr'><strong>per</strong></span> <span class='ocrx_word' id='word_1_142' title='bbox 738 1615 772 1656; x_wconf 89' lang='lat' dir='ltr'><strong>se</strong></span> <span class='ocrx_word' id='word_1_143' title='bbox 787 1596 919 1675; x_wconf 80' lang='lat' dir='ltr'><strong>felixque</strong></span> <span class='ocrx_word' id='word_1_144' title='bbox 933 1597 1033 1657; x_wconf 84' lang='lat' dir='ltr'><strong>illaec</strong></span> <span class='ocrx_word' id='word_1_145' title='bbox 1047 1596 1134 1657; x_wconf 91' lang='lat' dir='ltr'><strong>beata</strong></span> 
     </span>
     <span class='ocr_line' id='line_1_18' title="bbox 140 1679 1132 1759; baseline -0.006 -13"><span class='ocrx_word' id='word_1_146' title='bbox 140 1684 311 1757; x_wconf 87' lang='lat' dir='ltr'><strong>amoenitas,</strong></span> <span class='ocrx_word' id='word_1_147' title='bbox 334 1692 364 1741; x_wconf 90' lang='lat' dir='ltr'><strong>nt</strong></span> <span class='ocrx_word' id='word_1_148' title='bbox 379 1679 473 1758; x_wconf 88' lang='lat' dir='ltr'><strong>palam</strong></span> <span class='ocrx_word' id='word_1_149' title='bbox 491 1682 527 1755; x_wconf 87' lang='lat' dir='ltr'><strong>sit</strong></span> <span class='ocrx_word' id='word_1_150' title='bbox 542 1697 599 1740; x_wconf 91' lang='lat' dir='ltr'><strong>uno</strong></span> <span class='ocrx_word' id='word_1_151' title='bbox 615 1682 645 1739; x_wconf 95' lang='lat' dir='ltr'><strong>in</strong></span> <span class='ocrx_word' id='word_1_152' title='bbox 661 1680 729 1740; x_wconf 90' lang='lat' dir='ltr'><strong>loco</strong></span> <span class='ocrx_word' id='word_1_153' title='bbox 743 1680 895 1757; x_wconf 84' lang='lat' dir='ltr'><strong>gaudentis</strong></span> <span class='ocrx_word' id='word_1_154' title='bbox 910 1697 985 1759; x_wconf 93' lang='lat' dir='ltr'><strong>opns</strong></span> <span class='ocrx_word' id='word_1_155' title='bbox 998 1698 1066 1741; x_wconf 89' lang='lat' dir='ltr'><strong>esse</strong></span> <span class='ocrx_word' id='word_1_156' title='bbox 1084 1698 1132 1740; x_wconf 89' lang='lat' dir='ltr'><strong>ua·</strong></span> 
     </span>
     <span class='ocr_line' id='line_1_19' title="bbox 137 1764 1174 1842; baseline -0.002 -15"><span class='ocrx_word' id='word_1_157' title='bbox 137 1764 242 1827; x_wconf 78' lang='lat' dir='ltr'><strong>turae?</strong></span> <span class='ocrx_word' id='word_1_158' title='bbox 271 1765 329 1825; x_wconf 91' lang='lat' dir='ltr'><strong>lam</strong></span> <span class='ocrx_word' id='word_1_159' title='bbox 344 1781 416 1825; x_wconf 85' lang='lat' dir='ltr'><strong>vero</strong></span> <span class='ocrx_word' id='word_1_160' title='bbox 433 1772 492 1824; x_wconf 90' lang='lat' dir='ltr'><strong>tota</strong></span> <span class='ocrx_word' id='word_1_161' title='bbox 508 1781 543 1824; x_wconf 92' lang='lat' dir='ltr'><strong>ea</strong></span> <span class='ocrx_word' id='word_1_162' title='bbox 557 1764 702 1824; x_wconf 80' lang='lat' dir='ltr'><strong>vitalicae</strong></span> <span class='ocrx_word' id='word_1_163' title='bbox 718 1764 856 1842; x_wconf 89' lang='lat' dir='ltr'><strong>perennis</strong></span> <span class='ocrx_word' id='word_1_164' title='bbox 870 1764 1040 1840; x_wconf 75' lang='lat' dir='ltr'><strong>salubritas,</strong></span> <span class='ocrx_word' id='word_1_165' title='bbox 1056 1765 1174 1825; x_wconf 77' lang='lat' dir='ltr'><strong>caelill</strong></span> 
     </span>
     <span class='ocr_line' id='line_1_20' title="bbox 140 1848 1133 1928; baseline -0.004 -17"><span class='ocrx_word' id='word_1_166' title='bbox 140 1850 306 1928; x_wconf 80' lang='lat' dir='ltr'><strong>temperies,</strong></span> <span class='ocrx_word' id='word_1_167' title='bbox 323 1858 380 1910; x_wconf 91' lang='lat' dir='ltr'><strong>tam</strong></span> <span class='ocrx_word' id='word_1_168' title='bbox 395 1848 507 1908; x_wconf 81' lang='lat' dir='ltr'><strong>fertiles</strong></span> <span class='ocrx_word' id='word_1_169' title='bbox 524 1848 628 1927; x_wconf 85' lang='lat' dir='ltr'><strong>campi,</strong></span> <span class='ocrx_word' id='word_1_170' title='bbox 646 1856 703 1907; x_wconf 86' lang='lat' dir='ltr'><strong>tam</strong></span> <span class='ocrx_word' id='word_1_171' title='bbox 718 1849 810 1925; x_wconf 90' lang='lat' dir='ltr'><strong>aprici</strong></span> <span class='ocrx_word' id='word_1_172' title='bbox 825 1848 936 1925; x_wconf 89' lang='lat' dir='ltr'><strong>colles,</strong></span> <span class='ocrx_word' id='word_1_173' title='bbox 953 1858 1012 1910; x_wconf 89' lang='lat' dir='ltr'><strong>tanr</strong></span> <span class='ocrx_word' id='word_1_174' title='bbox 1026 1850 1133 1908; x_wconf 77' lang='lat' dir='ltr'><strong>innoxii</strong></span> 
     </span>
    </p>

    <p class='ocr_par' dir='ltr' id='par_1_7' title="bbox 102 1931 1181 2345">
     <span class='ocr_line' id='line_1_21' title="bbox 102 1931 1135 2012; baseline -0.003 -18"><span class='ocrx_word' id='word_1_175' title='bbox 102 1952 131 1994; x_wconf 81' lang='lat' dir='ltr'><strong>ro</strong></span> <span class='ocrx_word' id='word_1_176' title='bbox 141 1934 239 2007; x_wconf 85' lang='lat' dir='ltr'><strong>saltus,</strong></span> <span class='ocrx_word' id='word_1_177' title='bbox 255 1941 310 1993; x_wconf 91' lang='lat' dir='ltr'><strong>tam</strong></span> <span class='ocrx_word' id='word_1_178' title='bbox 326 1950 419 2011; x_wconf 89' lang='lat' dir='ltr'><strong>opaca</strong></span> <span class='ocrx_word' id='word_1_179' title='bbox 434 1948 562 2005; x_wconf 82' lang='lat' dir='ltr'><strong>nemora,</strong></span> <span class='ocrx_word' id='word_1_180' title='bbox 576 1941 633 1991; x_wconf 85' lang='lat' dir='ltr'><strong>tam</strong></span> <span class='ocrx_word' id='word_1_181' title='bbox 650 1932 782 1996; x_wconf 85' lang='lat' dir='ltr'><strong>munilica</strong></span> <span class='ocrx_word' id='word_1_182' title='bbox 797 1931 933 1993; x_wconf 82' lang='lat' dir='ltr'><strong>silvarum</strong></span> <span class='ocrx_word' id='word_1_183' title='bbox 946 1951 1074 2012; x_wconf 81' lang='lat' dir='ltr'><strong>genera,</strong></span> <span class='ocrx_word' id='word_1_184' title='bbox 1091 1940 1135 1992; x_wconf 89' lang='lat' dir='ltr'><strong>tot</strong></span> 
     </span>
     <span class='ocr_line' id='line_1_22' title="bbox 140 2014 1133 2095; baseline -0.004 -17"><span class='ocrx_word' id='word_1_185' title='bbox 140 2018 274 2078; x_wconf 90' lang='lat' dir='ltr'><strong>montium</strong></span> <span class='ocrx_word' id='word_1_186' title='bbox 291 2015 427 2091; x_wconf 83' lang='lat' dir='ltr'><strong>adflatus,</strong></span> <span class='ocrx_word' id='word_1_187' title='bbox 449 2024 525 2075; x_wconf 87' lang='lat' dir='ltr'><strong>tanta</strong></span> <span class='ocrx_word' id='word_1_188' title='bbox 542 2014 656 2092; x_wconf 76' lang='lat' dir='ltr'><strong>frugum</strong></span> <span class='ocrx_word' id='word_1_189' title='bbox 669 2016 826 2095; x_wconf 84' lang='lat' dir='ltr'><strong>vitiumque</strong></span> <span class='ocrx_word' id='word_1_190' title='bbox 841 2024 871 2075; x_wconf 91' lang='lat' dir='ltr'><strong>et</strong></span> <span class='ocrx_word' id='word_1_191' title='bbox 887 2017 1017 2076; x_wconf 89' lang='lat' dir='ltr'><strong>olearum</strong></span> <span class='ocrx_word' id='word_1_192' title='bbox 1032 2016 1133 2076; x_wconf 82' lang='lat' dir='ltr'><strong>fertili·</strong></span> 
     </span>
     <span class='ocr_line' id='line_1_23' title="bbox 138 2098 1181 2177; baseline -0.006 -15"><span class='ocrx_word' id='word_1_193' title='bbox 138 2111 200 2177; x_wconf 84' lang='lat' dir='ltr'><strong>tas,</strong></span> <span class='ocrx_word' id='word_1_194' title='bbox 221 2110 277 2160; x_wconf 85' lang='lat' dir='ltr'><strong>tam</strong></span> <span class='ocrx_word' id='word_1_195' title='bbox 294 2098 401 2159; x_wconf 91' lang='lat' dir='ltr'><strong>nobilia</strong></span> <span class='ocrx_word' id='word_1_196' title='bbox 416 2099 523 2176; x_wconf 84' lang='lat' dir='ltr'><strong>peculi</strong></span> <span class='ocrx_word' id='word_1_197' title='bbox 536 2099 668 2173; x_wconf 86' lang='lat' dir='ltr'><strong>vellera,</strong></span> <span class='ocrx_word' id='word_1_198' title='bbox 689 2108 746 2158; x_wconf 84' lang='lat' dir='ltr'><strong>tarn</strong></span> <span class='ocrx_word' id='word_1_199' title='bbox 763 2100 859 2175; x_wconf 90' lang='lat' dir='ltr'><strong>opima</strong></span> <span class='ocrx_word' id='word_1_200' title='bbox 876 2100 966 2157; x_wconf 89' lang='lat' dir='ltr'><strong>tauris</strong></span> <span class='ocrx_word' id='word_1_201' title='bbox 980 2099 1074 2171; x_wconf 81' lang='lat' dir='ltr'><strong>colle,</strong></span> <span class='ocrx_word' id='word_1_202' title='bbox 1091 2107 1135 2157; x_wconf 92' lang='lat' dir='ltr'><strong>tot</strong></span> <span class='ocrx_word' id='word_1_203' title='bbox 1175 2164 1181 2175; x_wconf 24' lang='grc' dir='ltr'>ι</span> 
     </span>
     <span class='ocr_line' id='line_1_24' title="bbox 139 2180 1132 2259; baseline -0.008 -13"><span class='ocrx_word' id='word_1_204' title='bbox 139 2185 230 2258; x_wconf 79' lang='lat' dir='ltr'><strong>lacus,</strong></span> <span class='ocrx_word' id='word_1_205' title='bbox 246 2191 288 2242; x_wconf 87' lang='lat' dir='ltr'><strong>tot</strong></span> <span class='ocrx_word' id='word_1_206' title='bbox 303 2184 422 2244; x_wconf 89' lang='lat' dir='ltr'><strong>amnium</strong></span> <span class='ocrx_word' id='word_1_207' title='bbox 438 2182 612 2259; x_wconf 84' lang='lat' dir='ltr'><strong>fontiumque</strong></span> <span class='ocrx_word' id='word_1_208' title='bbox 629 2181 749 2239; x_wconf 87' lang='lat' dir='ltr'><strong>ubertas</strong></span> <span class='ocrx_word' id='word_1_209' title='bbox 763 2189 851 2239; x_wconf 90' lang='lat' dir='ltr'><strong>totam</strong></span> <span class='ocrx_word' id='word_1_210' title='bbox 865 2197 930 2239; x_wconf 90' lang='lat' dir='ltr'><strong>eam</strong></span> <span class='ocrx_word' id='word_1_211' title='bbox 943 2180 1132 2257; x_wconf 81' lang='lat' dir='ltr'><strong>perfundens,</strong></span> 
     </span>
     <span class='ocr_line' id='line_1_25' title="bbox 138 2262 1135 2345; baseline -0.008 -17"><span class='ocrx_word' id='word_1_212' title='bbox 138 2276 181 2328; x_wconf 85' lang='lat' dir='ltr'><strong>tot</strong></span> <span class='ocrx_word' id='word_1_213' title='bbox 204 2262 316 2341; x_wconf 80' lang='lat' dir='ltr'><strong>maria,¹</strong></span> <span class='ocrx_word' id='word_1_214' title='bbox 332 2276 431 2345; x_wconf 93' lang='lat' dir='ltr'><strong>portus</strong></span> <span class='ocrx_word' id='word_1_215' title='bbox 452 2265 649 2342; x_wconf 85' lang='lat' dir='ltr'><strong>gremiumque</strong></span> <span class='ocrx_word' id='word_1_216' title='bbox 671 2272 813 2323; x_wconf 86' lang='lat' dir='ltr'><strong>terrarum</strong></span> <span class='ocrx_word' id='word_1_217' title='bbox 838 2263 1005 2322; x_wconf 86' lang='lat' dir='ltr'><strong>conmercio</strong></span> <span class='ocrx_word' id='word_1_218' title='bbox 1031 2270 1135 2340; x_wconf 89' lang='lat' dir='ltr'><strong>patens</strong></span> 
     </span>
    </p>

    <p class='ocr_par' dir='ltr' id='par_1_8' title="bbox 102 2346 1175 2763">
     <span class='ocr_line' id='line_1_26' title="bbox 102 2346 1134 2430; baseline -0.005 -21"><span class='ocrx_word' id='word_1_219' title='bbox 102 2352 264 2430; x_wconf 79' lang='lat' dir='ltr'><strong>mundique</strong></span> <span class='ocrx_word' id='word_1_220' title='bbox 281 2359 310 2411; x_wconf 89' lang='lat' dir='ltr'><strong>et</strong></span> <span class='ocrx_word' id='word_1_221' title='bbox 325 2346 467 2429; x_wconf 74' lang='lat' dir='ltr'><strong>tamquam</strong></span> <span class='ocrx_word' id='word_1_222' title='bbox 481 2348 620 2408; x_wconf 88' lang='lat' dir='ltr'><strong>iuvandos</strong></span> <span class='ocrx_word' id='word_1_223' title='bbox 635 2347 672 2407; x_wconf 90' lang='lat' dir='ltr'><strong>ad</strong></span> <span class='ocrx_word' id='word_1_224' title='bbox 686 2346 814 2407; x_wconf 88' lang='lat' dir='ltr'><strong>mortalis</strong></span> <span class='ocrx_word' id='word_1_225' title='bbox 826 2347 890 2426; x_wconf 90' lang='lat' dir='ltr'><strong>ipsa</strong></span> <span class='ocrx_word' id='word_1_226' title='bbox 907 2347 991 2407; x_wconf 84' lang='lat' dir='ltr'><strong>aride</strong></span> <span class='ocrx_word' id='word_1_227' title='bbox 1004 2348 1035 2407; x_wconf 92' lang='lat' dir='ltr'><strong>in</strong></span> <span class='ocrx_word' id='word_1_228' title='bbox 1045 2347 1134 2407; x_wconf 87' lang='lat' dir='ltr'><strong>maria</strong></span> 
     </span>
     <span class='ocr_line' id='line_1_27' title="bbox 140 2430 1175 2514; baseline -0.005 -19"><span class='ocrx_word' id='word_1_229' title='bbox 140 2452 326 2514; x_wconf 89' lang='lat' dir='ltr'><strong>procurrens.</strong></span> <span class='ocrx_word' id='word_1_230' title='bbox 349 2433 452 2513; x_wconf 88' lang='lat' dir='ltr'><strong>Neque</strong></span> <span class='ocrx_word' id='word_1_231' title='bbox 469 2432 584 2508; x_wconf 86' lang='lat' dir='ltr'><strong>ingenia</strong></span> <span class='ocrx_word' id='word_1_232' title='bbox 599 2432 727 2509; x_wconf 88' lang='lat' dir='ltr'><strong>ritusque</strong></span> <span class='ocrx_word' id='word_1_233' title='bbox 743 2449 779 2491; x_wconf 92' lang='lat' dir='ltr'><strong>ac</strong></span> <span class='ocrx_word' id='word_1_234' title='bbox 792 2432 873 2492; x_wconf 85' lang='lat' dir='ltr'><strong>viros</strong></span> <span class='ocrx_word' id='word_1_235' title='bbox 889 2439 918 2491; x_wconf 91' lang='lat' dir='ltr'><strong>et</strong></span> <span class='ocrx_word' id='word_1_236' title='bbox 930 2430 1026 2508; x_wconf 88' lang='lat' dir='ltr'><strong>lingua</strong></span> <span class='ocrx_word' id='word_1_237' title='bbox 1036 2442 1175 2497; x_wconf 73' lang='lat' dir='ltr'><strong>manu-42</strong></span> 
     </span>
     <span class='ocr_line' id='line_1_28' title="bbox 140 2513 1132 2599; baseline -0.005 -21"><span class='ocrx_word' id='word_1_238' title='bbox 140 2538 196 2599; x_wconf 90' lang='lat' dir='ltr'><strong>que</strong></span> <span class='ocrx_word' id='word_1_239' title='bbox 215 2526 365 2596; x_wconf 85' lang='lat' dir='ltr'><strong>superatas</strong></span> <span class='ocrx_word' id='word_1_240' title='bbox 380 2533 564 2577; x_wconf 83' lang='lat' dir='ltr'><strong>commemoro</strong></span> <span class='ocrx_word' id='word_1_241' title='bbox 579 2516 684 2593; x_wconf 82' lang='lat' dir='ltr'><strong>gentis.</strong></span> <span class='ocrx_word' id='word_1_242' title='bbox 703 2516 759 2597; x_wconf 89' lang='lat' dir='ltr'><strong>ipsi</strong></span> <span class='ocrx_word' id='word_1_243' title='bbox 773 2516 811 2576; x_wconf 82' lang='lat' dir='ltr'><strong>tle</strong></span> <span class='ocrx_word' id='word_1_244' title='bbox 826 2534 862 2575; x_wconf 88' lang='lat' dir='ltr'><strong>ea</strong></span> <span class='ocrx_word' id='word_1_245' title='bbox 876 2516 1041 2576; x_wconf 82' lang='lat' dir='ltr'><strong>iudicavere</strong></span> <span class='ocrx_word' id='word_1_246' title='bbox 1054 2513 1132 2590; x_wconf 85' lang='lat' dir='ltr'><strong>Grai,</strong></span> 
     </span>
     <span class='ocr_line' id='line_1_29' title="bbox 140 2600 1133 2680; baseline -0.004 -19"><span class='ocrx_word' id='word_1_247' title='bbox 140 2620 233 2680; x_wconf 86' lang='lat' dir='ltr'><strong>genus</strong></span> <span class='ocrx_word' id='word_1_248' title='bbox 253 2603 282 2660; x_wconf 91' lang='lat' dir='ltr'><strong>in</strong></span> <span class='ocrx_word' id='word_1_249' title='bbox 307 2601 428 2679; x_wconf 81' lang='lat' dir='ltr'><strong>gloriam</strong></span> <span class='ocrx_word' id='word_1_250' title='bbox 444 2618 523 2660; x_wconf 91' lang='lat' dir='ltr'><strong>suam</strong></span> <span class='ocrx_word' id='word_1_251' title='bbox 543 2600 759 2674; x_wconf 75' lang='lat' dir='ltr'><strong>effusissimum,</strong></span> <span class='ocrx_word' id='word_1_252' title='bbox 780 2609 897 2677; x_wconf 92' lang='lat' dir='ltr'><strong>quotam</strong></span> <span class='ocrx_word' id='word_1_253' title='bbox 916 2608 1028 2676; x_wconf 85' lang='lat' dir='ltr'><strong>partem</strong></span> <span class='ocrx_word' id='word_1_254' title='bbox 1043 2617 1081 2659; x_wconf 82' lang='lat' dir='ltr'><strong>ex</strong></span> <span class='ocrx_word' id='word_1_255' title='bbox 1098 2616 1133 2658; x_wconf 90' lang='lat' dir='ltr'><strong>ea</strong></span> 
     </span>
     <span class='ocr_line' id='line_1_30' title="bbox 141 2678 1133 2763; baseline -0.007 -17"><span class='ocrx_word' id='word_1_256' title='bbox 141 2685 317 2763; x_wconf 87' lang='lat' dir='ltr'><strong>appellando</strong></span> <span class='ocrx_word' id='word_1_257' title='bbox 330 2678 478 2745; x_wconf 78' lang='lat' dir='ltr'><strong>Graeciam</strong></span> <span class='ocrx_word' id='word_1_258' title='bbox 493 2683 634 2760; x_wconf 84' lang='lat' dir='ltr'><strong>magnam!</strong></span> <span class='ocrx_word' id='word_1_259' title='bbox 652 2682 787 2742; x_wconf 88' lang='lat' dir='ltr'><strong>Nimirum</strong></span> <span class='ocrx_word' id='word_1_260' title='bbox 799 2682 829 2743; x_wconf 88' lang='lat' dir='ltr'><strong>id</strong></span> <span class='ocrx_word' id='word_1_261' title='bbox 840 2682 917 2761; x_wconf 87' lang='lat' dir='ltr'><strong>quod</strong></span> <span class='ocrx_word' id='word_1_262' title='bbox 928 2683 957 2740; x_wconf 89' lang='lat' dir='ltr'><strong>in</strong></span> <span class='ocrx_word' id='word_1_263' title='bbox 968 2683 1044 2741; x_wconf 86' lang='lat' dir='ltr'><strong>caeli</strong></span> <span class='ocrx_word' id='word_1_264' title='bbox 1054 2699 1133 2754; x_wconf 89' lang='lat' dir='ltr'><strong>men·</strong></span> 
     </span>
    </p>

    <p class='ocr_par' dir='ltr' id='par_1_9' title="bbox 107 2764 1175 3181">
     <span class='ocr_line' id='line_1_31' title="bbox 107 2764 1133 2846; baseline -0.007 -18"><span class='ocrx_word' id='word_1_265' title='bbox 107 2785 133 2827; x_wconf 86' lang='lat' dir='ltr'><strong>so</strong></span> <span class='ocrx_word' id='word_1_266' title='bbox 142 2771 218 2829; x_wconf 86' lang='lat' dir='ltr'><strong>tione</strong></span> <span class='ocrx_word' id='word_1_267' title='bbox 229 2769 351 2829; x_wconf 88' lang='lat' dir='ltr'><strong>ieeimus</strong></span> <span class='ocrx_word' id='word_1_268' title='bbox 365 2769 419 2829; x_wconf 90' lang='lat' dir='ltr'><strong>hac</strong></span> <span class='ocrx_word' id='word_1_269' title='bbox 435 2784 550 2846; x_wconf 88' lang='lat' dir='ltr'><strong>quoque</strong></span> <span class='ocrx_word' id='word_1_270' title='bbox 564 2768 593 2826; x_wconf 88' lang='lat' dir='ltr'><strong>in</strong></span> <span class='ocrx_word' id='word_1_271' title='bbox 607 2776 690 2844; x_wconf 92' lang='lat' dir='ltr'><strong>parte</strong></span> <span class='ocrx_word' id='word_1_272' title='bbox 705 2765 866 2827; x_wconf 85' lang='lat' dir='ltr'><strong>laciendum</strong></span> <span class='ocrx_word' id='word_1_273' title='bbox 881 2774 937 2839; x_wconf 87' lang='lat' dir='ltr'><strong>est,</strong></span> <span class='ocrx_word' id='word_1_274' title='bbox 953 2773 982 2823; x_wconf 92' lang='lat' dir='ltr'><strong>ut</strong></span> <span class='ocrx_word' id='word_1_275' title='bbox 997 2764 1133 2842; x_wconf 82' lang='lat' dir='ltr'><strong>quasdam</strong></span> 
     </span>
     <span class='ocr_line' id='line_1_32' title="bbox 142 2850 1132 2929; baseline -0.007 -18"><span class='ocrx_word' id='word_1_276' title='bbox 142 2862 224 2912; x_wconf 88' lang='lat' dir='ltr'><strong>notas</strong></span> <span class='ocrx_word' id='word_1_277' title='bbox 246 2860 276 2911; x_wconf 90' lang='lat' dir='ltr'><strong>et</strong></span> <span class='ocrx_word' id='word_1_278' title='bbox 299 2869 390 2929; x_wconf 87' lang='lat' dir='ltr'><strong>pauca</strong></span> <span class='ocrx_word' id='word_1_279' title='bbox 414 2852 511 2910; x_wconf 86' lang='lat' dir='ltr'><strong>sidem</strong></span> <span class='ocrx_word' id='word_1_280' title='bbox 531 2852 710 2927; x_wconf 89' lang='lat' dir='ltr'><strong>attingamus.</strong></span> <span class='ocrx_word' id='word_1_281' title='bbox 738 2850 873 2925; x_wconf 82' lang='lat' dir='ltr'><strong>legentes</strong></span> <span class='ocrx_word' id='word_1_282' title='bbox 894 2855 1000 2906; x_wconf 91' lang='lat' dir='ltr'><strong>tantum</strong></span> <span class='ocrx_word' id='word_1_283' title='bbox 1022 2863 1132 2926; x_wconf 88' lang='lat' dir='ltr'><strong>quaeso</strong></span> 
     </span>
     <span class='ocr_line' id='line_1_33' title="bbox 140 2928 1175 3011; baseline -0.005 -16"><span class='ocrx_word' id='word_1_284' title='bbox 140 2936 320 2995; x_wconf 89' lang='lat' dir='ltr'><strong>meminerint</strong></span> <span class='ocrx_word' id='word_1_285' title='bbox 341 2934 377 2994; x_wconf 87' lang='lat' dir='ltr'><strong>ad</strong></span> <span class='ocrx_word' id='word_1_286' title='bbox 397 2932 509 3011; x_wconf 87' lang='lat' dir='ltr'><strong>singula</strong></span> <span class='ocrx_word' id='word_1_287' title='bbox 532 2941 594 2992; x_wconf 92' lang='lat' dir='ltr'><strong>toto</strong></span> <span class='ocrx_word' id='word_1_288' title='bbox 611 2932 684 2991; x_wconf 92' lang='lat' dir='ltr'><strong>orbe</strong></span> <span class='ocrx_word' id='word_1_289' title='bbox 701 2931 897 2991; x_wconf 82' lang='lat' dir='ltr'><strong>edissertanda</strong></span> <span class='ocrx_word' id='word_1_290' title='bbox 911 2930 1050 2990; x_wconf 80' lang='lat' dir='ltr'><strong>festinari.</strong></span> <span class='ocrx_word' id='word_1_291' title='bbox 1079 2928 1175 2995; x_wconf 75' lang='lat' dir='ltr'><strong>Estts</strong></span> 
     </span>
     <span class='ocr_line' id='line_1_34' title="bbox 142 3014 1131 3096; baseline -0.006 -18"><span class='ocrx_word' id='word_1_292' title='bbox 142 3036 215 3095; x_wconf 84' lang='lat' dir='ltr'><strong>ergo</strong></span> <span class='ocrx_word' id='word_1_293' title='bbox 230 3018 302 3078; x_wconf 87' lang='lat' dir='ltr'><strong>lolio</strong></span> <span class='ocrx_word' id='word_1_294' title='bbox 319 3036 450 3078; x_wconf 84' lang='lat' dir='ltr'><strong>maxume</strong></span> <span class='ocrx_word' id='word_1_295' title='bbox 469 3034 579 3096; x_wconf 91' lang='lat' dir='ltr'><strong>querno</strong></span> <span class='ocrx_word' id='word_1_296' title='bbox 594 3015 763 3089; x_wconf 80' lang='lat' dir='ltr'><strong>adsimilem,</strong></span> <span class='ocrx_word' id='word_1_297' title='bbox 778 3014 866 3074; x_wconf 92' lang='lat' dir='ltr'><strong>multo</strong></span> <span class='ocrx_word' id='word_1_298' title='bbox 883 3015 1059 3091; x_wconf 84' lang='lat' dir='ltr'><strong>proceritate</strong></span> <span class='ocrx_word' id='word_1_299' title='bbox 1074 3031 1131 3074; x_wconf 92' lang='lat' dir='ltr'><strong>am-</strong></span> 
     </span>
     <span class='ocr_line' id='line_1_35' title="bbox 142 3098 1132 3181; baseline -0.004 -20"><span class='ocrx_word' id='word_1_300' title='bbox 142 3101 219 3180; x_wconf 89' lang='lat' dir='ltr'><strong>plior</strong></span> <span class='ocrx_word' id='word_1_301' title='bbox 232 3121 317 3181; x_wconf 92' lang='lat' dir='ltr'><strong>quarn</strong></span> <span class='ocrx_word' id='word_1_302' title='bbox 329 3102 488 3177; x_wconf 87' lang='lat' dir='ltr'><strong>latitudine,</strong></span> <span class='ocrx_word' id='word_1_303' title='bbox 504 3102 532 3160; x_wconf 90' lang='lat' dir='ltr'><strong>in</strong></span> <span class='ocrx_word' id='word_1_304' title='bbox 547 3100 660 3161; x_wconf 85' lang='lat' dir='ltr'><strong>laevam</strong></span> <span class='ocrx_word' id='word_1_305' title='bbox 670 3117 704 3158; x_wconf 90' lang='lat' dir='ltr'><strong>se</strong></span> <span class='ocrx_word' id='word_1_306' title='bbox 716 3099 837 3157; x_wconf 81' lang='lat' dir='ltr'><strong>flectens</strong></span> <span class='ocrx_word' id='word_1_307' title='bbox 849 3099 996 3158; x_wconf 86' lang='lat' dir='ltr'><strong>cacumine</strong></span> <span class='ocrx_word' id='word_1_308' title='bbox 1007 3108 1037 3159; x_wconf 89' lang='lat' dir='ltr'><strong>et</strong></span> <span class='ocrx_word' id='word_1_309' title='bbox 1046 3098 1132 3158; x_wconf 80' lang='lat' dir='ltr'><strong>Ama·</strong></span> 
     </span>
    </p>
   </div>
   <div class='ocr_carea' id='block_1_3' title="bbox 0 3181 1132 3263">
    <p class='ocr_par' dir='ltr' id='par_1_10' title="bbox 0 3181 1132 3263">
     <span class='ocr_line' id='line_1_36' title="bbox 0 3181 1132 3263; baseline -0.01 -14"><span class='ocrx_word' id='word_1_310' title='bbox 0 3187 5 3199; x_wconf 84' lang='lat'>&#39;</span> <span class='ocrx_word' id='word_1_311' title='bbox 107 3206 134 3248; x_wconf 79' lang='lat' dir='ltr'><strong>au</strong></span> <span class='ocrx_word' id='word_1_312' title='bbox 143 3187 262 3245; x_wconf 74' lang='lat' dir='ltr'><strong>monicae</strong></span> <span class='ocrx_word' id='word_1_313' title='bbox 279 3188 371 3263; x_wconf 87' lang='lat' dir='ltr'><strong>ligura</strong></span> <span class='ocrx_word' id='word_1_314' title='bbox 387 3186 525 3246; x_wconf 83' lang='lat' dir='ltr'><strong>desinens</strong></span> <span class='ocrx_word' id='word_1_315' title='bbox 539 3201 668 3261; x_wconf 85' lang='lat' dir='ltr'><strong>parmae,</strong></span> <span class='ocrx_word' id='word_1_316' title='bbox 685 3182 735 3242; x_wconf 92' lang='lat' dir='ltr'><strong>nbi</strong></span> <span class='ocrx_word' id='word_1_317' title='bbox 748 3200 765 3241; x_wconf 89' lang='lat' dir='ltr'><strong>a</strong></span> <span class='ocrx_word' id='word_1_318' title='bbox 778 3182 874 3241; x_wconf 86' lang='lat' dir='ltr'><strong>medio</strong></span> <span class='ocrx_word' id='word_1_319' title='bbox 888 3200 1013 3244; x_wconf 81' lang='lat' dir='ltr'><strong>excursu</strong></span> <span class='ocrx_word' id='word_1_320' title='bbox 1028 3181 1132 3242; x_wconf 79' lang='lat' dir='ltr'><strong>cocin-</strong></span> 
     </span>
    </p>
   </div>
   <div class='ocr_carea' id='block_1_4' title="bbox 140 3265 1172 3429">
    <p class='ocr_par' dir='ltr' id='par_1_11' title="bbox 140 3265 1172 3429">
     <span class='ocr_line' id='line_1_37' title="bbox 141 3265 1131 3346; baseline -0.003 -19"><span class='ocrx_word' id='word_1_321' title='bbox 141 3268 207 3328; x_wconf 88' lang='lat' dir='ltr'><strong>thos</strong></span> <span class='ocrx_word' id='word_1_322' title='bbox 225 3279 355 3343; x_wconf 71' lang='lat' dir='ltr'><strong>vocatur,</strong></span> <span class='ocrx_word' id='word_1_323' title='bbox 372 3286 426 3346; x_wconf 91' lang='lat' dir='ltr'><strong>per</strong></span> <span class='ocrx_word' id='word_1_324' title='bbox 441 3268 518 3326; x_wconf 91' lang='lat' dir='ltr'><strong>sinus</strong></span> <span class='ocrx_word' id='word_1_325' title='bbox 534 3266 654 3328; x_wconf 80' lang='lat' dir='ltr'><strong>lunatos.</strong></span> <span class='ocrx_word' id='word_1_326' title='bbox 664 3266 721 3326; x_wconf 80' lang='lat' dir='ltr'><strong>(luo</strong></span> <span class='ocrx_word' id='word_1_327' title='bbox 735 3282 843 3326; x_wconf 87' lang='lat' dir='ltr'><strong>cornua</strong></span> <span class='ocrx_word' id='word_1_328' title='bbox 859 3267 1006 3341; x_wconf 83' lang='lat' dir='ltr'><strong>emittens,</strong></span> <span class='ocrx_word' id='word_1_329' title='bbox 1021 3265 1131 3325; x_wconf 80' lang='lat' dir='ltr'><strong>benco-</strong></span> 
     </span>
     <span class='ocr_line' id='line_1_38' title="bbox 140 3347 1172 3429; baseline -0.006 -17"><span class='ocrx_word' id='word_1_330' title='bbox 140 3362 251 3429; x_wconf 88' lang='lat' dir='ltr'><strong>petram</strong></span> <span class='ocrx_word' id='word_1_331' title='bbox 273 3352 390 3427; x_wconf 87' lang='lat' dir='ltr'><strong>dextra,</strong></span> <span class='ocrx_word' id='word_1_332' title='bbox 413 3350 557 3411; x_wconf 78' lang='lat' dir='ltr'><strong>Lacinium</strong></span> <span class='ocrx_word' id='word_1_333' title='bbox 578 3351 700 3410; x_wconf 82' lang='lat' dir='ltr'><strong>sinistre</strong></span> <span class='ocrx_word' id='word_1_334' title='bbox 730 3349 812 3410; x_wconf 85' lang='lat' dir='ltr'><strong>Patet</strong></span> <span class='ocrx_word' id='word_1_335' title='bbox 831 3348 1007 3426; x_wconf 84' lang='lat' dir='ltr'><strong>longitudine</strong></span> <span class='ocrx_word' id='word_1_336' title='bbox 1029 3348 1066 3408; x_wconf 87' lang='lat' dir='ltr'><strong>ab</strong></span> <span class='ocrx_word' id='word_1_337' title='bbox 1088 3347 1132 3407; x_wconf 90' lang='lat' dir='ltr'><strong>ln·</strong></span> <span class='ocrx_word' id='word_1_338' title='bbox 1168 3410 1172 3419; x_wconf 61' lang='grc'><em>,</em></span> 
     </span>
    </p>
   </div>
   <div class='ocr_carea' id='block_1_5' title="bbox 142 3431 1132 3575">
    <p class='ocr_par' dir='ltr' id='par_1_12' title="bbox 142 3431 1132 3575">
     <span class='ocr_line' id='line_1_39' title="bbox 142 3431 1132 3575; baseline -0.007 -80"><span class='ocrx_word' id='word_1_339' title='bbox 142 3434 238 3511; x_wconf 79' lang='lat' dir='ltr'><strong>alpino</strong></span> <span class='ocrx_word' id='word_1_340' title='bbox 254 3435 310 3496; x_wconf 88' lang='lat' dir='ltr'><strong>line</strong></span> <span class='ocrx_word' id='word_1_341' title='bbox 326 3434 492 3496; x_wconf 88' lang='lat' dir='ltr'><strong>Praetoriae</strong></span> <span class='ocrx_word' id='word_1_342' title='bbox 504 3432 652 3511; x_wconf 79' lang='lat' dir='ltr'><strong>Augustae</strong></span> <span class='ocrx_word' id='word_1_343' title='bbox 666 3451 722 3513; x_wconf 88' lang='lat' dir='ltr'><strong>per</strong></span> <span class='ocrx_word' id='word_1_344' title='bbox 734 3433 835 3493; x_wconf 89' lang='lat' dir='ltr'><strong>urbem</strong></span> <span class='ocrx_word' id='word_1_345' title='bbox 847 3431 1033 3575; x_wconf 73' lang='lat' dir='ltr'><strong>quqamque</strong></span> <span class='ocrx_word' id='word_1_346' title='bbox 1048 3448 1132 3493; x_wconf 85' lang='lat' dir='ltr'><strong>cursu</strong></span> 
     </span>
    </p>
   </div>
   <div class='ocr_carea' id='block_1_6' title="bbox 0 0 1276 3842">
    <p class='ocr_par' dir='ltr' id='par_1_13' title="bbox 0 0 1276 3842">
     <span class='ocr_line' id='line_1_40' title="bbox 0 0 1276 3842; baseline 0 0"><span class='ocrx_word' id='word_1_347' title='bbox 0 0 1276 3842; x_wconf 95' lang='lat' dir='ltr'><strong> </strong></span> 
     </span>
    </p>
   </div>
  </div>
 </body>
</html>
