2542 3842
340 177 419 226 sen.
434 176 527 226 msa.
542 171 727 230 v1.1o-1t.
745 160 894 260 (ns-21.)
1048 163 1107 225 227

115 335 231 397 dulcem
255 348 323 395 esse
343 343 374 395 et
387 331 555 394 Alexander
567 331 688 410 Hagnas
705 331 830 412 prodidit
845 342 874 393 et
895 331 933 394 bi.
951 331 1044 394 Varro
1067 342 1108 394 ta·

115 420 173 479 lem
190 418 332 498 perlatum
346 417 483 497 Pompeio
506 418 583 477 iuxta
604 435 654 476 res
674 417 788 494 gerenti
808 413 999 479 Mithridatico
1016 417 1107 492 bello,

114 502 308 648 ιιᾶιιςιίῗιίἰιο
319 501 392 645 haut
398 499 490 645 tdlubic
503 500 810 646 ἷιιῆιιιῖιῐίιιιιιέιιιιξιιιιι
820 500 985 645 ploltodsalle.
1008 501 1106 648 Adipit
1116 515 1151 568 52

114 605 192 648 rem
230 604 276 646 om
299 605 327 645 er
361 604 398 646 nc
444 602 501 663 exp
515 601 565 644 cra
596 602 670 644 mrn
708 600 742 644 ac
770 601 805 643 os
908 604 935 648 re
957 604 991 644 us
1013 601 1051 646 ex
1077 606 1107 647 n·

90 672 162 732 adia
176 604 323 750 perrerbri
337 668 373 730 ad
386 668 517 729 lachrum
533 668 638 729 ilumen
653 669 772 748 quodie
788 666 880 734 Oxum
893 667 1007 745 inlluat,
1028 681 1056 730 et
1072 691 1110 732 ex

116 772 155 815 eo
171 773 227 834 per
241 751 376 832 Caspium
389 755 419 812 in
434 750 540 829 Gyrmn
554 751 729 827 subvectos,
752 761 781 814 et
795 750 823 811 V
837 769 895 812 non
910 753 1031 831 amplius
1048 752 1108 816 die·

114 857 178 900 rum
197 848 315 899 terreno
338 839 442 898 itinere
462 835 499 898 ad
513 835 626 897 Phasim
644 837 674 896 in
687 835 806 897 Pontum
821 835 934 898 lndicas
955 853 1043 915 posse
1059 837 1108 898 de·

114 916 184 984 vehi
195 923 311 983 mercis.
340 921 455 983 Insulae
470 921 575 982 totuin
591 937 627 980 eo
642 923 713 982 mari
723 921 840 999 multae,
855 919 972 1000 uolgata
987 939 1040 980 una
1052 940 1109 983 ma·

116 1024 204 1068 nume
220 1006 335 1068 Tazata.

82 1105 109 1147 so
202 1090 286 1169 (to.)
311 1089 338 1150 A
351 1086 459 1169 Caspio
475 1089 546 1149 mari
557 1086 755 1168 Scythicoque
770 1106 882 1150 oceano
893 1089 921 1148 in
936 1087 1027 1150 Eoum
1043 1107 1104 1149 cur·
1117 1101 1151 1154 53

117 1193 168 1236 sus
183 1174 336 1235 inflectitur
350 1175 385 1234 ad
402 1174 544 1234 orientem
559 1189 702 1233 conversa
716 1173 830 1233 litorum
841 1173 946 1233 fronte.
969 1172 1108 1233 lnhabita·

117 1259 186 1320 bilis
206 1261 267 1319 eius
283 1258 378 1340 prima
400 1274 468 1336 pars
482 1275 498 1318 a
513 1256 652 1331 Scythico
672 1257 869 1335 promontorio
886 1255 966 1316 ob
938 1258 1021 1331 urvis,
1043 1275 1109 1336 pro·

117 1360 202 1404 xuma
225 1342 332 1403 inculta
349 1341 468 1402 saevitia
482 1341 618 1418 gentium.
663 1338 904 1419 Anthropophagi
919 1341 1077 1417 Scythae
1068 1360 1108 1400 rn-

7 1438 8 1467 i
119 1428 213 1488 sident
228 1427 356 1486 humanis
374 1424 545 1505 corporibus
562 1433 727 1484 vescentes.
748 1425 840 1484 ideo
831 1434 908 1486 ruxta
924 1433 1024 1484 vastae
1042 1425 1122 1485 soti·-

7 1520 8 1551 ι
84 1511 233 1572 tsmdines
253 1509 438 1588 ferarumque
462 1497 611 1570 multitudo
630 1507 698 1569 haut
721 1508 886 1570 dissimilem
905 1509 1077 1569 hominum·
1069 1527 1109 1568 m-

6 1604 8 1635 ἐ
119 1597 281 1655 manitatem
302 1593 449 1654 obsidens.
490 1594 597 1654 lterum
613 1591 717 1652 deinde
733 1591 858 1668 Scythae
879 1594 1038 1672 iterumque
1059 1592 1109 1653 de-

7 1700 8 1731 ι
120 1687 199 1740 serta
219 1697 283 1739 cum
305 1676 414 1754 beluis,
436 1694 528 1756 nsque
549 1677 615 1738 ad
605 1695 701 1754 rugum
722 1676 859 1737 incubans
881 1696 951 1738 marr
944 1677 1044 1758 q'uod
1057 1694 1109 1736 uo-

7 1820 8 1827 ,
120 1771 187 1824 cant
206 1762 315 1823 l'abirn.
365 1760 429 1822 Nec
453 1769 518 1827 ante
539 1761 681 1822 dimidiam
705 1760 797 1821 ferme
823 1761 1026 1839 longitudinem
1048 1763 1110 1820 cios

7 1936 8 1953 ι
84 1863 285 1991 litii
298 1845 1108 2009 illilmililtiiliillilliltliilii
1118 1937 1152 1991 m

7 1996 10 2015 ’
120 2015 213 2088 biles,
236 2013 382 2090 perfusam
401 2031 476 2093 aqua
492 2012 682 2091 depectentes
703 2013 844 2073 frondium
865 2013 1013 2087 canitiem,
1035 2013 1110 2072 unde

119 2098 252 2174 geminus
270 2095 383 2155 feminis
396 2097 501 2157 nostris
519 2094 602 2155 labor
614 2095 800 2155 redordiendi
824 2094 871 2155 iila
886 2113 1054 2173 rursumque
1067 2104 1109 2154 te-

120 2180 219 2241 xendi.
253 2187 310 2238 tam
323 2179 474 2256 multiplici
495 2193 601 2255 opere,
623 2185 680 2236 tam
701 2175 857 2254 longinquo
873 2176 945 2236 orbe
962 2179 1067 2256 petitur
1083 2188 1111 2237 ut

119 2267 150 2324 in
174 2262 291 2343 publico
312 2270 440 2322 matrona
462 2260 610 2320 traluceat.
658 2260 747 2321 Seres
764 2261 849 2320 mites
863 2259 991 2340 quidem,
1014 2261 1066 2320 sed
1082 2269 1112 2321 et

86 2360 114 2399 to
122 2349 177 2426 ipsi
192 2346 262 2407 deris
278 2345 387 2426 similes
401 2354 514 2407 coetum
528 2343 705 2423 reliquorum
719 2344 878 2405 mortalium
892 2344 1019 2422 lugiunt,
1042 2343 1109 2404 c'on·

120 2433 228 2492 mercia
243 2439 422 2510 exspectant.
446 2429 567 2490 Primum
582 2445 682 2489 corum
695 2429 825 2490 noscitur
838 2428 942 2491 humen
952 2426 1107 2503 Psitharas,
1119 2437 1153 2488 55

121 2532 290 2594 proxumum
313 2513 463 2590 Cambari,
492 2513 605 2574 tertium
618 2512 738 2590 ·banos,
767 2531 784 2574 a
809 2531 865 2592 quo
888 2514 1112 2593 promontorium

8 2624 10 2653 1
124 2597 254 2698 Chryse,
275 2596 517 2674 sinuscyrnaba,
540 2597 644 2658 humen
659 2597 796 2674 Atianos,
817 2599 896 2658 sinus
917 2606 946 2658 et
966 2615 1041 2674 gens
1060 2595 1110 2656 ho·

123 2685 227 2743 minum
246 2682 432 2760 Attacorum,
456 2682 563 2760 apricis
588 2680 625 2742 ab
652 2682 727 2743 omni
751 2683 838 2741 noxio
868 2681 972 2741 adilatu
997 2679 1112 2740 seclusa

9 2772 10 2795 *
88 2765 258 2826 ³⁰collibus.
297 2767 399 2827 eadem
421 2783 476 2846 qua
497 2763 681 2844 Hyperborei
698 2766 805 2843 degunt
825 2765 974 2842 temperie.
1020 2764 1095 2823 de''
1076 2782 1112 2822 us

123 2851 254 2928 privatim
284 2849 410 2911 condidit
432 2848 567 2908 volumen
590 2847 770 2922 Amometus,
799 2847 872 2906 sicut
893 2845 1055 2907 Hecataeus
1074 2846 1111 2907 de

9 2934 11 2967 l
108 2931 331 3011 Hyperboreis.
376 2931 422 2992 Ab
436 2929 581 2992 Attacoris
595 2940 701 3009 gentes
718 2891 809 2991 Thbr'ri
825 2939 854 2990 et
868 2928 989 3004 Focari,
1005 2931 1065 2990 ·'et
1057 2947 1112 2990 ram

123 3016 256 3076 Indorum
286 3014 379 3076 Casiri
404 3017 546 3076 introrsus
572 3016 609 3076 ad
636 3014 760 3089 Scythas
787 3015 864 3072 versi
890 3013 1018 3073 humanis
1048 3031 1111 3073 cor·

9 3142 11 3147 .
124 3098 243 3178 poribus
259 3108 430 3177 vescuntur,
450 3097 595 3160 Nomades
610 3115 726 3176 quoque
743 3097 840 3158 Indiae
856 3105 1021 3175 vagantum
1041 3097 1114 3158 Sunt

90 3187 172 3263 ³⁵qui
193 3183 230 3244 ab
245 3184 379 3262 aquilone
402 3183 528 3260 contingi
547 3180 583 3244 ab
604 3182 675 3261 ipsis
691 3191 720 3242 et
735 3179 978 3243 Ciconasdinere
1000 3191 1028 3242 ct
1043 3179 1112 3256 bry-

125 3284 218 3328 seros.

209 3350 293 3431 (21.)
325 3349 386 3411 Sed
407 3350 481 3422 unde
501 3347 586 3429 plane
609 3359 741 3411 constent
763 3358 867 3429 gentes
882 3349 985 3412 Emodi
999 3357 1155 3412 montesio

124 3436 297 3515 adsurgunt,
323 3434 514 3516 ludorumque
535 3451 607 3513 gens
627 3436 726 3516 incipit
751 3453 808 3496 non
825 3432 1017 3578 Eooitgptum
1044 3432 1114 3494 mari
