2542 3842
159 172 178 230 4
414 190 417 195 ·
499 181 529 247 o.
552 182 648 229 autur
670 182 821 230 suouum
857 192 861 197 ·

161 346 241 410 sunt,
261 335 470 414 agricolarum,
487 336 622 415 opiticum
638 336 757 413 turbae,
776 337 903 417 denique
918 336 1078 399 studiorum
1092 338 1165 397 otio·

163 423 212 481 sis.
243 422 311 501 quid
332 431 361 480 te
383 421 509 505 iudicem
525 420 635 483 iacisi.
653 441 718 482 cum
732 421 807 481 hanc
828 440 948 501 operam
966 423 1162 497 condicerem,

160 523 218 565 non
233 524 300 565 eras
316 506 344 563 iu
361 505 418 564 hoc
433 505 511 565 albo.
535 508 674 567 maiorem
690 516 720 566 te
737 505 876 582 solebam,
893 525 977 585 quam
993 517 1024 566 ut
1039 507 1161 566 descen·

34 605 39 617 ‘
108 574 257 650 ‘⁷surum
279 589 335 649 lruc
359 594 499 668 putarem.
527 600 683 669 praeterea
707 600 753 650 est
774 591 915 670 quaedam
948 591 1064 671 publica
1082 592 1167 650 etiam

161 676 338 735 eruditorum
358 674 492 735 reiectio.
522 675 608 734 utitur
632 666 682 735 illa
705 684 735 734 et
751 673 789 734 ll.
808 674 919 735 Tullius
947 684 1030 735 extra
1052 692 1189 741 omnem5

161 760 258 836 ingeni
274 758 368 819 aleam
384 761 514 837 positus,
532 768 561 817 et
576 758 672 837 (quod
687 760 839 839 miremur)
857 777 911 838 per
926 761 1097 821 advocatum
1113 759 1162 819 de·
1255 727 1257 824 l

161 844 300 904 tenditur:
332 842 663 902 necdoctissimis.
705 841 1163 905 ManiumPersiumhaec
1255 845 1256 938 l

161 926 417 1005 legerenolo,
442 925 578 1002 lunium
595 924 757 1004 Congum
772 928 869 987 volo.
902 929 981 1008 quod
997 929 1022 989 si
1036 927 1093 989 lroc
1110 926 1162 987 er·

161 1014 255 1086 cilius,
271 1010 319 1088 qui
334 1009 443 1087 primus
459 1010 587 1071 condidit
603 1011 661 1070 stili
676 1030 787 1086 nasum,
803 1012 956 1075 dicendum
971 1013 1028 1073 sibi
1043 1014 1162 1092 putarit,
1255 1053 1256 1082 ,

162 1099 186 1155 si
205 1093 311 1155 Cicero
326 1094 527 1169 mutuandum,
544 1098 718 1173 praesertim
733 1114 798 1156 oum
813 1097 851 1157 de
867 1116 902 1157 re
917 1097 1035 1177 publica
1049 1095 1161 1157 seribe-
1174 1120 1198 1159 ro
1255 1095 1256 1162 i

19 1204 26 1211 ·
134 1181 217 1255 8ret,
235 1187 341 1257 quanto
359 1195 413 1237 nos
430 1180 573 1239 causatius
589 1180 626 1241 ab
642 1181 740 1260 aliquo
757 1180 853 1243 iudice
870 1179 1073 1244 defendimus?
1104 1182 1165 1241 Sed
1255 1177 1256 1260 l

161 1265 235 1324 haee
254 1281 312 1340 ego
328 1262 394 1323 milri
410 1282 485 1325 nuno
501 1267 664 1343 patrocinia
678 1268 773 1327 ademi
789 1269 1012 1345 nuncupatione,
1030 1267 1164 1345 quoniam
1255 1263 1256 1304 t

81 1382 83 1385 ·
161 1350 322 1427 plurumum
332 1348 442 1424 refert,
460 1351 597 1411 sortiatur
608 1352 714 1430 aliquis
726 1351 850 1411 iudicem
865 1369 901 1410 an
917 1351 1018 1426 eligat,
1034 1351 1163 1410 multum-

163 1450 220 1511 que
238 1433 394 1509 adparatus
415 1433 537 1492 interest
559 1436 636 1510 apud
657 1436 804 1494 invitatum
819 1433 964 1511 hospitem
980 1442 1009 1493 et
1024 1434 1162 1495 oblatum.

133 1515 233 1581 acrum
258 1515 334 1593 apud
350 1512 506 1589 Catonem,
530 1515 609 1575 illum
631 1517 753 1577 ambitus
776 1518 891 1577 hostem
906 1527 935 1577 et
951 1518 1079 1595 repulsis
1093 1526 1199 1576 tam-15

161 1616 246 1680 quam
271 1599 430 1659 honoribus
454 1600 589 1677 inemptis
611 1601 802 1677 gaudentem,
828 1601 1017 1679 flagrantibus
1040 1601 1163 1661 comitiis

161 1684 300 1763 pecunias
317 1684 501 1763 deponerent
519 1684 679 1760 candidati,
698 1685 755 1745 lroc
771 1686 922 1747 sefacere
939 1687 1017 1766 quod
1033 1696 1091 1748 turn
1108 1703 1162 1764 pro

161 1769 325 1829 innocentia
341 1766 431 1827 rebus
446 1768 575 1829 lrumauis
592 1788 730 1829 summum
746 1780 826 1830 esset
841 1771 1060 1849 profitebantur.
1092 1770 1164 1831 Inde

162 1853 210 1913 illa
237 1852 343 1911 nobilis
365 1850 403 1911 Μ.
429 1851 582 1913 Ciceronis
608 1854 779 1932 suspiratio:
812 1853 837 1913 0
863 1865 897 1915 tc
923 1857 1094 1933 felicem,
1123 1854 1161 1915 ll.

162 1938 289 2010 Porci,
316 1955 331 1996 a
358 1954 428 2014 quo
450 1950 522 1997 rom
544 1938 738 2015 inprobam
759 1949 892 2017 petere
915 1959 1019 2002 nemo
1035 1940 1199 2003 audetlro

117 2015 605 2099 100uritribunosappettarett.
622 2023 724 2101 Scipio
741 2023 902 2101 Asiaticus,
918 2028 993 2087 inter
1010 2044 1085 2106 quos
1102 2034 1164 2085 erat

70 2106 102 2197 ,¹
163 2103 329 2178 Gracchus,
358 2104 416 2165 troc
443 2104 633 2167 attestabatur
658 2107 707 2166 rel
734 2108 849 2169 inimico
875 2110 963 2171 iudici
990 2110 1163 2190 reprobari

161 2206 261 2267 posse.
295 2188 374 2249 adeo
396 2204 534 2263 summum
559 2191 684 2270 quisque
712 2210 819 2254 causae
846 2212 916 2254 suae
943 2196 1067 2257 iudicem
1094 2195 1163 2254 iacit

121 2282 149 2332 11
161 2290 383 2353 quamcumque,
397 2292 461 2333 oum
471 2272 563 2351 eligit,
576 2276 654 2336 unde
665 2278 837 2358 provocatio
848 2279 1022 2357 appellatur.
1045 2279 1087 2337 Te
1099 2280 1161 2355 qui·

162 2359 227 2417 dem
244 2358 271 2415 in
287 2356 489 2417 excelsissimo
505 2360 624 2433 generis
639 2360 753 2420 humani
768 2362 885 2438 fastigio
901 2366 1035 2441 positum,
1052 2379 1162 2421 summa
1172 2383 1199 2421 aa

75 2509 77 2513 ⁸
163 2441 340 2519 eloquentia,
356 2458 464 2501 sumum
475 2442 639 2502 eruditione
652 2445 822 2521 praeditum,
838 2448 980 2524 religiose
991 2447 1062 2507 adiri
1074 2446 1161 2505 etiam

162 2544 178 2583 a
197 2523 385 2584 salutantibus
401 2525 480 2599 scio,
504 2535 533 2585 et
548 2519 708 2588 ideouubit
727 2546 811 2605 cura,
828 2540 858 2589 ut
873 2550 948 2610 quoe
963 2532 1014 2591 tibi
1030 2532 1161 2591 dicantur

161 2618 190 2668 te
208 2608 292 2684 digna
308 2608 373 2667 sint.
404 2607 512 2669 Verum
535 2610 580 2669 dis
597 2611 673 2673 laete
691 2614 790 2673 rustici
805 2615 970 2695 multaeque
985 2625 1106 2694 gentes,
1130 2625 1160 2674 et

163 2693 239 2753 mola
254 2692 449 2753 tantumsalsa
461 2693 541 2753 litant
551 2695 600 2773 qui
615 2712 673 2755 non
683 2696 873 2776 habentture,
889 2720 949 2761 nec·
960 2702 1011 2761 ulli
1026 2701 1079 2761 luit
1089 2701 1160 2759 vitio

122 2784 155 2835 tt
163 2779 236 2837 deo
255 2776 355 2837 colere
378 2793 495 2855 quoquo
518 2780 604 2839 modo
627 2791 739 2859 posset.
771 2782 855 2844 dicae
873 2786 990 2863 quidem
1005 2786 1161 2847 temeritati
1173 2805 1198 2844 ao

80 2908 83 2913 v
163 2863 290 2923 accessit
305 2861 362 2923 lroc
378 2878 512 2940 quoque,
529 2864 606 2941 quod
624 2866 745 2925 levioris
762 2885 873 2946 operae
890 2869 946 2931 lios
961 2870 1012 2929 tibi
1028 2870 1161 2931 dedicavi

16 2954 18 2971 ⁸
163 2946 292 3006 libellos.
319 2963 383 3006 narn
404 2964 459 3006 neo
480 2946 576 3023 ingeni
594 2960 659 3009 sunt
674 2969 816 3030 capaces,
840 2954 918 3032 quod
933 2953 1061 3033 alioquin
1076 2953 1163 3014 uobis

163 3047 303 3108 perquam
318 3030 466 3091 mediocre
483 3040 555 3107 erat,
572 3050 626 3093 nec
640 3036 788 3097 admittunt
800 3055 941 3097 excessus
953 3048 1001 3099 aut
1011 3040 1161 3100 orationes
1241 3059 1246 3065 ·

145 3130 352 3175 sermonesve
370 3123 418 3173 aut
434 3132 519 3175 casus
540 3116 678 3179 mirabilis
693 3120 741 3180 vel
764 3123 1014 3197 eremmanos,
1037 3125 1162 3185 iucunda

123 3198 240 3258 ltdiotu
261 3206 309 3259 aut
324 3198 489 3275 legentibus
505 3199 625 3277 blanda,
650 3206 741 3263 sterili
764 3207 892 3266 materia.
924 3204 1030 3268 Rerum
1046 3219 1160 3283 natura,
1173 3231 1199 3271 aa

70 3332 76 3354 ,
164 3282 221 3341 iroo
236 3293 281 3343 est
295 3284 363 3357 vita,
380 3293 520 3359 narratur,
538 3286 655 3347 ethaeo
670 3288 867 3349 sordidissima
882 3292 926 3351 sui
942 3302 1036 3370 parte,
1052 3302 1083 3353 ut
1096 3294 1163 3371 plu·

64 3401 68 3440 ί
163 3385 304 3427 ruinarum
326 3384 422 3427 rerum
447 3378 495 3429 aut
516 3370 631 3431 rusticis
655 3371 807 3433 vocabulis
829 3384 878 3435 aut
902 3380 1046 3452 externis,
1074 3378 1161 3439 immo

60 3445 66 3543 3³
121 3444 304 3527 labarbaris,
323 3452 407 3513 etiarn
421 3470 483 3513 cum
497 3446 807 3533 lronoris'praeiatione
820 3460 972 3536 ponendis.
1002 3461 1162 3525 Praeterea

60 3553 63 3578 Ι
1059 3548 1063 3556 ,
