2542 3842
188 177 251 237 212
465 181 477 191 ’
525 187 555 236 o.
576 186 674 235 sunu
695 185 843 236 uacuum

90 363 94 371 ’
178 347 271 421 tero,
284 351 325 403 ει
347 343 376 403 in
399 341 571 402 Arconneso
598 341 734 421 oppidum
757 339 905 401 Ceramus.
955 337 984 398 in
1004 336 1107 400 Cariae
1130 327 1182 399 ora

190 447 265 507 qnae
279 436 418 488 uocantur
431 427 539 504 Argiae
553 443 673 485 numero
686 423 750 500 XX,
769 435 799 485 et
812 423 971 499 Hyetussa,
989 421 1111 500 Lepsia,
1127 421 1182 483 La·

150 521 266 576 lassos.
313 511 489 572 nobilissima
516 520 610 572 autem
632 511 663 570 in
690 525 726 569 eo
749 510 810 569 sinu
833 506 912 567 Coos
934 504 970 567 ab
993 504 1182 566 Halicarnaso

189 595 351 674 quindecim
366 595 424 654 mil.
439 612 575 674 passuum
599 593 725 669 distans,
748 593 867 652 circuitu
883 589 923 664 C,
945 599 976 649 ut
998 589 1097 669 plures
1122 591 1182 650 exi-

191 688 314 740 stumant
327 677 449 758 Merope
465 686 581 753 vocata,
593 675 654 736 Cea
669 684 700 736 ut
714 675 880 754 Staphylus,
889 673 1063 752 Meropis-ut
1074 673 1202 749 Diony-s

192 765 268 839 sius,
285 763 352 823 dein
367 755 544 840 Nymphaea.
578 777 660 819 mons
675 760 714 818 ihi
729 759 832 834 Prion,
848 765 878 817 ει
891 756 1018 832 Nisyron
1034 756 1184 836 abruptam

192 847 236 908 illi
253 855 366 925 putant,
385 863 460 923 quae
476 843 632 922 Porphyris
654 851 737 902 antea
758 843 833 902 dicta
849 850 902 900 est.
942 840 1016 901 Hinc
1033 839 1185 916 Caryanda

193 948 257 991 cum
274 929 392 1009 oppido.
426 946 482 987 neo
496 928 600 1006 procul
621 924 657 986 ab
679 925 867 986 Halicarnaso
888 923 1034 984 Pidossus.
1076 927 1105 984 in
1128 922 1182 984 Ce-

190 1013 300 1074 ramico
315 1021 409 1074 autem
425 1013 488 1071 sinu
502 1012 731 1090 Priaponesos,
749 1009 964 1088 Hippomene,
982 1008 1088 1085 Psyra,
1103 1006 1183 1068 ham·

194 1114 249 1178 psa
268 1095 450 1172 Aemyndus,
466 1095 599 1170 Passala,
616 1092 725 1170 Crusa,
747 1092 930 1168 Pinnioussa,
946 1092 1100 1170 Sepiussa,
1123 1091 1183 1151 He·
1195 1107 1220 1147 ro
1265 1103 1266 1110 ¹

193 1181 277 1256 lano,
293 1180 493 1260 paulumquea
508 1180 673 1238 continente
690 1179 797 1239 distans
812 1194 887 1254 quae
901 1185 1004 1236 vocata
1018 1184 1064 1235 est
1081 1174 1183 1236 Cinae-

8 1294 9 1301 i
63 1277 67 1285 '
195 1265 310 1345 dopolis
323 1264 474 1342 probrosis
487 1263 527 1322 ibi
542 1263 653 1322 relictis
669 1279 772 1338 aroge
785 1259 962 1321 Alexandro.

153 1359 204 1412 135
290 1346 373 1427 (37.)
398 1346 497 1407 Ioniae
516 1363 571 1409 ora
581 1346 700 1422 Aegeas
723 1353 752 1403 et
773 1343 900 1404 Corseas
921 1341 1009 1402 hahet
1024 1351 1053 1403 et
1070 1342 1183 1420 Icaron,

153 1433 240 1494 code
255 1449 311 1508 qua
326 1430 430 1491 dictum
445 1438 508 1506 est,
527 1428 624 1489 huden
642 1445 715 1507 quae
733 1429 812 1506 prius
827 1428 896 1486 hate
911 1426 1079 1504 vocabatur,
1097 1436 1185 1506 atque

195 1518 271 1575 inter
284 1513 420 1591 ignobilis
435 1514 545 1590 aliquot
559 1514 629 1573 duas
646 1510 806 1571 Camelidas
823 1509 922 1570 Hileto
940 1511 1064 1586 vicima,
1087 1505 1184 1586 Myca-
1197 1527 1222 1568 rs

196 1599 243 1658 lae
251 1597 394 1674 Trogilias
409 1599 471 1670 tris,
489 1595 609 1670 Philion,
625 1596 794 1672 Argennon,
813 1593 977 1669 Sandalion,
993 1595 1098 1655 Samon
1113 1593 1184 1654 libe·

196 1698 258 1740 ram
280 1681 399 1739 circuitu
421 1677 622 1739 cxxxviiii
645 1697 778 1756 passuum
796 1686 860 1753 aut,
883 1686 913 1736 ut
930 1676 1074 1754 Isidorus,
1101 1675 1125 1736 C
1145 1677 1183 1737 Μ.

196 1762 375 1825 Parthenium
403 1765 522 1842 primurn
548 1761 722 1841 appellatam
748 1760 922 1820 Aristoteles
946 1762 1058 1837 tradit,
1083 1769 1187 1840 postea

196 1845 369 1921 Dryussam,
385 1845 488 1906 deinde
500 1845 728 1905 Anthemussam.
761 1845 948 1906 Aristocritus
973 1845 1059 1905 adicit
1069 1844 1185 1904 Heium-

197 1929 336 2007 phyllum,
353 1929 418 1989 dein
434 1927 636 2008 Cyparissiam,
653 1929 702 1990 alii
712 1929 993 2004 Parthenoarussam,
1010 1927 1184 2006 Stephaneu.
1196 1949 1223 1988 ao

198 2031 297 2072 amnes
318 2015 347 2075 in
367 2030 401 2074 ea
422 2013 584 2089 Imbrasus,
606 2012 744 2090 Chesius,
764 2012 891 2089 lbettes,
912 2012 1008 2073 fontes
1032 2009 1183 2089 Gigartho,

176 2096 378 2174 leucothea,
415 2115 496 2158 mons
525 2096 685 2157 Cercetius.
738 2097 869 2158 adiacent
906 2096 1016 2158 insulae
1041 2094 1186 2174 Rhypara,

197 2179 380 2261 Nymphaea,
396 2181 539 2242 Achillea.

156 2271 209 2329 136
292 2264 375 2343 (38.)
396 2264 452 2325 Par
466 2266 596 2326 claritate
610 2265 647 2326 ab
665 2283 700 2325 ea
714 2265 801 2326 distat
811 2261 918 2324 XCIIII
931 2262 961 2321 Μ
975 2279 1110 2342 passuum
1125 2279 1189 2320 oum

200 2347 308 2425 oppido
330 2346 418 2407 Chios
438 2348 546 2422 libera,
576 2366 660 2425 qnam
681 2347 842 2408 Aethaliam
860 2346 995 2424 Ephorus
1015 2347 1116 2424 prisco
1138 2361 1225 2408 noas
1264 2409 1265 2422 ἶ

198 2432 275 2488 ruine
299 2428 443 2506 appellat,
468 2428 651 2488 Metrodorus
684 2439 714 2488 et
735 2428 894 2488 Cleobulus
916 2427 1015 2488 Chiam
1037 2445 1053 2488 a
1078 2427 1189 2488 Chione
1264 2435 1265 2462 ³

199 2511 339 2588 nympha,
354 2511 442 2588 aliqui
457 2528 473 2569 a
487 2511 570 2585 niue,
592 2519 622 2568 ει
639 2509 756 2569 Haurim
771 2519 802 2569 et
815 2510 967 2584 Pityusam,
997 2519 1121 2570 montem
1140 2511 1189 2571 ha·
1264 2579 1265 2588 ,

199 2594 250 2654 het
265 2592 444 2669 Pelinaeum,
459 2609 583 2652 marmor
599 2591 708 2652 Chium.
745 2593 865 2652 circuitu
886 2591 991 2653 CXXV
1004 2593 1034 2652 Μ
1057 2609 1193 2670 passuum
1264 2619 1265 2672 ι

201 2677 328 2755 colligit,
342 2686 374 2736 ut
386 2686 503 2736 veteres
518 2675 673 2752 tradidere,
691 2674 818 2735 isidorus
833 2674 914 2736 villi
927 2675 960 2738 Μ
972 2677 1065 2736 adicit.
1095 2678 1191 2754 posita
1264 2717 1265 2722 ι

202 2769 247 2821 εει
259 2762 332 2822 inter
344 2762 457 2822 Samum
471 2768 500 2819 et
511 2758 649 2834 hasbum,
664 2777 701 2818 ex
713 2759 836 2820 adverso
847 2777 977 2821 maxume
994 2757 1189 2835 Erythrarum.
1201 2781 1229 2822 so
1264 2750 1265 2806 l

159 2853 211 2909 137
218 2844 367 2906 Finitimaa
382 2853 447 2905 sunt
464 2843 582 2904 Tellusa
596 2861 681 2922 quam
695 2843 743 2903 aiii
756 2843 955 2922 Daphnussam
970 2843 1115 2920 scribunt,
1133 2842 1190 2902 Oe·
1264 2853 1265 2884 ι

201 2946 302 3005 nussa,
323 2927 481 3007 Elaphitis,
505 2926 704 3003 Eurpanassa,
727 2928 870 3005 Arginnsa
891 2945 955 2987 oum
978 2927 1095 3006 oppido.
1133 2924 1192 2986 Iam

201 3013 257 3072 hae
277 3014 355 3072 circa
381 3009 526 3091 Ephesum
554 3019 683 3090 atquae
710 3003 847 3071 Pisistrati
872 3021 1014 3095 vocantur
1039 3007 1191 3083 Anthinae,

201 3093 394 3172 Myonnesos,
414 3095 570 3156 Diarreusa
587 3096 767 3173 (inutraque
785 3094 890 3174 oppida
911 3094 1116 3174 intercidere),
1137 3090 1191 3150 Po·

197 3178 339 3239 roselene
354 3194 418 3238 oum
432 3180 558 3257 oppido,
581 3178 721 3254 Cercius,
744 3178 872 3254 Halone,
894 3175 1066 3253 Commune,
1088 3176 1231 3252 llletia,os
1256 3215 1264 3230 s

141 3251 150 3276 ¹
202 3259 1194 3340 hepria,hethre,Sphaepia,Proousae,Bolbulae,Pheate,Priapos,

204 3345 300 3420 Syos,
316 3341 444 3420 Helene,
460 3345 587 3420 Aenare,
602 3345 732 3420 Sidussa,
747 3346 828 3422 Pele,
843 3345 1010 3421 Drymusss,
1028 3341 1194 3417 Anhydroa

204 3428 368 3509 Scopelos,
386 3428 531 3508 Spoussa,
546 3427 741 3508 Harathussa,
759 3429 854 3505 Psilc,
878 3428 1060 3504 Perirrensa,
1075 3423 1195 3487 multae·
