2542 3842
332 125 412 177 mxu.
435 129 527 179 nter.
549 114 581 178 b.
601 127 720 182 ιιι-ιι.
745 85 894 200 (lt—21).
1048 117 1105 182 201

117 244 250 365 phraten'
263 255 388 362 ethuae
408 284 443 345 ad
461 283 561 344 Belum
581 292 737 358 vocantur,
761 282 963 358 Tardytenses.
998 285 1109 365 reliqna

118 379 215 429 autem
238 368 322 442 Syria
342 367 429 427 habet
450 368 597 446 (exceptis
618 385 693 445 quae
716 384 777 426 cnm
794 366 940 445 Euphrate
963 369 1106 450 dicentur)

117 452 330 526 Arbethusios,
352 451 552 526 Beroeenses,
568 450 787 529 Epiphanenses
809 451 844 509 ad
868 449 1022 530 Orontem,
1038 453 1109 513 Lao·

118 538 240 597 dicenos
264 536 312 613 qni
339 535 375 594 ad
396 535 531 594 Libanum
554 536 803 617 cognominantur,
831 533 1005 612 Leucadios,
1032 537 1108 597 Lari·

94 637 223 695 asaeos,
239 627 357 696 praeter
370 617 565 678 tetrarchias
556 637 584 676 ιιι
600 635 691 694 regna
701 617 862 696 descriptas
877 615 1005 678 barbaris
1020 621 1108 682 nomi·

116 703 203 764 nibus
220 701 311 762 XVll

203 785 254 846 24.
278 784 361 865 (29.)
387 784 426 846 Ει
441 785 478 845 de
493 783 639 862 Euphrate
655 783 737 844 hoc
728 804 757 845 m
778 785 845 845 loco
867 784 974 845 dixisse
986 786 1108 863 ‚aptissi
1098 794 1150 849 -83

116 888 193 929 mum
208 869 305 930 fuerit.
340 871 429 928 oritur
450 871 478 928 in
495 869 679 947 praefectura
695 868 848 928 Armeniae
863 869 978 927 maioris
994 865 1108 928 Carani-

116 953 195 1028 tide,
211 961 243 1011 ut
259 952 414 1031 prodidere
429 954 515 1012 exiis
531 955 578 1029 qui
594 970 733 1030 proxume
746 953 875 1012 viderant
885 951 1024 1011 Domitius
1036 950 1107 1011 Cor·

84 1037 189 1104 1ubulo
205 1038 234 1095 in
254 1045 349 1095 monte
364 1036 445 1112 Aga,
468 1035 590 1094 Licinius
607 1035 754 1095 Mucianus
775 1036 827 1095 sub
847 1035 990 1097 radicibus
1005 1036 1107 1095 montis

18 1194 19 1197 Ἴ
118 1139 204 1200 quem
223 1116 354 1197 Capoten
371 1119 509 1197 appellat,
525 1136 612 1195 supra
631 1119 771 1179 Zimaram
787 1117 841 1178 Xll
857 1117 885 1178 Μ
900 1137 1043 1196 passuum,
1056 1120 1107 1178 ini-

116 1207 158 1264 tio
176 1203 336 1278 Pyxurates
350 1204 518 1262 nominatus¹
548 1201 608 1260 fluit
619 1201 775 1261 Derxenen
789 1203 918 1280 primum,
933 1201 999 1261 mox
1014 1202 1106 1262 Anae-

116 1289 220 1362 ticam,
237 1286 390 1346 Armeniae
404 1287 542 1362 regiones
558 1304 574 1344 a
591 1282 774 1363 Cappadocia
791 1284 958 1346 excludens.
996 1285 1149 1351 Dasea-84

117 1389 151 1431 aa
168 1369 250 1431 abest
268 1389 284 1430 a
300 1369 410 1429 Zimara
430 1367 533 1428 LXXV
547 1367 576 1427 ll
590 1387 742 1446 passuum,
761 1369 825 1428 inde
844 1367 992 1446 navigatur
1008 1370 1104 1428 Sarto-

18 1528 19 1533 η
83 1473 183 1516 renam
205 1453 226 1512 L
247 1452 277 1512 bl
297 1471 449 1531 passuum,
474 1451 630 1531 Melitenen
651 1449 853 1530 Cappadociae
868 1450 1020 1512 XXllllbl
1042 1468 1105 1530 pas·

118 1555 217 1613 suum,
239 1536 371 1613 Elegiam
391 1536 545 1595 Armeniae
566 1534 638 1594 XM
653 1553 786 1612 passuum
801 1537 928 1613 acceptis
946 1536 1105 1596 huminibus
1163 1571 1167 1580 ·

18 1634 19 1637 ’
117 1621 215 1696 Lyco,
239 1619 377 1695 Arsania,
400 1620 522 1678 Arsano.
559 1619 633 1696 apud
656 1617 786 1695 Elegiam
807 1620 931 1678 occurrit
953 1621 980 1678 ei
996 1619 1105 1680 Taurus

117 1721 218 1779 mons,
234 1722 288 1763 nec
305 1704 413 1762 resistit
432 1720 600 1781 quamquam
613 1701 668 1760 Xll
682 1700 712 1760 M
730 1720 807 1781 pass.
825 1703 970 1764 latitudine
987 1721 1104 1781 praeva-

118 1789 193 1848 lens.
224 1785 350 1856 Ommam
363 1795 468 1846 vocant
482 1789 703 1864 inrumpentem,
721 1802 788 1846 mox
808 1786 855 1846 ubi
869 1787 1025 1866 perfregit,
1048 1786 1104 1847 Etr·

83 1871 256 1948 nophraten,
278 1871 353 1930 ultra
369 1887 484 1948 quoque
499 1887 635 1929 saxosum
651 1878 680 1929 et
694 1869 859 1930 violentum.
890 1870 1024 1930 Arabiam
1037 1871 1101 1930 inde
1112 1880 1145 1935 85

18 1980 19 1993 ι
119 1955 213 2029 laeva,
226 1952 323 2013 Creon
338 1953 440 2013 dictam
457 1955 605 2030 regionem
615 1953 781 2013 trischoena
793 1971 935 2028 mensura,
947 1955 1104 2033 dextraque

120 2035 331 2112 Commagenes
354 2037 544 2111 disterminat,
574 2037 668 2113 pontis
695 2045 789 2094 tamen
810 2038 893 2096 etiam
916 2036 963 2095 nbi
984 2035 1104 2096 Taurum

118 2116 1104 2278 {otbaldiht·,t¹¹hdt¹¹ii⁰,t⁰lhitttdthdttf

18 2294 19 2325 ι
84 2288 192 2362 aufert,
211 2288 365 2365 victusque
384 2295 412 2344 et
430 2284 559 2344 abscisus
574 2283 686 2342 sibimet
701 2283 757 2343 alio
778 2284 863 2343 modo
884 2285 970 2344 vincit
993 2301 1026 2343 ac
1047 2285 1102 2344 fra·

18 2368 19 2393 *
112 2379 196 2430 ctum
217 2370 360 2447 expellit
351 2388 379 2428 m
394 2368 550 2456 meridiem.
589 2369 628 2427 ita
643 2375 759 2427 naturae
776 2367 917 2428 dimicatio
934 2366 982 2427 illa
1000 2385 1102 2446 aequa·

119 2463 165 2514 tur
179 2453 237 2512 hoc
253 2461 337 2512 eunte
352 2470 408 2530 quo
408 2440 498 2528 'vo,lt
520 2451 571 2511 illo
586 2451 782 2528 prohibente
774 2471 816 2510 ne
834 2451 1037 2531 querellae
1056 2469 1101 2511 ca-

18 2534 19 2601 l
116 2537 250 2597 tarrantis
264 2537 364 2596 iterum
380 2497 536 2612 narigatbr.
563 2534 802 2615 XLblpassuum
817 2536 882 2596 mde
896 2534 1103 2612 Commagenes

121 2626 207 2699 caput
222 2620 379 2679 Samosata.
743 2691 744 2698 ἵ

86 2717 113 2759 ao
205 2701 289 2780 (21.)
314 2701 421 2762 Arabia
442 2721 528 2781 supra
550 2702 624 2762 dieta
644 2701 731 2762 habet
747 2703 852 2780 oppida
870 2699 1008 2760 Edessam
1031 2709 1144 2778 quaeue

121 2785 262 2863 quondam
279 2785 429 2845 Antiochia
444 2784 604 2859 dicebatur,
623 2782 782 2844 Callirroen
799 2803 814 2844 a
829 2784 906 2842 fonte
923 2785 1103 2860 nominatam,

122 2867 226 2928 Carras
242 2868 339 2928 Crassi
355 2868 437 2928 clade
450 2867 557 2926 nobile.
595 2867 721 2942 Iungitur
741 2868 921 2964 praefectura
938 2864 1101 2943 Mesopota-

18 2936 19 3019 l
119 2954 195 3010 miae
217 2950 252 3010 ab
274 2951 401 3026 Assyriis
422 2952 561 3026 originem
581 2949 748 3026 trahens,
739 2967 767 3008 nn
794 2967 849 3028 qua
869 2948 1053 3009 Anthemusia
1074 2958 1103 3009 et

18 3044 19 3047 ’
119 3033 326 3112 Nicophorium
341 3035 457 3112 oppida.
473 3049 540 3092 mox
553 3030 665 3091 Arabes
681 3051 728 3110 qur
721 3031 869 3092 Praetavi
879 3041 1026 3091 vocantur
1050 3031 1101 3091 ho·

85 3131 182 3176 aarum
198 3126 285 3194 caput
299 3119 428 3192 Singara.
459 3115 644 3176 nSamosatis
662 3125 769 3189 autem,
794 3115 885 3175 latere
899 3116 1010 3191 Syriae,
1028 3115 1101 3175 blar-

121 3217 189 3274 spas
204 3201 293 3259 amnis
307 3200 406 3258 inlinit.
453 3196 575 3274 Cingilla
593 3195 805 3274 Commagenen
826 3199 899 3274 finit,
923 3198 1101 3258 imeneorum

114 3283 222 3342 ‘civitas
237 3283 344 3360 incipit.
370 3281 475 3359 oppida
492 3282 639 3340 adluuntur
650 3280 808 3358 Epiphania
824 3282 1014 3342 etAntiochia
1027 3298 1100 3359 quae

120 3364 156 3424 ad
168 3363 333 3446 Euphraten
346 3373 498 3440 vocantur,
514 3366 581 3425 item
592 3363 718 3440 Zeugma
729 3363 831 3426 LXXII
845 3366 956 3426 milibus
968 3382 1101 3444 passuum
