2542 3842
325 220 406 268 uu‘r.
422 219 513 270 ursr.
530 180 577 312 vr.
593 215 713 270 30-33.
733 204 884 288 (as-ss)
962 179 970 206 ⁸
1038 195 1099 270 2'57
1147 209 1149 216 “

100 379 158 441 lum
173 395 190 436 a
203 374 273 436 luba
288 373 459 455 repertas,
450 349 479 433 ιιι
494 373 597 452 quibus
609 370 785 444 Gaetulicam
799 391 953 484 purpuram
967 377 1113 454 tinguere

100 463 271 520 instituerat
446 478 449 483 ’

185 542 235 614 32.
270 542 355 621 (37.)
392 542 464 602 Sunt
481 559 530 619 qur
522 540 621 605 ultra
642 559 692 602 eas
706 517 878 602 Fortunatas
893 551 993 620 putant
1016 561 1082 604 esse
1090 554 1143 608 202

102 626 298 706 quasdamque
314 626 399 704 alias,
424 642 541 702 quarum
556 642 676 685 numero
692 626 768 685 idem
782 625 913 686 Sebosus
932 628 1017 688 etiam
1034 646 1098 706 spa-

77 713 142 771 stia
166 710 327 786 conplexus
349 709 496 768 Iunoniam
520 706 627 768 abessa
642 727 658 768 u
674 707 798 769 Gadibus
814 706 914 768 1)ch
939 710 996 768 mil.
1020 729 1099 788 pass.

100 793 195 854 tradit
237 792 274 852 ab
296 810 331 852 ea
353 792 516 851 tantundem
534 792 570 852 ad
591 797 727 868 occa'sum
743 810 846 852 versus
863 791 1029 853 Pluuialiam
1046 792 1100 855 Ca-

101 879 294 955 prariamque.
335 877 363 934 in
377 875 517 935 Pluuialia
536 891 593 933 non
614 893 682 934 esse
703 894 806 955 aquam
828 876 881 934 nisi
899 894 937 934 ex
952 876 1099 937 imbribus

102 960 188 1019 abus
204 956 276 1017 cot.
291 956 354 1017 mil
370 977 449 1036 pass.
466 957 638 1025 Fortunatas
660 961 760 1019 contra
776 959 888 1018 laevam
904 957 1100 1022 Mauretaniae

102 1045 131 1101 in
144 1041 222 1101 Vlll.
240 1041 340 1101 boram
355 1042 443 1116 solis,
466 1043 566 1101 vocabi
583 1041 724 1101 luvallem
746 1044 931 1102 convexitate
954 1051 983 1102 et
999 1043 1099 1105 Plana·
1163 1105 1166 1118 ,

67 1126 206 1185 roslama
223 1127 341 1203 speeie,
358 1122 476 1184 luvallis
492 1125 611 1183 circuitu
626 1122 701 1184 000
716 1125 774 1184 mil.
794 1142 938 1203 passuum.
968 1127 1102 1188 arborum

103 1209 144 1268 ibi
169 1209 375 1308 proceritatem
399 1207 434 1266 ad
462 1205 569 1266 cxllu
600 1208 693 1285 pedes
722 1207 906 1268 adolescere.
950 1207 1022 1274 luba
1046 1212 1143 1276 de203

104 1291 269 1351 Fortunatis
288 1292 328 1351 ita
352 1291 513 1369 inquisivit:
537 1289 590 1348 sub
614 1291 735 1350 meridie
759 1308 876 1370 quoquo
901 1293 1011 1372 positas
1034 1312 1101 1356 esse

106 1392 200 1452 prope
218 1391 369 1449 occasum,
392 1390 408 1432 a
425 1372 603 1450 Purpurarns
619 1371 754 1432 DOXXV
768 1374 827 1432 mil.
844 1393 990 1450 passuum,
1014 1378 1056 1436 sic
1072 1386 1104 1437 ut

106 1455 178 1516 ccl
195 1475 283 1534 supra
298 1473 433 1516 occasum
447 1455 610 1533 navigetur,
626 1456 692 1515 dein
708 1474 762 1534 per
777 1454 1102 1537 ccoLXXth1.p-as

69 1557 94 1598 rs
106 1558 187 1601 suum
202 1549 283 1598 ortus
297 1547 420 1616 petatur.
451 1539 571 1616 primam
585 1540 686 1600 vocari
701 1537 838 1599 Ombrion
854 1539 938 1600 nullis
956 1541 1103 1602 aedilicio·

103 1643 167 1684 rum
181 1623 331 1698 vestigiis,
358 1620 467 1680 babere
486 1623 515 1679 in
533 1621 677 1682 montibus
695 1630 842 1698 stagnum,
862 1621 985 1682 arbores
1002 1626 1103 1685 similis

103 1706 228 1781 ferulae,
252 1723 290 1764 ex
307 1704 408 1782 quibus
424 1721 498 1781 aqua
512 1707 699 1782 exprimatur,
719 1723 736 1763 e
750 1706 841 1782 nigris
855 1723 961 1782 amara,
984 1725 1022 1767 ex
1037 1726 1103 1768 oau-

105 1789 264 1850 didioribus
281 1789 362 1866 potui
378 1787 531 1847 iucunda.
548 1788 669 1848 alteram
686 1788 807 1848 insulam
822 1786 979 1849 Iunoniam
983 1792 1084 1870 appel·
1093 1802 1144 1855 204

105 1874 178 1949 lari,
199 1873 277 1953 inea
292 1871 452 1930 aediculam
467 1889 534 1930 esse
548 1879 656 1931 tantum
671 1871 768 1948 lapide
787 1879 972 1932 exstructam.
1014 1873 1049 1934 ab
1070 1893 1104 1934 ea

1 1979 6 1990 ·
70 1957 134 2015 coin
147 1957 246 2033 vicino
259 1954 363 2014 eodem
378 1955 490 2012 nomine
507 1955 663 2030 minorem
685 1954 788 2013 deiude
805 1951 971 2031 Caprariam
986 1955 1104 2016 lacertis

104 2038 261 2116 grandibus
287 2037 433 2096 relertam.
474 2037 502 2094 in
527 2045 686 2115 conspectu
711 2054 808 2118 aarum
827 2054 894 2095 esse
909 2036 1103 2114 Ninguariam,

106 2139 181 2200 quae
209 2120 267 2180 boo
293 2137 397 2178 nomen
425 2121 574 2196 acceperit
600 2137 617 2178 a
644 2127 785 2197 perpetua
809 2118 891 2193 nive,
924 2119 1102 2180 nebulosam.

106 2220 274 2282 proxumam
289 2200 485 2277 eiGanariam,
498 2201 677 2260 multitudiue
693 2218 793 2260 canum
808 2201 932 2276 ingentis
949 2205 1087 2278 magnitu-
1077 2214 1147 2266 -205

109 2288 193 2362 dinis,
217 2306 254 2346 ex
272 2285 376 2364 quibus
398 2285 531 2362 perducti
548 2292 613 2343 sunt
628 2283 716 2344 lubae
732 2283 798 2344 duo.
826 2283 965 2360 adparent
981 2286 1105 2361 vestigia

73 2370 314 2429 asaediliciorum.
361 2385 424 2427 cum
447 2384 547 2427 omnes
572 2376 667 2427 autem
693 2369 777 2444 copia
794 2383 943 2460 pomorum
969 2376 997 2426 et
1014 2370 1106 2434 avium

109 2455 200 2512 omnis
216 2453 332 2530 generis
349 2450 503 2527 abundent,
520 2450 594 2510 banc
609 2460 639 2510 et
653 2450 788 2528 palmetis
801 2459 935 2524 caryotas
946 2451 1106 2510 ferentibus

108 2555 144 2596 ac
157 2553 232 2595 nuce
243 2536 328 2612 pinea
342 2533 496 2594 abundare
516 2552 584 2594 esse
597 2535 710 2612 copiam
722 2542 751 2593 et
764 2534 870 2609 mellis,
883 2551 1023 2611 papyrum
1036 2551 1121 2612 quo„

109 2637 167 2698 que
184 2626 215 2677 et
225 2618 356 2677 siluros
347 2635 376 2674 ιιι
392 2618 520 2677 amnibus
536 2618 627 2695 gigni,
643 2617 773 2676 infestari
791 2635 841 2677 eas
855 2616 950 2676 beluis
966 2636 1039 2696 quae
1057 2636 1106 2676 ex·

88 2701 256 2784 pellantur
278 2700 397 2760 adsidue
420 2701 662 2777 putrescentibus.

73 2775 101 2843 ab
196 2783 281 2862 (38)
323 2781 361 2842 llt
381 2781 493 2844 abunde
514 2783 586 2843 orbe
611 2793 751 2843 terrarum
775 2790 856 2841 extra
873 2781 946 2842 intra
970 2782 1105 2858 indicato,

110 2866 304 2944 colligenda'
295 2884 324 2925 ιιι
347 2874 438 2924 artum
457 2884 591 2926 mensura
617 2882 774 2949 aequorum
795 2863 917 2923 videtur.
957 2864 1007 2926 33.
1037 2864 1091 2924 Po·
1098 2874 1147 2929 200

109 2950 205 3025 lybius
231 2969 248 3010 a
270 2948 409 3009 Gaditano
434 2951 510 3008 lreto
535 2939 742 3024 longitudinem
761 2948 873 3012 directo
901 2965 987 3006 cursu
1014 2947 1048 3006 ad
1074 2965 1107 3006 os

110 3031 378 3091 maeotis*
250 3049 379 3097 xxxlul.
395 3029 532 3091 XXXVll
542 3031 600 3090 mil
612 3031 785 3108 Dpassuum
800 3029 935 3107 prodidit,
952 3030 987 3088 ab
1004 3029 1108 3090 eodem

111 3117 190 3174 initio
204 3117 418 3176 Siciliam*-
361 3135 419 3182 xil
442 3115 541 3173 bmil.
564 3130 717 3189 passuum,
740 3110 856 3171 Cretam
878 3109 1059 3170 CCCLXXV
1080 3111 1109 3170 lu

76 3215 283 3282 aspassuum,
295 3197 428 3260 Rhodum
437 3194 630 3255 CLXXXVll
650 3193 679 3254 tl
700 3194 725 3253 D
748 3211 899 3272 passuum,
924 3194 1108 3254 Chelidonias

113 3263 288 3377 tantundem,
312 3279 438 3359 Cyprum
451 3275 582 3337 CCXXV
592 3276 622 3336 M
636 3295 787 3354 passuum,
809 3278 874 3338 inde
890 3277 991 3353 Syriae
1008 3278 1109 3337 Seleu·

112 3363 186 3422 ciam
212 3360 334 3423 Pieriam
355 3361 440 3422 CXV
465 3360 524 3420 mil
551 3378 702 3438 passuum,
730 3377 804 3438 quaa
832 3363 994 3440 conputatio
1021 3360 1112 3418 elficit

111 3463 208 3514 xxtlt.
110 3445 272 3504 '‘—Xlu
283 3445 312 3504 ll
322 3463 466 3524 passuum.
493 3444 624 3523 Agrippa
641 3443 697 3504 boc
711 3443 787 3504 idem
798 3443 977 3504 intervallum
992 3443 1109 3510 alreto
1101 3451 1151 3506 207

65 3525 71 3586 ᾗ
153 3549 222 3589 amur
236 3549 299 3591 nar.
315 3551 384 3589 u1sr.
413 3534 432 3587 Ι.
451 3551 472 3578 a
912 3525 949 3583 17
1004 3547 1008 3551 ·
