2542 3842
188 183 227 245 16
508 190 558 239 σο.
580 192 678 239 suun
700 191 852 239 saeuum·

186 357 327 409 ructasse.
360 344 470 421 Quibus
493 355 591 406 natura
614 354 753 407 concreta
775 355 840 406 suut
864 363 948 423 ossa,
971 349 1019 425 qni
1041 356 1106 407 sunt
1127 348 1180 407 rari
1245 399 1249 417 ,

187 431 353 505 admodum,
374 431 472 490 cornei
487 440 636 489 vocantur.

144 527 178 581 81
249 515 300 575 20.
329 514 413 594 (19.)
443 512 578 593 Corpore
600 531 690 573 vesco
713 514 764 573 sed
787 514 899 577 eximiis
923 513 1031 575 viribus
1055 513 1192 575 Tribola·-

188 618 253 659 num
265 601 293 658 in
303 598 476 675 gladiatorio
489 598 566 672 lodo,
583 599 747 659 Samnitium
761 607 902 658 armatura
914 596 1070 673 celebrem,
1085 599 1181 659 lulium·

189 701 245 763 que
266 682 459 759 eiusmilitem
473 681 571 758 hlagni
590 681 724 759 Pompei,
748 690 776 740 et
790 690 889 741 rectos
906 691 934 741 et
955 692 1101 743 traversos
1117 700 1203 742 can-5

189 767 314 828 cellatim
329 774 390 825 toto
406 782 532 843 corpore
547 764 683 825 habuisse
698 781 820 839 nervos,
844 767 871 823 iu
886 764 1011 827 brachiis
1026 767 1109 826 esiam
1126 784 1182 827 ma·
1261 802 1262 823 2

190 851 348 929 cibusque,
373 858 474 909 auctor
500 858 545 909 est
566 849 660 908 Varro
683 850 711 907 in
734 849 901 926 prodigiosa
922 851 1022 909 virium
1048 849 1183 926 eletione,

189 944 274 1013 atque
296 936 379 993 etiam
400 933 513 993 hostem
530 932 619 992 abeo
636 950 673 991 ex
690 934 898 1010 provocatione
916 933 1068 993 dimicante
1084 934 1183 995 inermi

190 1019 291 1079 dextra
312 1034 368 1077 uuo
388 1017 478 1095 digito
501 1024 665 1095 superatum
683 1026 713 1075 et
734 1026 880 1093 postremo
897 1026 1066 1093 correptum
1086 1020 1115 1077 iu
1138 1036 1183 1077 ca·

146 1112 249 1166 sistra
274 1102 414 1161 tralatum.
458 1110 486 1160 at
506 1102 625 1160 vinnius
646 1100 754 1159 Valens
781 1102 881 1161 meruit
905 1102 933 1159 in
954 1102 1101 1179 praetorio
1127 1102 1220 1163 divino
1261 1116 1262 1143 i

190 1187 312 1263 Augusti
333 1186 480 1260 centurio,
502 1185 635 1245 vehicula
658 1202 721 1244 curn
741 1184 832 1244 culcis
850 1194 951 1245 onusta
972 1184 1066 1244 donec
1089 1187 1183 1245 exina·
1261 1254 1262 1263 ἵ

190 1272 317 1331 nireutur
337 1270 480 1329 sustinere
505 1269 624 1343 solitus,
651 1277 788 1346 carpenta
812 1268 992 1346 adprehensa
1021 1287 1074 1328 una
1102 1287 1184 1329 mauu
1261 1288 1262 1295 ¹

191 1356 332 1427 retinere,
355 1352 477 1414 obnixus
493 1362 593 1411 contra
609 1351 762 1411 nitentibus
784 1354 930 1427 iumentis,
952 1361 981 1411 et
998 1350 1053 1412 alia
1067 1352 1184 1411 mirifica
1261 1406 1262 1427 ι

146 1438 290 1502 miscere
313 1454 387 1513 quae
409 1436 551 1514 insculpta
571 1438 743 1495 monimento
767 1437 829 1495 eius
850 1444 1024 1514 spectentur.
1055 1437 1130 1497 idern
1145 1434 1183 1495 ll.
1261 1428 1262 1469 ³

191 1522 300 1579 Varro:
339 1520 588 1594 Rusticelius,
618 1520 724 1597 inquit,
756 1518 938 1579 Hercules
967 1520 1221 1597 appellatusrs

190 1602 319 1663 mulum
345 1620 442 1662 suurn
465 1602 629 1662 tollebat
655 1600 801 1676 Fusius,
831 1603 981 1661 Salvius
1006 1602 1073 1663 duo
1103 1622 1185 1663 cen·
1261 1634 1262 1687 p

190 1688 335 1747 senaria
363 1686 524 1764 pondera
557 1685 731 1763 pedibus,
761 1686 915 1745 totidem
940 1687 1130 1762 manibus„
1150 1696 1187 1748 et

191 1771 386 1829 ducenaria
404 1770 471 1828 duo
494 1770 626 1828 umeris
647 1778 774 1828 contra
793 1769 919 1827 scalas
944 1768 1101 1829 ferebat.
1132 1788 1188 1831 nos

191 1869 307 1931 quoque
323 1852 442 1912 vidimus
459 1852 629 1913 Athanatum
645 1854 757 1911 nomine
777 1852 962 1929 prodigiosae
987 1856 1188 1912 ostentationis

191 1937 376 2015 quingenario
391 1936 512 1998 thorace
526 1936 663 2015 plumbeo
681 1937 806 1995 indutum
828 1934 1032 2013 cothurnisque
1047 1937 1188 2013 quiugenss
1198 1964 1222 2002 ιι

190 2030 248 2080 tum
271 2020 367 2100 pondo
388 2021 538 2081 calciatum
558 2038 612 2099 per
627 2038 758 2079 scaenam
781 2020 901 2118 ingredi.
939 2018 1072 2079 Milonem
1095 2018 1187 2081 athle-

191 2112 263 2178 tam,
287 2123 351 2165 cunr
366 2107 560 2179 constitisset,
586 2121 670 2163 nemo
689 2104 813 2180 vestigio
835 2102 986 2164 educebat
1021 2103 1124 2165 malurn
1144 2112 1186 2164 te·

190 2190 269 2249 nenti
287 2207 371 2249 nemo
386 2190 504 2266 digitum
521 2188 695 2266 corrigebat.

147 2282 184 2337 81
252 2273 318 2347 (20.
322 2274 336 2351 )
361 2271 531 2332 cucurrisse
543 2286 643 2333 ncnx
655 2272 744 2331 stadia
758 2271 793 2333 ab
807 2271 929 2331 Athenis
939 2242 1190 2342 Lacedaemonem

192 2358 278 2417 biduo
294 2356 475 2434 Plrilippidcu
490 2374 622 2431 magnum
638 2364 715 2429 erat,
735 2356 829 2413 donec
848 2354 966 2429 Anystis
982 2372 1083 2414 cursor
1097 2353 1189 2413 hace·
1177 2378 1223 2416 -as

192 2441 359 2500 daemonius
381 2448 410 2497 et
432 2437 598 2498 Philonides
624 2437 780 2515 Alexandri
808 2436 904 2513 Magni
925 2456 941 2496 a
962 2438 1089 2512 Sicyone
1110 2436 1189 2497 Elim

191 2538 248 2582 unc
270 2522 317 2581 die
338 2533 454 2581 mcccv
476 2522 566 2581 stadia
590 2530 785 2580 cucurrerunt.
822 2538 896 2579 nunc
919 2520 1032 2599 quidem
1053 2522 1080 2579 in
1105 2522 1189 2581 circo

191 2605 330 2684 quosdam
347 2618 415 2665 oux
430 2620 456 2665 nt
472 2623 606 2683 passuum
620 2604 746 2663 tolerare
764 2621 820 2662 uon
837 2606 1016 2679 ignoramus,
1036 2621 1189 2683 nuperque

192 2688 312 2748 Fonteio
327 2698 356 2749 et
371 2689 511 2768 Vipstano
529 2706 606 2749 ccss.
628 2704 718 2747 anuos
734 2700 797 2746 vt11
814 2688 944 2764 genitum¹
956 2704 1073 2765 puerum
1092 2706 1108 2747 a
1126 2706 1189 2750 me·

191 2772 262 2833 ridie
278 2774 314 2833 ad
329 2790 483 2851 vesperam
493 2785 588 2831 mxxv
601 2786 628 2831 nt
644 2790 777 2849 passuum
796 2772 968 2830 cucurrisse.
987 2773 1067 2831 cuius
1082 2775 1125 2831 rei
1138 2774 1188 2833 ad·
1200 2791 1224 2832 so
1260 2786 1261 2793 ’

191 2858 302 2918 miratio
318 2859 356 2917 ita
376 2858 487 2917 demum
506 2856 599 2916 solida
616 2856 782 2935 perveniat,
803 2857 828 2913 si
843 2856 907 2933 quis
923 2856 1032 2932 cogitet
1047 2865 1134 2915 nocte
1154 2874 1190 2915 ac

192 2941 237 2999 die
248 2942 444 3017 longissimum
460 2942 516 3001 iter
526 2940 668 2999 vehiculis
679 2938 768 2999 tribus
781 2938 924 2999 Tiberium
934 2938 1079 2999 Neronem
1091 2956 1190 2999 emen·
1260 2944 1261 3019 l

192 3044 252 3084 sum
267 3025 448 3086 festinantem
464 3027 499 3085 ad
515 3024 639 3084 Drusum
655 3024 771 3083 fratrem
786 3032 935 3100 aegrotum
951 3024 979 3081 in
998 3022 1190 3084 Germaniam.
1260 3024 1261 3086 l

192 3126 225 3169 ca
244 3108 358 3168 inerunt
373 3122 423 3169 cc
429 3123 455 3169 11
470 3127 614 3187 passuum.
1257 3148 1259 3153 .

149 3199 183 3254 85
254 3191 304 3252 21.
329 3192 379 3267 (21
388 3196 411 3271 )
441 3192 595 3253 Oculorum
611 3194 690 3253 acies
706 3192 755 3252 vel
769 3209 898 3253 maxume
912 3192 996 3251 fidem
1014 3191 1190 3251 excedentia
1202 3205 1227 3246 as

193 3276 300 3334 invenit
315 3274 457 3353 exempla.
488 3275 520 3335 ln
540 3271 612 3336 nuce
627 3275 765 3335 inclusam
787 3275 875 3337 lliada
891 3275 1006 3335 Homeri
1027 3292 1144 3335 carmen
1161 3276 1192 3332 iu

192 3358 355 3419 membrana
372 3358 509 3435 scripturn
520 3360 606 3418 tradit
622 3358 737 3417 (licere.
766 3359 840 3419 idem
856 3358 945 3418 fuisse
960 3376 1008 3435 qur
1002 3358 1193 3434 pervideret
1256 3420 1260 3435 ,

195 3452 312 3499 cxxxv
330 3455 357 3501 n
375 3458 518 3518 passuum.
547 3440 614 3501 huic
630 3450 659 3499 et
681 3458 791 3517 nomen,
808 3439 845 3499 ll.
861 3440 954 3523 Yarro
975 3440 1084 3518 reddit,
1108 3442 1189 3501 Stra·
