2542 3842
368 161 447 207 unu.
465 159 557 207 urso.
571 124 620 207 xx]
636 154 679 210 et.
698 144 844 229 (st-62.)
1048 136 1116 211 185'

114 314 315 395 serpentibus,
336 314 465 393 piscibus
483 313 621 374 foramina
644 322 750 374 tanturn
770 314 807 375 ad
829 315 954 375 eliacim
976 317 1040 375 sine
1060 322 1109 377 ira·

112 400 203 475 ribus,
216 408 245 459 et
256 398 322 458 bino
334 398 504 474 cognomina
515 399 675 473 Simorum,
694 396 831 458 Silenum.
858 398 998 477 Septumo
1009 416 1110 461 mense

113 485 223 563 genitis.
233 497 443 560 saepenumero
460 481 598 541 ioramiua
613 484 721 542 aurium
737 491 767 541 et
783 482 892 541 narium
906 483 1037 546 defuere.

176 569 260 645 (60.)
274 565 377 641 Labra,
390 582 406 625 a
419 563 521 643 quibus
532 563 669 641 Brocchi,
682 564 834 625 labeones
845 566 925 640 dicti,
936 576 966 625 et
977 582 1088 646 ospro-
1101 578 1152 634 159

90 654 178 715 obem
194 651 328 711 duriusve
349 649 452 709 enimal
470 648 686 725 generantibus.
721 666 776 727 pro
796 650 832 708 iis
853 666 960 709 cornea
976 661 1005 710 et
1026 660 1109 711 scuta

111 734 279 798 volucribus
294 741 397 793 rostra.
434 732 536 793 eadem
558 742 644 811 rapto
663 732 824 793 viventibus
838 732 965 810 adunca,
981 735 1115 798 collecto.

112 830 213 893 recta,
226 816 333 878 herbas
346 815 493 877 mentibus
510 817 666 894 limumque
686 818 759 895 lata,
775 826 806 876 ιιι
827 834 907 877 suum
924 821 1035 895 generi.
1064 819 1109 880 lu·

56 906 60 915 ‘
112 902 216 964 mentia
230 902 295 961 rice
306 916 405 961 manus
415 900 453 961 ad
468 900 633 977 colligenda
645 900 750 979 pabula
762 917 825 977 ora,
840 901 988 979 apertiora
1004 903 1109 963 loniatu

113 984 284 1047 viventibus.
317 984 441 1045 blentum
455 984 525 1045 uulli
543 993 662 1062 praeter
674 984 833 1060 bominem,
848 1003 904 1044 nec
916 985 1020 1046 malae.
1050 986 1109 1046 bla-

79 1090 104 1131 no
114 1071 201 1132 xillas
218 1069 382 1130 crocodilus
394 1077 501 1127 tantum
516 1070 685 1146 superiores
700 1078 807 1144 mouet,
823 1078 980 1129 terrestres
996 1070 1109 1148 quadri·

66 1202 68 1213 .
113 1155 205 1235 pedes
224 1153 327 1214 eodem
343 1169 400 1231 guo
417 1162 516 1213 cetera
533 1168 614 1211 ruore
632 1162 808 1231 praeterque
819 1154 851 1211 in
866 1153 1024 1233 obliquum.
1078 1156 1084 1161 ’

177 1238 260 1317 (61.)
282 1238 416 1297 flentium
429 1236 482 1296 tria
499 1252 625 1313 genera,
645 1239 748 1296 serrati
763 1246 811 1296 aut
831 1239 958 1297 continui
977 1246 1025 1297 aut
1040 1246 1154 1301 eur-160

113 1324 194 1383 serti.
218 1323 322 1382 serrati
337 1320 500 1398 pectinatim
512 1329 668 1397 coeuntes,
685 1338 722 1379 ne
738 1321 883 1381 contrario
899 1338 1023 1381 occursu
1038 1330 1110 1381 atte-

114 1414 228 1481 rantur,
252 1414 282 1464 ιιι
301 1403 502 1483 serpentibus,
524 1402 670 1483 piscibus,
688 1403 815 1465 canibus.
855 1406 996 1480 continui,
1011 1413 1043 1464 ut
1058 1405 1109 1463 bo·

79 1510 104 1551 ιι
113 1492 195 1564 mini,
212 1506 300 1567 equo.
331 1488 451 1562 exserti,
467 1496 594 1566 utapro,
610 1488 830 1567 hippopotamo,
846 1488 1012 1568 elepbauto.
1041 1505 1110 1548 oon-

17 1610 21 1621 ·
113 1576 255 1634 tinuorum
282 1572 332 1651 qui
353 1572 484 1649 digerunt
509 1572 604 1631 cibum
630 1572 680 1631 lati
706 1582 737 1632 et
760 1573 852 1647 acuti,
880 1573 928 1650 qui
955 1571 1111 1633 conficiunt

114 1658 264 1736 duplices,
277 1657 325 1735 qui
340 1656 532 1717 discriminent
543 1673 596 1716 eos
611 1657 704 1716 canini
715 1656 906 1735 appellantur.
932 1653 961 1737 bi
973 1665 1038 1715 sunt
1048 1672 1110 1715 ser·

113 1744 182 1803 retis
194 1740 362 1818 longissimi.
389 1740 514 1800 continui
525 1748 573 1799 aut
586 1749 708 1820 utraque
723 1748 805 1818 parte
817 1742 876 1800 oris
889 1748 964 1815 suut,
976 1748 1007 1799 nt
1022 1756 1109 1818 equo,
1130 1774 1135 1781 -

115 1836 162 1887 oui
175 1827 326 1905 superiore
339 1825 481 1902 primores
493 1840 550 1883 non
561 1833 643 1897 sunt,
665 1833 696 1884 ut
706 1822 816 1900 bubus,
833 1822 951 1897 ovibus,
966 1822 1109 1886 omnibus-

78 1928 172 1989 aoque
194 1927 268 1987 quae
300 1909 448 1969 ruminant.
493 1926 599 1988 caprae
624 1910 793 1986 superiores
817 1924 875 1967 non
901 1916 966 1966 sunt
992 1916 1111 1986 praeter

115 1995 258 2071 primores
279 1993 429 2067 geminos..
456 1991 525 2051 nulli
546 1994 655 2051 exserti
670 1992 774 2068 quibos
800 1992 913 2049 semoti.
946 2006 1013 2051 raro
1029 1990 1110 2050 lemi-

115 2093 186 2150 nae,
202 2084 233 2134 et
247 2083 342 2133 tamen
355 2076 417 2133 sine
431 2091 494 2133 usu.
524 2075 621 2150 itaque
637 2091 702 2132 cum
717 2074 779 2150 apri
792 2073 971 2151 percutiant,
986 2074 1111 2133 feminae
1243 2110 1249 2115 -

116 2176 184 2236 sues
200 2156 340 2225 mordent.
375 2154 445 2216 nulli
458 2158 503 2216 cui
519 2173 626 2217 cornua
639 2156 760 2231 exserti,
775 2157 829 2215 scd
842 2155 973 2216 omnibus
988 2167 1155 2222 conca-lob
1206 2232 1209 2237 ¹
1255 2163 1256 2166 ’

116 2243 161 2318 vi,
185 2242 292 2301 ceteris
314 2240 416 2300 dentes
441 2240 536 2302 solidi.
573 2238 695 2319 piscium
715 2239 846 2299 omnibus
868 2240 971 2299 serrati
994 2250 1112 2317 praeter

80 2343 245 2399 ruscorum,
266 2323 333 2384 buic
354 2324 401 2382 uni
421 2324 587 2403 aquatilium
608 2324 694 2403 pleni.
729 2331 831 2383 cetero
851 2324 948 2383 multis
963 2340 1063 2383 eorum
1082 2326 1112 2384 in

17 2412 18 2415 ’
115 2410 212 2486 lingua
233 2417 263 2467 et
282 2417 344 2469 toto
364 2424 434 2484 ore,
456 2417 487 2467 ut
505 2406 587 2467 turba
606 2408 756 2467 volnerum
770 2407 900 2468 molliunt
920 2424 995 2487 quae
1015 2409 1112 2468 attritu

114 2493 252 2571 subigere
274 2509 331 2551 non
355 2501 471 2571 queunt.
512 2492 607 2552 multis
628 2502 659 2552 et
678 2491 707 2551 in
727 2491 842 2569 palato,
869 2500 956 2570 atque
978 2492 1062 2552 etiarn
1083 2493 1112 2551 in

115 2578 215 2638 cauda.
251 2586 406 2655 praeterea
428 2578 456 2636 io
472 2592 508 2637 os
521 2586 693 2654 vergentes,
714 2592 752 2635 ne
767 2574 901 2636 excidant
915 2574 988 2651 cibi,
1005 2575 1112 2635 nullom
1238 2621 1242 2626 .

115 2660 286 2721 labentibus
301 2661 442 2723 retinendi
456 2659 665 2721 adminiculum.

79 2760 106 2803 so
176 2742 259 2823 (62.)
282 2745 396 2805 Similes
411 2744 502 2823 aspidi
523 2754 553 2805 et
567 2742 771 2823 serpentibus,
786 2742 839 2802 sed
859 2742 917 2802 duo
939 2743 968 2800 in
988 2750 1155 2822 eupetalos

114 2834 214 2905 purte,
241 2826 342 2887 dextra
368 2828 510 2905 laevaque
532 2828 707 2904 longissimi,
732 2827 811 2892 tenui
838 2825 932 2885 fistula
960 2824 1111 2904 perforati,

114 2918 145 2969 ιιι
159 2912 343 2987 scorpionum
360 2910 470 2986 aculei,
492 2928 634 2970 venenum
658 2910 848 2969 infundentes.
882 2925 939 2969 non
962 2906 1039 2968 aliod
1056 2909 1113 2969 boc

102 2990 183 3052 'esse
200 3010 282 3070 quam
296 2993 337 3053 iel
349 2994 542 3072 serpentium,
558 3002 588 3053 et
600 2994 668 3053 inde
681 3009 772 3053 venas
783 2992 837 3053 sub
852 2994 934 3071 spina
947 2991 984 3052 ad
999 3006 1033 3050 os
1043 3010 1111 3071 per·

114 3076 215 3136 venire
240 3076 451 3154 diligentissimi
476 3085 611 3137 auctores
628 3077 773 3152 scribunt,
799 3077 913 3154 quidam
931 3092 1016 3136 unum
1043 3092 1112 3135 esse

81 3174 106 3218 sc
117 3176 181 3219 eom
197 3169 240 3235 et,
256 3163 321 3238 quia
334 3160 370 3220 sit
384 3160 528 3234 aduncus,
543 3160 722 3239 resupinari,
739 3177 802 3219 oum
812 3158 1007 3237 momorderit,
1024 3159 1112 3237 aliqui

115 3252 173 3302 tum
190 3242 327 3304 decidere
343 3262 407 3303 eum
427 3260 583 3322 rursusque
604 3260 779 3304 recrescere
792 3243 909 3304 facilem
923 3243 1065 3317 decusso,
1083 3251 1113 3302 et

116 3326 178 3387 sine
199 3342 236 3387 eo
252 3344 319 3387 esse
335 3344 410 3406 quos
423 3328 540 3388 naemei
556 3344 718 3388 cernamus.
750 3327 912 3406 scorpionis
927 3327 1036 3387 caudae
1053 3328 1093 3386 in·
1103 3335 1154 3391 164

116 3426 268 3493 esse-eum
291 3418 321 3470 et
336 3411 484 3491 plerisque
506 3421 615 3471 ternos.
645 3411 763 3490 viperis
783 3412 886 3471 dentes
903 3412 1020 3488 gingiva
1043 3423 1112 3471 cou-
