2542 3842
158 178 217 240 166
501 190 530 240 c.
548 191 645 239 enum
663 190 812 270 sacuam

155 352 277 405 secatur
290 343 348 403 hoc
362 342 613 422 malum‚,quonanr
627 343 714 403 modo
728 360 869 421 nascens,
885 347 911 413 si
924 347 1007 425 ipsae
1022 346 1156 424 fingant?

112 428 239 503 tastuod
267 434 377 489 eertum
402 438 461 504 est,
487 426 656 504 gallinarum
675 429 762 489 modo
782 429 926 490 incubant.
963 430 993 490 id
1008 434 1085 508 quod
1102 450 1156 492 ex·

155 512 266 575 elusum
285 522 330 572 est
348 514 440 590 primo
456 511 630 571 vermiculus
649 512 763 572 ridetnr
780 512 933 590 candidus,
948 514 1047 575 iacens
1061 524 1155 576 trans·

154 614 257 657 sersus
275 596 496 675 adhaerensque
518 597 555 655 ita
576 605 606 654 at
627 613 697 675 pars
711 614 799 656 cerae
814 598 956 658 rideatur.
991 617 1045 659 rex
1059 602 1157 661 statim

154 680 253 741 mellei
270 680 397 757 coloris,
419 690 449 739 ot
468 680 564 740 electo
586 679 661 739 dore
679 697 717 739 ex
732 682 807 739 omni
822 683 909 761 eopia
924 682 1034 759 hears,
1057 700 1176 763 nequet

154 765 345 842 vermiculus,
369 764 421 826 sed
445 765 537 825 statim
558 765 701 842 pinniger.
735 774 834 826 cetera
854 766 939 825 turha
954 784 1019 826 eum
1034 765 1154 828 forman

155 866 263 926 cepere
285 851 399 929 coepit,
422 848 563 927 nymphae
587 856 743 923 uocantum,
765 858 798 907 ut
812 849 888 926 inei,
911 852 1024 910 sirenes
1042 862 1090 912 aut
1104 870 1152 912 ce·

111 934 274 1013 liphenes.
306 934 410 1011 siquis
425 931 570 991 alterutris
585 932 681 1010 capita
696 930 792 991 demat
804 924 970 1013 priusquam
988 937 1089 1013 pinnas
1104 937 1153 997 ha·

153 1018 249 1092 beant,
267 1034 320 1095 pro
336 1016 499 1095 gratissimo
519 1025 583 1075 sunt
599 1016 708 1094 pahnlo
722 1017 870 1077 matribus.
901 1027 1032 1097 tempore
1047 1036 1153 1098 proce·

154 1101 240 1161 dente
263 1100 401 1161 instillant
419 1100 500 1161 cibos
524 1109 611 1179 atque
632 1099 785 1175 incubant,
804 1111 864 1163 tum
884 1118 1014 1162 maxume
1031 1120 1186 1163 murrum-tc

152 1194 266 1260 rantes,
289 1185 412 1259 caloris,
435 1193 465 1242 nt
481 1193 596 1263 putant,
616 1184 741 1245 faciendi
760 1188 854 1262 gratia
875 1189 1035 1247 necessarii
1053 1187 1153 1247 exelu-

154 1269 255 1330 dendis
271 1268 377 1347 pullis,
395 1268 490 1327 donee
506 1269 597 1347 ruptis
612 1267 784 1328 membranis
799 1287 874 1348 qnae
889 1271 1019 1348 singulos
1036 1274 1154 1348 cingam

154 1368 273 1414 ovorum
284 1353 371 1413 modo
385 1354 547 1413 universum
559 1368 663 1429 agmen
675 1363 813 1429 emergat.
844 1364 1005 1431 spectatum
1020 1354 1076 1414 hcc
1094 1354 1154 1414 llo·

151 1454 215 1499 mae
240 1437 401 1503 consularis
425 1436 570 1497 cuiusdam
596 1436 762 1496 snhnrhano
787 1437 861 1498 alvis
887 1441 977 1499 cornis
1001 1439 1153 1498 lanternae

110 1522 294 1584 adtralnoido
318 1522 412 1580 lactis.
443 1522 518 1580 letus
534 1520 607 1579 intra
623 1532 702 1579 xnv.
718 1521 970 1600 diem'peragitur.
1005 1522 1051 1581 Fit
1065 1525 1093 1581 in
1108 1522 1152 1582 la·
1163 1539 1186 1579 aa

152 1608 196 1666 vis
212 1604 379 1682 quibusdam
395 1606 442 1683 qui
456 1612 577 1663 vocutm
592 1603 709 1677 elavos,
725 1620 840 1663 amarae
854 1606 955 1665 duritia
972 1622 1069 1681 cerae,
1087 1623 1154 1665 enm

151 1690 240 1750 letum
257 1686 322 1745 inde
337 1706 395 1746 nnn
409 1687 553 1765 adurere,
570 1685 672 1743 morho
688 1696 736 1746 aut
751 1688 864 1762 ignavia
882 1696 930 1745 aut
944 1688 1153 1749 inlennndltate

151 1770 280 1831 naturali.
311 1770 359 1829 hic
380 1779 425 1828 est
440 1767 558 1828 abortus
573 1769 676 1845 apium.
712 1771 841 1847 protinas
855 1776 949 1827 antem
965 1771 1062 1829 educti
1079 1790 1154 1850 ope-

150 1862 247 1915 rantur
265 1853 385 1931 quadarn
407 1852 557 1931 disciplina
579 1870 642 1910 cum
663 1852 815 1926 matribus,
835 1868 993 1930 regemque
1015 1854 1158 1915 iuvenem

108 1948 142 2002 51
151 1937 281 2016 aequalis
295 1937 378 1996 turha
394 1936 554 1998 comitatur.
579 1953 668 2013 reges
684 1937 783 2016 plures
798 1935 977 2011 inchoantur,
992 1953 1029 2016 ne
1041 1937 1154 2017 desint.¹
1165 1951 1190 1991 na

150 2031 254 2101 postea
275 2040 312 2080 cx
329 2022 373 2081 his
388 2021 507 2081 suboles
523 2038 586 2080 cum
599 2021 696 2081 adulta
711 2037 778 2079 esse
791 2020 909 2098 coepit,
927 2020 1074 2080 concorde
1090 2022 1153 2082 sui-

149 2106 244 2183 lragic
267 2106 440 2166 deterrimos
460 2115 581 2181 necent,
598 2122 635 2165 ne
649 2104 808 2166 distrahant
824 2102 945 2181 agmina.
973 2104 1040 2164 ‘dno
1055 2116 1152 2165 autern

149 2208 259 2267 genera
289 2207 408 2267 eornm,
439 2190 542 2251 melior
571 2191 678 2268 rufina,
707 2190 842 2250 deterior
868 2190 953 2266 niger
982 2190 1148 2267 variusque.

150 2275 280 2335 omnibus
303 2276 394 2335 lorma
410 2292 526 2352 semper
538 2276 658 2351 egregia
674 2282 704 2332 et
720 2272 811 2351 duplo
826 2288 911 2351 uuam
926 2270 1033 2331 ceteris
1048 2274 1144 2344 maior,

151 2361 255 2437 pinnae
276 2360 447 2431 breviores,
472 2374 554 2417 crura
575 2367 673 2430 recta,
696 2358 846 2435 ingressas
867 2356 990 2429 celsior,
1011 2356 1040 2414 in
1054 2356 1183 2415 frontem

149 2444 261 2503 macula
278 2442 401 2517 quodam
418 2440 578 2501 diademate
596 2438 758 2500 candicans.
791 2440 907 2499 multum
922 2440 1007 2499 etiam
1021 2441 1114 2499 nitore
1130 2455 1148 2497 a

100 2591 102 2597 ,
150 2527 240 2603 vulgo
257 2524 399 2583 differunt.

108 2618 142 2671 52
217 2611 264 2667 17.
290 2606 374 2688 (17.)
394 2606 521 2682 Quaerat
535 2626 608 2667 nuno
621 2607 733 2685 aliquis,
747 2624 857 2665 unusne
868 2606 1011 2666 Hercules
1022 2604 1104 2664 luerit
1116 2611 1147 2661 et

150 2700 220 2771 quot
234 2690 331 2753 Liberi
347 2702 445 2770 patres
462 2702 491 2751 et
510 2692 622 2769 reliqua
645 2693 796 2749 vetustatis
810 2692 865 2748 situ
883 2691 1000 2750 obruta!
1032 2702 1102 2747 ecce
1118 2687 1149 2744 in

148 2792 182 2835 re
200 2792 290 2853 parva
312 2777 448 2853 villisque
472 2776 579 2835 nostris
602 2773 729 2849 adnexa,
752 2776 833 2833 unlus
854 2774 972 2833 adsidua
990 2774 1076 2850 eopia
1090 2780 1187 2844 est,ac

149 2875 206 2919 non
227 2869 339 2921 constat
359 2860 433 2917 inter
453 2868 605 2935 auctores,
625 2876 681 2917 rex
701 2857 845 2917 nullumne
866 2857 947 2916 solus
961 2856 1067 2915 haheat
1082 2872 1150 2914 aen·

149 2941 226 3003 leum
241 2944 389 3004 maiestate
405 2951 511 3003 tanturn
525 2952 664 3018 ansatus,
681 2960 717 3001 an
734 2941 848 3002 dederit
862 2942 977 3018 quidem
989 2958 1054 2999 enm
1068 2947 1149 2997 natu·

148 3043 197 3103 ra,
221 3029 273 3087 sed
290 3044 371 3087 usum
392 3029 483 3106 pestis
500 3027 541 3087 illi
557 3034 659 3085 statum
675 3026 836 3102 negaverit.
872 3024 943 3084 illud
958 3032 1081 3097 constat,
1098 3023 1149 3080 im·

149 3122 315 3189 peratorem
335 3112 437 3171 aculeo
459 3127 515 3169 non
537 3109 587 3169 nti.
619 3109 690 3169 llira
712 3108 811 3187 plebei
831 3110 911 3168 eirea
929 3124 995 3167 earn
1009 3105 1150 3166 ohedien-

106 3198 196 3259 tttia.
240 3213 303 3269 eum
326 3187 492 3273 procedit,'
506 3210 560 3253 una
588 3202 634 3253 est
659 3200 748 3251 totam
773 3206 896 3250 examen
923 3191 1060 3270 circaque
1082 3206 1187 3249 eamus

148 3279 300 3355 globatur,
326 3278 429 3355 cingit,
451 3278 595 3355 protegit,
619 3277 699 3335 cenni
720 3292 778 3334 non
799 3277 912 3353 patitur.
947 3274 1061 3352 reliquo
1076 3283 1149 3334 tem·

148 3378 238 3438 pore,
261 3379 324 3419 cnm
342 3361 467 3437 populus
484 3362 510 3418 in
532 3359 634 3421 labore
651 3368 713 3433 est,
730 3360 793 3437 ipse
810 3374 900 3435 opera
915 3358 1147 3428 iatnsclrcumit,

149 3444 247 3502 similis
258 3444 436 3518 exhortanti,
452 3441 532 3501 solus
546 3444 675 3501 inmunis.
707 3442 861 3501 circaeam
874 3440 1018 3502 satellites
1034 3441 1148 3520 qnidam
