2542 3842
74 152 77 157 ·
147 138 204 199 116
519 149 549 199 o.
565 151 661 231 apum
679 151 829 201 sacuam

143 303 267 363 siderum
284 301 426 363 elementa
442 302 628 379 cogentibus,
653 304 717 364 aliis
732 321 805 365 vero
821 303 1012 380 fundentibus.
1040 302 1138 365 sedin

143 385 276 445 dulcibus
294 385 375 463 aquis
392 384 475 445 lutiae
491 386 652 446 alimentum
668 406 735 447 esse
751 388 825 447 sicut
839 389 868 446 in
881 389 996 447 marinis
1012 388 1092 447 solis.

101 477 153 533 224
204 467 286 528 Ι102.
314 467 418 547 (105.)
442 467 617 529 Altissimum
641 488 721 531 mare
739 467 793 529 XV
816 470 971 533 stadiorum
993 470 1136 530 Fabianus

142 550 237 611 tradit.
266 550 313 609 alii
336 552 365 609 in
386 551 477 611 Ponto
504 570 542 611 ex
562 553 686 613 adverso
702 552 881 614 Coraxorum
903 555 997 629 gentis
1016 552 1137 630 (vocant

142 629 240 711 βαθέα
253 632 350 713 Ponti)
365 635 503 694 trecentis
518 635 581 694 iere
594 653 609 695 a
627 638 784 696 continenti
796 638 894 697 stadiis
905 638 1060 695 inmensam
1071 635 1133 695 alti·
1146 654 1161 693 s

141 716 266 775 tudinem
282 718 367 776 maris
382 718 505 792 tradunt,
521 718 602 777 radis
617 737 768 797 numquam
785 721 917 797 repertis.
941 718 1010 779 103.
1030 718 1134 797 (106.)

142 797 301 859 Mirabilius
316 800 345 859 id
359 799 467 859 iaciunt
484 818 576 878 aquae
594 800 694 859 dulces
711 802 789 860 iuxta
804 819 884 860 mare
899 810 929 860 ut
943 801 1047 861 listulis
1066 802 1135 860 emi

144 891 252 943 cantes.
267 899 331 941 nam
343 899 398 941 nec
411 900 546 959 aquarum
557 891 656 943 natura
666 883 812 942 miraculis
825 893 929 942 cessat.
945 884 1055 943 Dulces
1065 884 1135 943 mari

141 964 328 1040 invehuntur,
354 964 483 1050 leviores
504 965 570 1026 haut
592 964 687 1025 dubie.
715 965 783 1025 ideo
806 974 836 1025 et
850 967 993 1041 marinae,
1018 983 1135 1045 quarum

83 1110 85 1113 .
141 1058 241 1108 natura
261 1048 395 1124 gravior,
419 1048 510 1125 magis
530 1050 645 1109 invecta
667 1049 816 1109 sustinent.
847 1047 994 1121 Quaedam
1009 1066 1083 1108 vero
1105 1057 1134 1108 et
1147 1062 1171 1103 ιο

142 1131 243 1192 dulces
261 1131 335 1190 inter
350 1148 383 1190 se
401 1140 583 1209 supermeant
599 1132 687 1208 alias,
708 1141 739 1191 ut
759 1133 787 1191 in
801 1130 910 1193 Fucino
925 1133 990 1193 lacu
1004 1134 1150 1191 invectus*

142 1215 242 1289 amnis,
258 1214 287 1273 in
301 1213 385 1274 Lario
401 1215 513 1291 Addua,
530 1216 558 1274 in
572 1213 729 1275 Verbanno
746 1215 873 1292 Ticinus,
888 1218 917 1276 in
931 1213 1047 1275 Benaco
1064 1214 1133 1273 blin-

143 1299 215 1373 cius,
235 1298 263 1355 in
282 1296 409 1357 Sebinno
427 1297 528 1375 Ollius,
545 1300 573 1357 in
588 1297 732 1359 Lemanno
746 1297 914 1375 Rhodanus,
929 1298 977 1359 hic
991 1308 1068 1358 trans
1084 1296 1133 1357 Al-

141 1382 204 1459 pis‚
223 1380 392 1457 superiores
407 1380 436 1441 in
450 1381 547 1455 ltalia,
563 1383 715 1442 multorum
729 1383 835 1442 milium
848 1384 968 1441 transitu
982 1380 1134 1460 hospitalis

143 1480 208 1524 suas
233 1470 339 1521 tautum
361 1478 416 1521 neo
440 1462 583 1539 largiores
606 1482 689 1540 quam
712 1464 834 1540 intulere
858 1482 947 1541 aquas
963 1464 1171 1523 evehentesra

99 1558 151 1611 aaa
163 1544 305 1625 proditum
320 1544 377 1604 hcc
389 1554 417 1603 et
426 1545 455 1603 in
467 1542 575 1603 Oronte
591 1563 672 1605 amne
685 1547 786 1621 Syriae
802 1546 953 1624 multisque
965 1547 1046 1605 aliis.
1066 1544 1134 1619 Qui·

143 1630 206 1690 dam
221 1645 293 1687 vero
312 1629 378 1688 odio
396 1628 482 1687 maris
499 1628 562 1705 ipsa
578 1627 700 1688 subeunt
715 1629 798 1703 uada,
815 1630 889 1688 sicut
899 1628 1053 1702 Arethusa,
1070 1628 1135 1686 lons

142 1712 339 1786 Syracusanus
355 1712 451 1789 inquo
463 1710 618 1770 redduntur
629 1712 703 1771 iacta
715 1714 743 1770 in
754 1710 898 1789 Alpheum
910 1712 958 1789 qui
972 1728 1026 1789 per
1038 1709 1134 1785 Olym·

142 1795 218 1871 piam
235 1792 326 1853 fluens
343 1793 593 1870 Peloponnesiaco
614 1794 690 1853 litori
704 1794 864 1854 infunditur.
895 1794 1024 1854 subeunt
1040 1802 1134 1853 terras

141 1892 299 1953 rursusque
320 1875 476 1935 redduntur
496 1875 590 1951 Lycus
611 1878 650 1936 in·
663 1877 752 1953 Asia,
773 1876 910 1937 Erasinos
932 1878 960 1936 in
981 1876 1172 1953 Argolicam

143 1957 237 2033 Tigris
258 1960 286 2018 in
298 1957 523 2037 Mesopotamia,
548 1968 577 2019 et
590 1966 673 2038 'quae
694 1961 723 2019 in
739 1959 899 2039 Aesculapi
918 1961 998 2020 fonte
1013 1959 1135 2019 Athenis

141 2057 237 2101 mersa
254 2050 318 2101 sunt
334 2042 362 2101 in
379 2042 531 2102 Phalerico
547 2044 712 2103 redduntur.
740 2052 770 2102 et
791 2044 820 2102 in
833 2043 949 2104 Atinate
966 2059 1069 2120 campo
1084 2041 1135 2102 llu-

142 2125 205 2183 rius
225 2142 336 2185 mersus
358 2135 424 2205 post
443 2124 499 2185 XX
512 2124 542 2186 bl
556 2144 634 2205 pass.
651 2126 728 2201 exit,
754 2134 784 2185 ct
803 2126 832 2183 in
849 2126 1029 2205 Aquileiensi
1043 2124 1135 2183 Tima-

99 2218 225 2273 226vos.
258 2206 336 2270 Nihil
356 2211 384 2269 in
405 2208 569 2288 Asphaltite
598 2209 723 2269 Iudaeae
746 2209 812 2269 lacu
834 2210 883 2286 qui
900 2209 1025 2269 bitumen
1045 2207 1137 2283 gignit

142 2294 234 2369 mergi
249 2301 362 2372 potest,
389 2311 446 2353 nec
466 2295 495 2353 in
510 2293 664 2353 Armeniae
682 2292 799 2352 maioris
820 2291 950 2351 Aritissa.
979 2294 1003 2349 is
1021 2290 1174 2367 quidemst

142 2377 266 2434 nitrosus
285 2376 375 2451 piscis
392 2375 451 2435 alit.
484 2375 516 2433 ln
537 2376 685 2435 salentino
706 2376 785 2433 iuxta
807 2374 940 2451 oppidum
962 2372 1137 2432 Manduriam

142 2458 223 2517 lacus
241 2456 277 2515 ad
291 2458 434 2531 margines
450 2456 554 2533 plenus
569 2474 665 2534 neque
681 2456 828 2515 exhaustis
843 2457 924 2532 aquis
942 2458 1072 2523 minuitur
1084 2470 1134 2513 ue-

143 2556 200 2617 que
220 2538 320 2596 inlusis
343 2546 473 2614 augetur.
505 2537 541 2597 ln
554 2537 692 2597 Ciconum
714 2537 827 2598 flumine
852 2545 882 2596 et
899 2539 932 2611 ¹in
945 2538 1053 2598 Piceno
1070 2538 1136 2597 lacu

85 2684 88 2687 ,
141 2619 246 2679 Velino
259 2620 366 2695 lignum
383 2621 524 2680 deiectum
541 2620 658 2698 lapideo
671 2621 780 2679 cortice
791 2619 952 2696 obducitur,
970 2629 1000 2680 et
1012 2622 1041 2679 in
1051 2621 1136 2680 Surio

144 2700 292 2763 Colchidis
313 2703 426 2763 llumine
448 2703 523 2763 adeo
545 2712 575 2762 ut
594 2703 720 2781 lapidem
735 2702 905 2782 plerumque
922 2698 1174 2765 durans'adhucao

142 2787 252 2863 integat
273 2795 385 2845 cortex.
416 2786 553 2847 Similiter
578 2787 606 2845 in
628 2786 742 2847 llumine
758 2787 853 2847 Silano
873 2787 947 2847 ultra
968 2788 1136 2848 Surrentum

142 2885 199 2927 nou
213 2869 336 2945 virgulta
350 2869 439 2929 modo.
452 2870 576 2929 inmersa
590 2887 690 2929 verum
705 2879 734 2929 et
753 2870 824 2930 lolia
846 2871 1044 2949 lapidescunt,
1065 2868 1137 2928 alias

143 2950 249 3011 salubri
265 2961 334 3030 potu
350 2954 411 3013 eius
424 2970 526 3031 aquae.
553 2952 585 3011 ln
597 2954 674 3011 exitu
685 2953 797 3030 paludis
811 2952 950 3012 Reatinae
961 2969 1060 3013 saxum
1072 2968 1137 3010 cre·

143 3034 198 3093 scit
214 3034 255 3109 [et
269 3036 298 3092 in
312 3034 400 3095 rubro
415 3038 486 3095 mari
502 3035 586 3094 oleae
601 3037 786 3113 virentesque
802 3036 924 3095 frutices
933 3032 1135 3112 „enascunturl

100 3125 151 3181 227
165 3116 225 3175 Sed
241 3124 270 3174 et
287 3116 404 3178 sontium
419 3118 612 3195 plurumorum
626 3125 726 3177 natura
741 3119 811 3177 mira
829 3125 874 3176 est
888 3118 1022 3192 feruore,
1046 3116 1175 3194 idqueas

145 3199 229 3258 etiam
250 3199 279 3257 in
299 3200 373 3275 iugis
390 3199 667 3277 Alpium,'ipsoque
686 3201 816 3275 inmari,
837 3208 867 3259 ut
889 3201 963 3259 inter
979 3199 1089 3260 ltaliam
1106 3207 1138 3257 et

146 3280 296 3339 Aenariam
312 3282 384 3339 etin
400 3280 507 3341 Baiano
524 3283 601 3357 sinu,
624 3292 654 3341 et
672 3283 701 3340 in
716 3282 773 3342 biri
786 3283 873 3342 lluvio
888 3283 1042 3359 multisque
1059 3280 1134 3341 aliis.

143 3361 215 3424 Nam
231 3363 323 3424 dulcis
337 3362 455 3424 haustus
470 3364 498 3422 in
514 3364 583 3425 masi
598 3364 736 3443 plurumis
750 3366 834 3442 locis,
851 3375 882 3425 ut
897 3365 933 3425 ad
949 3363 1135 3424 Chelidonias
