<?xml version="1.0" encoding="UTF-8"?>
<!DOCTYPE html PUBLIC "-//W3C//DTD XHTML 1.0 Transitional//EN"
    "http://www.w3.org/TR/xhtml1/DTD/xhtml1-transitional.dtd">
<html xmlns="http://www.w3.org/1999/xhtml" xml:lang="en" lang="en">
 <head>
  <title>
</title>
<meta http-equiv="Content-Type" content="text/html;charset=utf-8" />
  <meta name='ocr-system' content='tesseract 3.04.00' />
  <meta name='ocr-capabilities' content='ocr_page ocr_carea ocr_par ocr_line ocrx_word'/>
</head>
<body>
  <div class='ocr_page' id='page_1' title='image "./cplinisecundina25plingoog_0597.png"; bbox 0 0 2542 3842; ppageno 0'>
   <div class='ocr_carea' id='block_1_1' title="bbox 350 170 1075 256">
    <p class='ocr_par' dir='ltr' id='par_1_1' title="bbox 350 170 1075 256">
     <span class='ocr_line' id='line_1_1' title="bbox 350 170 1075 256; baseline 0.007 -25"><span class='ocrx_word' id='word_1_1' title='bbox 350 182 727 248; x_wconf 76' lang='lat' dir='ltr'><strong>uar.u1su.xr111.a.o.</strong></span> <span class='ocrx_word' id='word_1_2' title='bbox 748 170 804 256; x_wconf 78' lang='lat' dir='ltr'><strong>(a.)</strong></span> <span class='ocrx_word' id='word_1_3' title='bbox 863 176 868 180; x_wconf 82' lang='grc'><strong>“</strong></span> <span class='ocrx_word' id='word_1_4' title='bbox 1010 173 1075 236; x_wconf 72' lang='lat' dir='ltr'><strong>aba</strong></span> 
     </span>
    </p>
   </div>
   <div class='ocr_carea' id='block_1_2' title="bbox 29 321 1134 830">
    <p class='ocr_par' dir='ltr' id='par_1_2' title="bbox 29 321 1134 830">
     <span class='ocr_line' id='line_1_2' title="bbox 77 321 1076 404; baseline 0.008 -25"><span class='ocrx_word' id='word_1_5' title='bbox 77 323 192 399; x_wconf 85' lang='lat' dir='ltr'><strong>soplna,</strong></span> <span class='ocrx_word' id='word_1_6' title='bbox 217 321 334 380; x_wconf 81' lang='lat' dir='ltr'><strong>Arretio</strong></span> <span class='ocrx_word' id='word_1_7' title='bbox 357 322 474 402; x_wconf 77' lang='lat' dir='ltr'>talpona</span> <span class='ocrx_word' id='word_1_8' title='bbox 499 331 528 382; x_wconf 88' lang='lat' dir='ltr'><strong>et</strong></span> <span class='ocrx_word' id='word_1_9' title='bbox 550 323 678 384; x_wconf 73' lang='lat' dir='ltr'><strong>etesiaca</strong></span> <span class='ocrx_word' id='word_1_10' title='bbox 702 332 732 382; x_wconf 85' lang='lat' dir='ltr'><strong>et</strong></span> <span class='ocrx_word' id='word_1_11' title='bbox 749 325 925 384; x_wconf 87' lang='lat' dir='ltr'><strong>consemina.</strong></span> <span class='ocrx_word' id='word_1_12' title='bbox 955 325 1076 404; x_wconf 80' lang='lat' dir='ltr'><strong>talpona</strong></span> 
     </span>
     <span class='ocr_line' id='line_1_3' title="bbox 29 402 1074 488; baseline 0.004 -23"><span class='ocrx_word' id='word_1_13' title='bbox 29 441 30 444; x_wconf 60' lang='lat'><em>=</em></span> <span class='ocrx_word' id='word_1_14' title='bbox 76 407 155 483; x_wconf 84' lang='lat' dir='ltr'><strong>nigra</strong></span> <span class='ocrx_word' id='word_1_15' title='bbox 172 405 322 466; x_wconf 88' lang='lat' dir='ltr'><strong>candidum</strong></span> <span class='ocrx_word' id='word_1_16' title='bbox 336 403 406 464; x_wconf 88' lang='lat' dir='ltr'><strong>iacit</strong></span> <span class='ocrx_word' id='word_1_17' title='bbox 419 416 549 466; x_wconf 89' lang='lat' dir='ltr'><strong>mustum.</strong></span> <span class='ocrx_word' id='word_1_18' title='bbox 577 408 705 467; x_wconf 78' lang='lat' dir='ltr'><strong>etesiaca</strong></span> <span class='ocrx_word' id='word_1_19' title='bbox 719 402 819 467; x_wconf 75' lang='lat' dir='ltr'><strong>lallah.</strong></span> <span class='ocrx_word' id='word_1_20' title='bbox 849 423 907 487; x_wconf 92' lang='lat' dir='ltr'><strong>quo</strong></span> <span class='ocrx_word' id='word_1_21' title='bbox 920 409 987 488; x_wconf 88' lang='lat' dir='ltr'><strong>plus</strong></span> <span class='ocrx_word' id='word_1_22' title='bbox 998 409 1074 486; x_wconf 88' lang='lat' dir='ltr'><strong>tulit,</strong></span> 
     </span>
     <span class='ocr_line' id='line_1_4' title="bbox 29 487 1074 572; baseline 0.003 -23"><span class='ocrx_word' id='word_1_23' title='bbox 29 491 32 524; x_wconf 73' lang='lat' dir='ltr'><strong>l</strong></span> <span class='ocrx_word' id='word_1_24' title='bbox 75 491 130 550; x_wconf 90' lang='lat' dir='ltr'><strong>hoc</strong></span> <span class='ocrx_word' id='word_1_25' title='bbox 146 487 315 548; x_wconf 81' lang='lat' dir='ltr'><strong>laudabilius</strong></span> <span class='ocrx_word' id='word_1_26' title='bbox 331 489 438 564; x_wconf 82' lang='lat' dir='ltr'><strong>fundit,</strong></span> <span class='ocrx_word' id='word_1_27' title='bbox 455 492 612 568; x_wconf 90' lang='lat' dir='ltr'><strong>mirumque</strong></span> <span class='ocrx_word' id='word_1_28' title='bbox 628 491 805 550; x_wconf 88' lang='lat' dir='ltr'><strong>fecunditate</strong></span> <span class='ocrx_word' id='word_1_29' title='bbox 822 492 976 572; x_wconf 82' lang='lat' dir='ltr'><strong>pariter&#39;et</strong></span> <span class='ocrx_word' id='word_1_30' title='bbox 993 492 1074 552; x_wconf 91' lang='lat' dir='ltr'><strong>boni·</strong></span> 
     </span>
     <span class='ocr_line' id='line_1_5' title="bbox 29 573 1073 652; baseline 0.004 -19"><span class='ocrx_word' id='word_1_31' title='bbox 29 573 31 614; x_wconf 77' lang='lat' dir='ltr'><strong>l</strong></span> <span class='ocrx_word' id='word_1_32' title='bbox 75 583 133 634; x_wconf 87' lang='lat' dir='ltr'><strong>tate</strong></span> <span class='ocrx_word' id='word_1_33' title='bbox 162 582 267 632; x_wconf 88' lang='lat' dir='ltr'><strong>cessat.</strong></span> <span class='ocrx_word' id='word_1_34' title='bbox 314 575 479 634; x_wconf 88' lang='lat' dir='ltr'><strong>consemina</strong></span> <span class='ocrx_word' id='word_1_35' title='bbox 506 577 588 652; x_wconf 90' lang='lat' dir='ltr'><strong>nigra</strong></span> <span class='ocrx_word' id='word_1_36' title='bbox 614 576 681 634; x_wconf 87' lang='lat' dir='ltr'><strong>vino</strong></span> <span class='ocrx_word' id='word_1_37' title='bbox 707 576 830 635; x_wconf 90' lang='lat' dir='ltr'><strong>minume</strong></span> <span class='ocrx_word' id='word_1_38' title='bbox 856 575 992 652; x_wconf 59' lang='lat' dir='ltr'><strong>mente,</strong></span> <span class='ocrx_word' id='word_1_39' title='bbox 1017 576 1073 637; x_wconf 80' lang='lat' dir='ltr'><strong>uua</strong></span> 
     </span>
     <span class='ocr_line' id='line_1_6' title="bbox 29 651 1106 738; baseline 0.007 -26"><span class='ocrx_word' id='word_1_40' title='bbox 29 660 219 733; x_wconf 74' lang='lat' dir='ltr'><strong>lomanlame,</strong></span> <span class='ocrx_word' id='word_1_41' title='bbox 242 667 308 736; x_wconf 89' lang='lat' dir='ltr'><strong>post</strong></span> <span class='ocrx_word' id='word_1_42' title='bbox 328 671 375 717; x_wconf 85' lang='lat' dir='ltr'><strong>xv</strong></span> <span class='ocrx_word' id='word_1_43' title='bbox 391 651 457 718; x_wconf 71' lang='lat' dir='ltr'><strong>&#39;dies</strong></span> <span class='ocrx_word' id='word_1_44' title='bbox 480 676 563 738; x_wconf 90' lang='lat' dir='ltr'><strong>quam</strong></span> <span class='ocrx_word' id='word_1_45' title='bbox 584 657 643 718; x_wconf 89' lang='lat' dir='ltr'><strong>ulla</strong></span> <span class='ocrx_word' id='word_1_46' title='bbox 666 658 722 718; x_wconf 89' lang='lat' dir='ltr'><strong>alia</strong></span> <span class='ocrx_word' id='word_1_47' title='bbox 743 662 873 737; x_wconf 88' lang='lat' dir='ltr'><strong>metitur,</strong></span> <span class='ocrx_word' id='word_1_48' title='bbox 895 659 999 720; x_wconf 79' lang='lat' dir='ltr'><strong>fertilis</strong></span> <span class='ocrx_word' id='word_1_49' title='bbox 1020 658 1072 720; x_wconf 90' lang='lat' dir='ltr'><strong>sed</strong></span> <span class='ocrx_word' id='word_1_50' title='bbox 1101 694 1106 706; x_wconf 51' lang='grc' dir='ltr'><em>ι</em></span> 
     </span>
     <span class='ocr_line' id='line_1_7' title="bbox 29 741 1134 830; baseline 0.005 -29"><span class='ocrx_word' id='word_1_51' title='bbox 29 745 30 784; x_wconf 78' lang='lat' dir='ltr'><strong>l</strong></span> <span class='ocrx_word' id='word_1_52' title='bbox 75 742 191 802; x_wconf 82' lang='lat' dir='ltr'><strong>cibaria.</strong></span> <span class='ocrx_word' id='word_1_53' title='bbox 227 741 310 800; x_wconf 91' lang='lat' dir='ltr'><strong>huius</strong></span> <span class='ocrx_word' id='word_1_54' title='bbox 332 741 402 804; x_wconf 85' lang='lat' dir='ltr'><strong>lolia</strong></span> <span class='ocrx_word' id='word_1_55' title='bbox 429 743 512 802; x_wconf 91' lang='lat' dir='ltr'><strong>sicuti</strong></span> <span class='ocrx_word' id='word_1_56' title='bbox 541 742 801 822; x_wconf 82' lang='lat' dir='ltr'><strong>labruscae&#39;prius</strong></span> <span class='ocrx_word' id='word_1_57' title='bbox 827 761 911 823; x_wconf 92' lang='lat' dir='ltr'><strong>qnam</strong></span> <span class='ocrx_word' id='word_1_58' title='bbox 938 743 1115 808; x_wconf 72' lang='lat' dir='ltr'><strong>decidantbl</strong></span> <span class='ocrx_word' id='word_1_59' title='bbox 1129 809 1134 830; x_wconf 66' lang='lat'><strong>,</strong></span> 
     </span>
    </p>
   </div>
   <div class='ocr_carea' id='block_1_3' title="bbox 29 822 1244 991">
    <p class='ocr_par' dir='ltr' id='par_1_3' title="bbox 29 822 1244 991">
     <span class='ocr_line' id='line_1_8' title="bbox 29 822 1244 906; baseline 0.002 -21"><span class='ocrx_word' id='word_1_60' title='bbox 29 827 31 868; x_wconf 80' lang='lat' dir='ltr'><strong>l</strong></span> <span class='ocrx_word' id='word_1_61' title='bbox 74 826 231 902; x_wconf 87' lang='lat' dir='ltr'><strong>sanguineo</strong></span> <span class='ocrx_word' id='word_1_62' title='bbox 255 825 355 885; x_wconf 89' lang='lat' dir='ltr'><strong>colore</strong></span> <span class='ocrx_word' id='word_1_63' title='bbox 378 834 528 886; x_wconf 64' lang='lat' dir='ltr'><strong>mutantur:</strong></span> <span class='ocrx_word' id='word_1_64' title='bbox 566 829 663 886; x_wconf 88' lang='lat' dir='ltr'><strong>evenit</strong></span> <span class='ocrx_word' id='word_1_65' title='bbox 686 827 743 886; x_wconf 90' lang='lat' dir='ltr'><strong>hoo</strong></span> <span class='ocrx_word' id='word_1_66' title='bbox 765 837 795 887; x_wconf 90' lang='lat' dir='ltr'><strong>et</strong></span> <span class='ocrx_word' id='word_1_67' title='bbox 818 827 986 906; x_wconf 87' lang='lat' dir='ltr'><strong>quibasdam</strong></span> <span class='ocrx_word' id='word_1_68' title='bbox 1008 829 1072 890; x_wconf 90' lang='lat' dir='ltr'><strong>aliis</strong></span> <span class='ocrx_word' id='word_1_69' title='bbox 1162 866 1164 871; x_wconf 83' lang='lat'><em>·</em></span> <span class='ocrx_word' id='word_1_70' title='bbox 1243 822 1244 903; x_wconf 79' lang='lat' dir='ltr'>j</span> 
     </span>
     <span class='ocr_line' id='line_1_9' title="bbox 29 909 1244 991; baseline 0.001 -22"><span class='ocrx_word' id='word_1_71' title='bbox 29 981 30 988; x_wconf 8' lang='grc' dir='ltr'>ἵ</span> <span class='ocrx_word' id='word_1_72' title='bbox 75 911 200 988; x_wconf 86' lang='lat' dir='ltr'><strong>pessumi</strong></span> <span class='ocrx_word' id='word_1_73' title='bbox 221 911 338 986; x_wconf 85' lang='lat' dir='ltr'><strong>generis</strong></span> <span class='ocrx_word' id='word_1_74' title='bbox 358 920 534 988; x_wconf 89' lang='lat' dir='ltr'><strong>argumento.</strong></span> <span class='ocrx_word' id='word_1_75' title='bbox 565 910 661 971; x_wconf 87' lang='lat' dir='ltr'><strong>itriola</strong></span> <span class='ocrx_word' id='word_1_76' title='bbox 676 909 812 971; x_wconf 82' lang='lat' dir='ltr'><strong>Umbriae</strong></span> <span class='ocrx_word' id='word_1_77' title='bbox 826 909 1028 991; x_wconf 76' lang='lat' dir='ltr'><strong>Hevauatique</strong></span> <span class='ocrx_word' id='word_1_78' title='bbox 1045 922 1074 972; x_wconf 92' lang='lat' dir='ltr'><strong>et</strong></span> <span class='ocrx_word' id='word_1_79' title='bbox 1122 931 1132 939; x_wconf 83' lang='grc'><em>·</em></span> <span class='ocrx_word' id='word_1_80' title='bbox 1243 934 1244 941; x_wconf 48' lang='grc'><strong>“</strong></span> 
     </span>
    </p>
   </div>
   <div class='ocr_carea' id='block_1_4' title="bbox 29 993 1115 1664">
    <p class='ocr_par' dir='ltr' id='par_1_4' title="bbox 29 993 1071 1073">
     <span class='ocr_line' id='line_1_10' title="bbox 29 993 1071 1073; baseline 0.002 -20"><span class='ocrx_word' id='word_1_81' title='bbox 29 1001 30 1036; x_wconf 68' lang='lat' dir='ltr'><strong>l</strong></span> <span class='ocrx_word' id='word_1_82' title='bbox 74 994 180 1054; x_wconf 84' lang='lat' dir='ltr'><strong>Piceno</strong></span> <span class='ocrx_word' id='word_1_83' title='bbox 195 1011 265 1072; x_wconf 90' lang='lat' dir='ltr'><strong>agro</strong></span> <span class='ocrx_word' id='word_1_84' title='bbox 281 994 437 1072; x_wconf 87' lang='lat' dir='ltr'><strong>peculiaris</strong></span> <span class='ocrx_word' id='word_1_85' title='bbox 454 1005 515 1070; x_wconf 86' lang='lat' dir='ltr'><strong>est,</strong></span> <span class='ocrx_word' id='word_1_86' title='bbox 537 993 715 1054; x_wconf 74' lang='lat' dir='ltr'><strong>Amiternino</strong></span> <span class='ocrx_word' id='word_1_87' title='bbox 732 995 855 1073; x_wconf 88' lang='lat' dir='ltr'><strong>pumula.</strong></span> <span class='ocrx_word' id='word_1_88' title='bbox 887 996 990 1068; x_wconf 84' lang='lat' dir='ltr'><strong>iisdem</strong></span> <span class='ocrx_word' id='word_1_89' title='bbox 1003 995 1071 1056; x_wconf 89' lang='lat' dir='ltr'><strong>ban·</strong></span> 
     </span>
    </p>

    <p class='ocr_par' dir='ltr' id='par_1_5' title="bbox 40 1076 1115 1391">
     <span class='ocr_line' id='line_1_11' title="bbox 40 1076 1115 1158; baseline 0.007 -23"><span class='ocrx_word' id='word_1_90' title='bbox 40 1095 64 1135; x_wconf 81' lang='lat' dir='ltr'><strong>ro</strong></span> <span class='ocrx_word' id='word_1_91' title='bbox 74 1079 174 1137; x_wconf 91' lang='lat' dir='ltr'><strong>nanioa</strong></span> <span class='ocrx_word' id='word_1_92' title='bbox 191 1077 281 1138; x_wconf 79' lang='lat' dir='ltr'><strong>fallax</strong></span> <span class='ocrx_word' id='word_1_93' title='bbox 296 1085 356 1155; x_wconf 85' lang='lat' dir='ltr'><strong>est,</strong></span> <span class='ocrx_word' id='word_1_94' title='bbox 378 1088 471 1139; x_wconf 89' lang='lat' dir='ltr'><strong>amant</strong></span> <span class='ocrx_word' id='word_1_95' title='bbox 487 1089 581 1140; x_wconf 87' lang='lat' dir='ltr'><strong>tamen</strong></span> <span class='ocrx_word' id='word_1_96' title='bbox 598 1096 670 1138; x_wconf 90' lang='lat' dir='ltr'><strong>eam.</strong></span> <span class='ocrx_word' id='word_1_97' title='bbox 699 1076 835 1156; x_wconf 81' lang='lat' dir='ltr'><strong>Municipi</strong></span> <span class='ocrx_word' id='word_1_98' title='bbox 851 1097 933 1139; x_wconf 85' lang='lat' dir='ltr'><strong>uvam</strong></span> <span class='ocrx_word' id='word_1_99' title='bbox 948 1079 1069 1158; x_wconf 86' lang='lat' dir='ltr'><strong>Pompei</strong></span> <span class='ocrx_word' id='word_1_100' title='bbox 1079 1089 1115 1143; x_wconf 78' lang='lat'><strong>38</strong></span> 
     </span>
     <span class='ocr_line' id='line_1_12' title="bbox 73 1160 1073 1241; baseline 0.001 -21"><span class='ocrx_word' id='word_1_101' title='bbox 73 1163 188 1222; x_wconf 89' lang='lat' dir='ltr'><strong>nomine</strong></span> <span class='ocrx_word' id='word_1_102' title='bbox 213 1162 379 1240; x_wconf 87' lang='lat' dir='ltr'><strong>appellant,</strong></span> <span class='ocrx_word' id='word_1_103' title='bbox 402 1165 530 1240; x_wconf 90' lang='lat' dir='ltr'><strong>quamvis</strong></span> <span class='ocrx_word' id='word_1_104' title='bbox 548 1160 673 1223; x_wconf 85' lang='lat' dir='ltr'><strong>Clusinis</strong></span> <span class='ocrx_word' id='word_1_105' title='bbox 695 1164 900 1241; x_wconf 89' lang='lat' dir='ltr'><strong>copiosiorem.</strong></span> <span class='ocrx_word' id='word_1_106' title='bbox 935 1163 1073 1241; x_wconf 77' lang='lat' dir='ltr'><strong>municipi</strong></span> 
     </span>
     <span class='ocr_line' id='line_1_13' title="bbox 75 1245 1070 1326; baseline 0 -20"><span class='ocrx_word' id='word_1_107' title='bbox 75 1257 105 1306; x_wconf 89' lang='lat' dir='ltr'><strong>et</strong></span> <span class='ocrx_word' id='word_1_108' title='bbox 122 1245 257 1307; x_wconf 80' lang='lat' dir='ltr'><strong>Tiburtes</strong></span> <span class='ocrx_word' id='word_1_109' title='bbox 275 1246 481 1325; x_wconf 81' lang='lat' dir='ltr'><strong>appellavere,</strong></span> <span class='ocrx_word' id='word_1_110' title='bbox 503 1247 632 1326; x_wconf 89' lang='lat' dir='ltr'><strong>quamvis</strong></span> <span class='ocrx_word' id='word_1_111' title='bbox 649 1247 831 1324; x_wconf 81' lang='lat' dir='ltr'><strong>oleagineam</strong></span> <span class='ocrx_word' id='word_1_112' title='bbox 848 1265 941 1326; x_wconf 86' lang='lat' dir='ltr'><strong>nuper</strong></span> <span class='ocrx_word' id='word_1_113' title='bbox 953 1249 1070 1307; x_wconf 78' lang='lat' dir='ltr'><strong>invene</strong></span> 
     </span>
     <span class='ocr_line' id='line_1_14' title="bbox 74 1329 1071 1391; baseline 0.001 -1"><span class='ocrx_word' id='word_1_114' title='bbox 74 1331 129 1390; x_wconf 88' lang='lat' dir='ltr'><strong>rint</strong></span> <span class='ocrx_word' id='word_1_115' title='bbox 141 1347 156 1390; x_wconf 90' lang='lat' dir='ltr'><strong>a</strong></span> <span class='ocrx_word' id='word_1_116' title='bbox 167 1330 349 1391; x_wconf 87' lang='lat' dir='ltr'><strong>similitudine</strong></span> <span class='ocrx_word' id='word_1_117' title='bbox 366 1330 470 1390; x_wconf 90' lang='lat' dir='ltr'><strong>olivae.</strong></span> <span class='ocrx_word' id='word_1_118' title='bbox 495 1329 651 1390; x_wconf 86' lang='lat' dir='ltr'><strong>novissima</strong></span> <span class='ocrx_word' id='word_1_119' title='bbox 663 1329 738 1391; x_wconf 84' lang='lat' dir='ltr'><strong>haec</strong></span> <span class='ocrx_word' id='word_1_120' title='bbox 751 1333 869 1390; x_wconf 82' lang='lat' dir='ltr'><strong>uvarum</strong></span> <span class='ocrx_word' id='word_1_121' title='bbox 884 1333 920 1391; x_wconf 92' lang='lat' dir='ltr'><strong>ad</strong></span> <span class='ocrx_word' id='word_1_122' title='bbox 930 1331 989 1391; x_wconf 92' lang='lat' dir='ltr'><strong>hoo</strong></span> <span class='ocrx_word' id='word_1_123' title='bbox 999 1341 1071 1391; x_wconf 81' lang='lat' dir='ltr'><strong>tem</strong></span> 
     </span>
    </p>

    <p class='ocr_par' dir='ltr' id='par_1_6' title="bbox 32 1414 1107 1500">
     <span class='ocr_line' id='line_1_15' title="bbox 32 1414 1107 1500; baseline 0.001 -26"><span class='ocrx_word' id='word_1_124' title='bbox 32 1451 35 1458; x_wconf 87' lang='lat'><em>·</em></span> <span class='ocrx_word' id='word_1_125' title='bbox 75 1433 131 1500; x_wconf 79' lang='lat' dir='ltr'><strong>pus¹</strong></span> <span class='ocrx_word' id='word_1_126' title='bbox 146 1423 262 1492; x_wconf 89' lang='lat' dir='ltr'><strong>reperta</strong></span> <span class='ocrx_word' id='word_1_127' title='bbox 285 1424 338 1474; x_wconf 87' lang='lat' dir='ltr'><strong>est.</strong></span> <span class='ocrx_word' id='word_1_128' title='bbox 371 1415 542 1474; x_wconf 84' lang='lat' dir='ltr'><strong>vinaciolam</strong></span> <span class='ocrx_word' id='word_1_129' title='bbox 564 1414 619 1473; x_wconf 90' lang='lat' dir='ltr'><strong>soli</strong></span> <span class='ocrx_word' id='word_1_130' title='bbox 639 1424 779 1475; x_wconf 82' lang='lat' dir='ltr'><strong>noverunt</strong></span> <span class='ocrx_word' id='word_1_131' title='bbox 794 1414 912 1491; x_wconf 86' lang='lat' dir='ltr'><strong>Sabini,</strong></span> <span class='ocrx_word' id='word_1_132' title='bbox 933 1415 1071 1476; x_wconf 83' lang='lat' dir='ltr'><strong>calventi·</strong></span> <span class='ocrx_word' id='word_1_133' title='bbox 1101 1469 1107 1475; x_wconf 92' lang='lat'>.</span> 
     </span>
    </p>

    <p class='ocr_par' dir='ltr' id='par_1_7' title="bbox 38 1495 1073 1664">
     <span class='ocr_line' id='line_1_16' title="bbox 38 1495 1072 1576; baseline 0.004 -22"><span class='ocrx_word' id='word_1_134' title='bbox 38 1514 137 1558; x_wconf 82' lang='lat' dir='ltr'><strong>ronam</strong></span> <span class='ocrx_word' id='word_1_135' title='bbox 153 1497 285 1559; x_wconf 83' lang='lat' dir='ltr'><strong>Gaurani.</strong></span> <span class='ocrx_word' id='word_1_136' title='bbox 316 1500 378 1558; x_wconf 88' lang='lat' dir='ltr'><strong>scio</strong></span> <span class='ocrx_word' id='word_1_137' title='bbox 400 1517 416 1557; x_wconf 93' lang='lat' dir='ltr'><strong>e</strong></span> <span class='ocrx_word' id='word_1_138' title='bbox 434 1497 558 1558; x_wconf 83' lang='lat' dir='ltr'><strong>Falerno</strong></span> <span class='ocrx_word' id='word_1_139' title='bbox 579 1515 651 1576; x_wconf 84' lang='lat' dir='ltr'><strong>agro</strong></span> <span class='ocrx_word' id='word_1_140' title='bbox 668 1498 787 1559; x_wconf 87' lang='lat' dir='ltr'><strong>tralatas</strong></span> <span class='ocrx_word' id='word_1_141' title='bbox 808 1499 909 1558; x_wconf 88' lang='lat' dir='ltr'><strong>vocari</strong></span> <span class='ocrx_word' id='word_1_142' title='bbox 921 1495 1072 1571; x_wconf 85' lang='lat' dir='ltr'><strong>Falernas,</strong></span> 
     </span>
     <span class='ocr_line' id='line_1_17' title="bbox 74 1582 1073 1664; baseline 0.001 -22"><span class='ocrx_word' id='word_1_143' title='bbox 74 1582 227 1642; x_wconf 87' lang='lat' dir='ltr'><strong>celerrime</strong></span> <span class='ocrx_word' id='word_1_144' title='bbox 248 1582 354 1661; x_wconf 90' lang='lat' dir='ltr'><strong>ubique</strong></span> <span class='ocrx_word' id='word_1_145' title='bbox 373 1583 586 1659; x_wconf 87' lang='lat' dir='ltr'><strong>degenerantis.</strong></span> <span class='ocrx_word' id='word_1_146' title='bbox 620 1600 675 1642; x_wconf 91' lang='lat' dir='ltr'><strong>uec</strong></span> <span class='ocrx_word' id='word_1_147' title='bbox 697 1599 754 1664; x_wconf 80' lang='lat' dir='ltr'><strong>noa</strong></span> <span class='ocrx_word' id='word_1_148' title='bbox 768 1583 965 1644; x_wconf 83' lang='lat' dir='ltr'><strong>Surrentinum</strong></span> <span class='ocrx_word' id='word_1_149' title='bbox 980 1601 1073 1660; x_wconf 82' lang='lat' dir='ltr'><strong>genus</strong></span> 
     </span>
    </p>
   </div>
   <div class='ocr_carea' id='block_1_5' title="bbox 73 1666 1215 1746">
    <p class='ocr_par' dir='ltr' id='par_1_8' title="bbox 73 1666 1215 1746">
     <span class='ocr_line' id='line_1_18' title="bbox 73 1666 1215 1746; baseline -0.004 -19"><span class='ocrx_word' id='word_1_150' title='bbox 73 1668 161 1744; x_wconf 87' lang='lat' dir='ltr'><strong>aliqui</strong></span> <span class='ocrx_word' id='word_1_151' title='bbox 178 1667 278 1726; x_wconf 88' lang='lat' dir='ltr'><strong>iecere</strong></span> <span class='ocrx_word' id='word_1_152' title='bbox 294 1667 444 1746; x_wconf 87' lang='lat' dir='ltr'><strong>praedulci</strong></span> <span class='ocrx_word' id='word_1_153' title='bbox 461 1685 525 1726; x_wconf 84' lang='lat' dir='ltr'><strong>uva.</strong></span> <span class='ocrx_word' id='word_1_154' title='bbox 559 1667 681 1745; x_wconf 89' lang='lat' dir='ltr'><strong>capnios</strong></span> <span class='ocrx_word' id='word_1_155' title='bbox 697 1677 727 1726; x_wconf 92' lang='lat' dir='ltr'><strong>et</strong></span> <span class='ocrx_word' id='word_1_156' title='bbox 741 1666 920 1728; x_wconf 88' lang='lat' dir='ltr'><strong>buooouiatis</strong></span> <span class='ocrx_word' id='word_1_157' title='bbox 934 1676 964 1726; x_wconf 91' lang='lat' dir='ltr'><strong>et</strong></span> <span class='ocrx_word' id='word_1_158' title='bbox 978 1676 1068 1726; x_wconf 79' lang='lat' dir='ltr'><strong>tarra·</strong></span> <span class='ocrx_word' id='word_1_159' title='bbox 1080 1674 1116 1730; x_wconf 82' lang='lat'><strong>39</strong></span> <span class='ocrx_word' id='word_1_160' title='bbox 1207 1718 1215 1722; x_wconf 77' lang='lat'><em>.</em></span> 
     </span>
    </p>
   </div>
   <div class='ocr_carea' id='block_1_6' title="bbox 29 1749 1130 3422">
    <p class='ocr_par' dir='ltr' id='par_1_9' title="bbox 72 1749 1073 1914">
     <span class='ocr_line' id='line_1_19' title="bbox 74 1749 1072 1830; baseline -0.001 -21"><span class='ocrx_word' id='word_1_161' title='bbox 74 1753 121 1830; x_wconf 91' lang='lat' dir='ltr'><strong>pia</strong></span> <span class='ocrx_word' id='word_1_162' title='bbox 136 1753 164 1809; x_wconf 94' lang='lat' dir='ltr'><strong>in</strong></span> <span class='ocrx_word' id='word_1_163' title='bbox 180 1749 313 1810; x_wconf 85' lang='lat' dir='ltr'><strong>Thurinis</strong></span> <span class='ocrx_word' id='word_1_164' title='bbox 330 1751 454 1811; x_wconf 90' lang='lat' dir='ltr'><strong>collibus</strong></span> <span class='ocrx_word' id='word_1_165' title='bbox 469 1768 527 1810; x_wconf 92' lang='lat' dir='ltr'><strong>uon</strong></span> <span class='ocrx_word' id='word_1_166' title='bbox 541 1760 606 1810; x_wconf 88' lang='lat' dir='ltr'><strong>ante</strong></span> <span class='ocrx_word' id='word_1_167' title='bbox 623 1751 804 1813; x_wconf 88' lang='lat' dir='ltr'><strong>demetuntur</strong></span> <span class='ocrx_word' id='word_1_168' title='bbox 821 1768 906 1830; x_wconf 90' lang='lat' dir='ltr'><strong>quam</strong></span> <span class='ocrx_word' id='word_1_169' title='bbox 919 1750 1072 1828; x_wconf 83' lang='lat' dir='ltr'><strong>gelaverit.</strong></span> 
     </span>
     <span class='ocr_line' id='line_1_20' title="bbox 72 1833 1073 1914; baseline -0.001 -20"><span class='ocrx_word' id='word_1_170' title='bbox 72 1836 192 1895; x_wconf 84' lang='lat' dir='ltr'><strong>Pariana</strong></span> <span class='ocrx_word' id='word_1_171' title='bbox 220 1835 346 1913; x_wconf 83' lang='lat' dir='ltr'><strong>gaudent</strong></span> <span class='ocrx_word' id='word_1_172' title='bbox 365 1835 465 1910; x_wconf 80' lang='lat' dir='ltr'><strong>Pisae,</strong></span> <span class='ocrx_word' id='word_1_173' title='bbox 489 1833 595 1896; x_wconf 87' lang='lat' dir='ltr'><strong>hlntina</strong></span> <span class='ocrx_word' id='word_1_174' title='bbox 616 1835 743 1914; x_wconf 89' lang='lat' dir='ltr'><strong>prusinia</strong></span> <span class='ocrx_word' id='word_1_175' title='bbox 765 1836 849 1912; x_wconf 78' lang='lat' dir='ltr'><strong>nigro</strong></span> <span class='ocrx_word' id='word_1_176' title='bbox 872 1836 973 1910; x_wconf 89' lang='lat' dir='ltr'><strong>acino,</strong></span> <span class='ocrx_word' id='word_1_177' title='bbox 1000 1835 1073 1894; x_wconf 89' lang='lat' dir='ltr'><strong>intra</strong></span> 
     </span>
    </p>

    <p class='ocr_par' dir='ltr' id='par_1_10' title="bbox 35 1919 1117 2332">
     <span class='ocr_line' id='line_1_21' title="bbox 35 1919 1073 1996; baseline 0 -20"><span class='ocrx_word' id='word_1_178' title='bbox 35 1937 63 1976; x_wconf 84' lang='lat' dir='ltr'><strong>ao</strong></span> <span class='ocrx_word' id='word_1_179' title='bbox 74 1920 290 1996; x_wconf 85' lang='lat' dir='ltr'><strong>quadriennium</strong></span> <span class='ocrx_word' id='word_1_180' title='bbox 308 1919 478 1980; x_wconf 87' lang='lat' dir='ltr'><strong>albescente</strong></span> <span class='ocrx_word' id='word_1_181' title='bbox 490 1921 566 1979; x_wconf 90' lang='lat' dir='ltr'><strong>vino.</strong></span> <span class='ocrx_word' id='word_1_182' title='bbox 595 1921 695 1978; x_wconf 93' lang='lat' dir='ltr'><strong>mirum</strong></span> <span class='ocrx_word' id='word_1_183' title='bbox 707 1919 747 1978; x_wconf 91' lang='lat' dir='ltr'><strong>ibi</strong></span> <span class='ocrx_word' id='word_1_184' title='bbox 762 1938 826 1978; x_wconf 90' lang='lat' dir='ltr'><strong>oum</strong></span> <span class='ocrx_word' id='word_1_185' title='bbox 838 1919 902 1978; x_wconf 89' lang='lat' dir='ltr'><strong>sole</strong></span> <span class='ocrx_word' id='word_1_186' title='bbox 917 1919 1073 1993; x_wconf 79' lang='lat' dir='ltr'><strong>circumagi</strong></span> 
     </span>
     <span class='ocr_line' id='line_1_22' title="bbox 75 2000 1073 2082; baseline 0.001 -23"><span class='ocrx_word' id='word_1_187' title='bbox 75 2019 168 2062; x_wconf 78' lang='lat' dir='ltr'><strong>navam.</strong></span> <span class='ocrx_word' id='word_1_188' title='bbox 182 2019 256 2079; x_wconf 91' lang='lat' dir='ltr'><strong>quae</strong></span> <span class='ocrx_word' id='word_1_189' title='bbox 273 2002 311 2061; x_wconf 96' lang='lat' dir='ltr'><strong>ob</strong></span> <span class='ocrx_word' id='word_1_190' title='bbox 331 2003 359 2062; x_wconf 95' lang='lat' dir='ltr'><strong>id</strong></span> <span class='ocrx_word' id='word_1_191' title='bbox 381 2003 500 2080; x_wconf 90' lang='lat' dir='ltr'><strong>streptis</strong></span> <span class='ocrx_word' id='word_1_192' title='bbox 515 2011 652 2078; x_wconf 82' lang='lat' dir='ltr'><strong>vocatur,</strong></span> <span class='ocrx_word' id='word_1_193' title='bbox 670 2011 700 2060; x_wconf 92' lang='lat' dir='ltr'><strong>et</strong></span> <span class='ocrx_word' id='word_1_194' title='bbox 713 2004 743 2061; x_wconf 90' lang='lat' dir='ltr'><strong>in</strong></span> <span class='ocrx_word' id='word_1_195' title='bbox 759 2000 840 2061; x_wconf 89' lang='lat' dir='ltr'><strong>ltalia</strong></span> <span class='ocrx_word' id='word_1_196' title='bbox 857 2001 995 2062; x_wconf 78' lang='lat' dir='ltr'><strong>Gallicam</strong></span> <span class='ocrx_word' id='word_1_197' title='bbox 1011 2001 1073 2082; x_wconf 85' lang='lat' dir='ltr'><strong>pla·</strong></span> 
     </span>
     <span class='ocr_line' id='line_1_23' title="bbox 75 2083 1074 2163; baseline -0.004 -19"><span class='ocrx_word' id='word_1_198' title='bbox 75 2103 161 2160; x_wconf 89' lang='lat' dir='ltr'><strong>cere,</strong></span> <span class='ocrx_word' id='word_1_199' title='bbox 180 2095 259 2144; x_wconf 90' lang='lat' dir='ltr'><strong>trans</strong></span> <span class='ocrx_word' id='word_1_200' title='bbox 277 2085 361 2163; x_wconf 79' lang='lat' dir='ltr'><strong>Alpis</strong></span> <span class='ocrx_word' id='word_1_201' title='bbox 383 2103 455 2145; x_wconf 85' lang='lat' dir='ltr'><strong>uero</strong></span> <span class='ocrx_word' id='word_1_202' title='bbox 478 2084 621 2148; x_wconf 86' lang='lat' dir='ltr'><strong>Piceuam.</strong></span> <span class='ocrx_word' id='word_1_203' title='bbox 652 2085 724 2144; x_wconf 89' lang='lat' dir='ltr'><strong>dixit</strong></span> <span class='ocrx_word' id='word_1_204' title='bbox 736 2083 885 2161; x_wconf 85' lang='lat' dir='ltr'><strong>Vergilius</strong></span> <span class='ocrx_word' id='word_1_205' title='bbox 899 2083 1020 2145; x_wconf 79' lang='lat' dir='ltr'><strong>Phasias</strong></span> <span class='ocrx_word' id='word_1_206' title='bbox 1044 2093 1074 2142; x_wconf 90' lang='lat' dir='ltr'><strong>et</strong></span> 
     </span>
     <span class='ocr_line' id='line_1_24' title="bbox 72 2167 1073 2248; baseline 0 -20"><span class='ocrx_word' id='word_1_207' title='bbox 72 2167 251 2229; x_wconf 85' lang='lat' dir='ltr'><strong>Mareotidas</strong></span> <span class='ocrx_word' id='word_1_208' title='bbox 273 2179 301 2227; x_wconf 92' lang='lat' dir='ltr'><strong>et</strong></span> <span class='ocrx_word' id='word_1_209' title='bbox 324 2170 425 2245; x_wconf 88' lang='lat' dir='ltr'><strong>lageas</strong></span> <span class='ocrx_word' id='word_1_210' title='bbox 446 2169 653 2248; x_wconf 86' lang='lat' dir='ltr'><strong>complurisque</strong></span> <span class='ocrx_word' id='word_1_211' title='bbox 674 2177 827 2243; x_wconf 80' lang='lat' dir='ltr'><strong>externas,</strong></span> <span class='ocrx_word' id='word_1_212' title='bbox 848 2186 923 2248; x_wconf 86' lang='lat' dir='ltr'><strong>quae</strong></span> <span class='ocrx_word' id='word_1_213' title='bbox 947 2185 1007 2227; x_wconf 90' lang='lat' dir='ltr'><strong>nou</strong></span> <span class='ocrx_word' id='word_1_214' title='bbox 1026 2185 1073 2228; x_wconf 87' lang='lat' dir='ltr'><strong>re·</strong></span> 
     </span>
     <span class='ocr_line' id='line_1_25' title="bbox 73 2251 1117 2332; baseline 0.003 -21"><span class='ocrx_word' id='word_1_215' title='bbox 73 2254 222 2331; x_wconf 91' lang='lat' dir='ltr'><strong>periuntur</strong></span> <span class='ocrx_word' id='word_1_216' title='bbox 242 2254 270 2311; x_wconf 92' lang='lat' dir='ltr'><strong>in</strong></span> <span class='ocrx_word' id='word_1_217' title='bbox 291 2251 381 2314; x_wconf 87' lang='lat' dir='ltr'><strong>ltalia.</strong></span> <span class='ocrx_word' id='word_1_218' title='bbox 420 2253 483 2332; x_wconf 70' lang='lat' dir='ltr'><strong>[ul</strong></span> <span class='ocrx_word' id='word_1_219' title='bbox 499 2252 560 2312; x_wconf 84' lang='lat' dir='ltr'><strong>Sed</strong></span> <span class='ocrx_word' id='word_1_220' title='bbox 585 2261 650 2312; x_wconf 86' lang='lat' dir='ltr'><strong>sunt</strong></span> <span class='ocrx_word' id='word_1_221' title='bbox 675 2253 827 2315; x_wconf 86' lang='lat' dir='ltr'><strong>etiamnum</strong></span> <span class='ocrx_word' id='word_1_222' title='bbox 847 2253 976 2328; x_wconf 85' lang='lat' dir='ltr'><strong>insignes</strong></span> <span class='ocrx_word' id='word_1_223' title='bbox 1005 2259 1117 2327; x_wconf 61' lang='lat' dir='ltr'><strong>urcio</strong></span> 
     </span>
    </p>

    <p class='ocr_par' dir='ltr' id='par_1_11' title="bbox 34 2337 1075 2752">
     <span class='ocr_line' id='line_1_26' title="bbox 34 2337 1073 2397; baseline 0.002 -5"><span class='ocrx_word' id='word_1_224' title='bbox 34 2352 63 2392; x_wconf 82' lang='lat'><strong>25</strong></span> <span class='ocrx_word' id='word_1_225' title='bbox 74 2354 133 2396; x_wconf 92' lang='lat' dir='ltr'><strong>non</strong></span> <span class='ocrx_word' id='word_1_226' title='bbox 148 2338 226 2395; x_wconf 88' lang='lat' dir='ltr'><strong>vino.</strong></span> <span class='ocrx_word' id='word_1_227' title='bbox 259 2337 404 2397; x_wconf 89' lang='lat' dir='ltr'><strong>ambrosia</strong></span> <span class='ocrx_word' id='word_1_228' title='bbox 419 2355 436 2396; x_wconf 87' lang='lat' dir='ltr'><strong>e</strong></span> <span class='ocrx_word' id='word_1_229' title='bbox 459 2337 601 2397; x_wconf 76' lang='lat' dir='ltr'><strong>duracinis</strong></span> <span class='ocrx_word' id='word_1_230' title='bbox 619 2339 681 2396; x_wconf 87' lang='lat' dir='ltr'><strong>siae</strong></span> <span class='ocrx_word' id='word_1_231' title='bbox 696 2337 764 2396; x_wconf 93' lang='lat' dir='ltr'><strong>ullis</strong></span> <span class='ocrx_word' id='word_1_232' title='bbox 784 2337 862 2396; x_wconf 89' lang='lat' dir='ltr'><strong>vasis</strong></span> <span class='ocrx_word' id='word_1_233' title='bbox 886 2337 915 2395; x_wconf 89' lang='lat' dir='ltr'><strong>in</strong></span> <span class='ocrx_word' id='word_1_234' title='bbox 934 2337 993 2394; x_wconf 83' lang='lat' dir='ltr'><strong>uite</strong></span> <span class='ocrx_word' id='word_1_235' title='bbox 1011 2353 1073 2396; x_wconf 87' lang='lat' dir='ltr'><strong>ser·</strong></span> 
     </span>
     <span class='ocr_line' id='line_1_27' title="bbox 74 2418 1074 2504; baseline -0.001 -24"><span class='ocrx_word' id='word_1_236' title='bbox 74 2431 166 2480; x_wconf 88' lang='lat' dir='ltr'><strong>vatur.</strong></span> <span class='ocrx_word' id='word_1_237' title='bbox 199 2430 275 2481; x_wconf 91' lang='lat' dir='ltr'><strong>tanta</strong></span> <span class='ocrx_word' id='word_1_238' title='bbox 292 2430 338 2482; x_wconf 90' lang='lat' dir='ltr'><strong>est</strong></span> <span class='ocrx_word' id='word_1_239' title='bbox 353 2431 452 2480; x_wconf 90' lang='lat' dir='ltr'><strong>contra</strong></span> <span class='ocrx_word' id='word_1_240' title='bbox 467 2421 593 2498; x_wconf 80' lang='lat' dir='ltr'><strong>frigora,</strong></span> <span class='ocrx_word' id='word_1_241' title='bbox 612 2429 710 2481; x_wconf 88' lang='lat' dir='ltr'><strong>aestus</strong></span> <span class='ocrx_word' id='word_1_242' title='bbox 726 2429 974 2504; x_wconf 88' lang='lat' dir='ltr'><strong>tempestatesque</strong></span> <span class='ocrx_word' id='word_1_243' title='bbox 987 2418 1074 2480; x_wconf 86' lang='lat' dir='ltr'><strong>lirmi·</strong></span> 
     </span>
     <span class='ocr_line' id='line_1_28' title="bbox 73 2503 1074 2584; baseline -0.004 -19"><span class='ocrx_word' id='word_1_244' title='bbox 73 2516 130 2565; x_wconf 86' lang='lat' dir='ltr'><strong>tas.</strong></span> <span class='ocrx_word' id='word_1_245' title='bbox 159 2523 214 2566; x_wconf 93' lang='lat' dir='ltr'><strong>nec</strong></span> <span class='ocrx_word' id='word_1_246' title='bbox 227 2505 422 2584; x_wconf 85' lang='lat' dir='ltr'><strong>orthampelos</strong></span> <span class='ocrx_word' id='word_1_247' title='bbox 437 2504 548 2582; x_wconf 79' lang='lat' dir='ltr'><strong>indiget</strong></span> <span class='ocrx_word' id='word_1_248' title='bbox 562 2505 669 2566; x_wconf 90' lang='lat' dir='ltr'><strong>arbore</strong></span> <span class='ocrx_word' id='word_1_249' title='bbox 683 2513 732 2564; x_wconf 87' lang='lat' dir='ltr'><strong>aut</strong></span> <span class='ocrx_word' id='word_1_250' title='bbox 748 2504 840 2583; x_wconf 89' lang='lat' dir='ltr'><strong>pelis,</strong></span> <span class='ocrx_word' id='word_1_251' title='bbox 863 2505 926 2582; x_wconf 86' lang='lat' dir='ltr'><strong>ipsa</strong></span> <span class='ocrx_word' id='word_1_252' title='bbox 938 2521 975 2564; x_wconf 84' lang='lat' dir='ltr'><strong>ae</strong></span> <span class='ocrx_word' id='word_1_253' title='bbox 991 2503 1074 2562; x_wconf 87' lang='lat' dir='ltr'><strong>susti·</strong></span> 
     </span>
     <span class='ocr_line' id='line_1_29' title="bbox 73 2587 1075 2666; baseline -0.004 -16"><span class='ocrx_word' id='word_1_254' title='bbox 73 2609 162 2666; x_wconf 91' lang='lat' dir='ltr'><strong>nens,</strong></span> <span class='ocrx_word' id='word_1_255' title='bbox 183 2607 241 2649; x_wconf 92' lang='lat' dir='ltr'><strong>non</strong></span> <span class='ocrx_word' id='word_1_256' title='bbox 260 2591 329 2649; x_wconf 92' lang='lat' dir='ltr'><strong>item</strong></span> <span class='ocrx_word' id='word_1_257' title='bbox 347 2588 506 2663; x_wconf 73' lang='lat' dir='ltr'><strong>dactylides</strong></span> <span class='ocrx_word' id='word_1_258' title='bbox 529 2588 639 2666; x_wconf 80' lang='lat' dir='ltr'><strong>digitali</strong></span> <span class='ocrx_word' id='word_1_259' title='bbox 655 2587 837 2666; x_wconf 77' lang='lat' dir='ltr'><strong>gracilitate,</strong></span> <span class='ocrx_word' id='word_1_260' title='bbox 860 2588 1075 2650; x_wconf 78' lang='lat' dir='ltr'><strong>columbinaec</strong></span> 
     </span>
     <span class='ocr_line' id='line_1_30' title="bbox 74 2671 1075 2752; baseline -0.002 -20"><span class='ocrx_word' id='word_1_261' title='bbox 74 2675 332 2748; x_wconf 88' lang='lat' dir='ltr'><strong>racemosissimis,</strong></span> <span class='ocrx_word' id='word_1_262' title='bbox 355 2683 384 2732; x_wconf 91' lang='lat' dir='ltr'><strong>et</strong></span> <span class='ocrx_word' id='word_1_263' title='bbox 403 2675 495 2751; x_wconf 88' lang='lat' dir='ltr'><strong>magis</strong></span> <span class='ocrx_word' id='word_1_264' title='bbox 511 2690 678 2752; x_wconf 89' lang='lat' dir='ltr'><strong>purpureae</strong></span> <span class='ocrx_word' id='word_1_265' title='bbox 697 2673 870 2748; x_wconf 84' lang='lat' dir='ltr'><strong>cognomine</strong></span> <span class='ocrx_word' id='word_1_266' title='bbox 884 2671 1075 2746; x_wconf 84' lang='lat' dir='ltr'><strong>bimammiac,</strong></span> 
     </span>
    </p>

    <p class='ocr_par' dir='ltr' id='par_1_12' title="bbox 34 2755 1116 3168">
     <span class='ocr_line' id='line_1_31' title="bbox 34 2755 1116 2836; baseline 0.003 -22"><span class='ocrx_word' id='word_1_267' title='bbox 34 2767 64 2810; x_wconf 77' lang='lat'><strong>3⁰</strong></span> <span class='ocrx_word' id='word_1_268' title='bbox 74 2757 190 2836; x_wconf 88' lang='lat' dir='ltr'><strong>quando</strong></span> <span class='ocrx_word' id='word_1_269' title='bbox 206 2774 264 2816; x_wconf 91' lang='lat' dir='ltr'><strong>non</strong></span> <span class='ocrx_word' id='word_1_270' title='bbox 278 2774 410 2829; x_wconf 87' lang='lat' dir='ltr'><strong>racemos</strong></span> <span class='ocrx_word' id='word_1_271' title='bbox 426 2757 479 2816; x_wconf 92' lang='lat' dir='ltr'><strong>sed</strong></span> <span class='ocrx_word' id='word_1_272' title='bbox 490 2775 561 2816; x_wconf 85' lang='lat' dir='ltr'><strong>uvas</strong></span> <span class='ocrx_word' id='word_1_273' title='bbox 574 2757 645 2817; x_wconf 89' lang='lat' dir='ltr'><strong>alias</strong></span> <span class='ocrx_word' id='word_1_274' title='bbox 662 2766 776 2833; x_wconf 85' lang='lat' dir='ltr'><strong>gerunt.</strong></span> <span class='ocrx_word' id='word_1_275' title='bbox 802 2758 872 2816; x_wconf 89' lang='lat' dir='ltr'><strong>item</strong></span> <span class='ocrx_word' id='word_1_276' title='bbox 889 2755 1070 2832; x_wconf 86' lang='lat' dir='ltr'><strong>tripedanea,</strong></span> <span class='ocrx_word' id='word_1_277' title='bbox 1083 2764 1116 2817; x_wconf 78' lang='lat'><strong>41</strong></span> 
     </span>
     <span class='ocr_line' id='line_1_32' title="bbox 75 2837 1074 2918; baseline -0.003 -17"><span class='ocrx_word' id='word_1_278' title='bbox 75 2843 121 2901; x_wconf 88' lang='lat' dir='ltr'><strong>oui</strong></span> <span class='ocrx_word' id='word_1_279' title='bbox 137 2858 242 2900; x_wconf 88' lang='lat' dir='ltr'><strong>nomen</strong></span> <span class='ocrx_word' id='word_1_280' title='bbox 257 2860 274 2901; x_wconf 90' lang='lat' dir='ltr'><strong>a</strong></span> <span class='ocrx_word' id='word_1_281' title='bbox 287 2857 420 2900; x_wconf 89' lang='lat' dir='ltr'><strong>mensura</strong></span> <span class='ocrx_word' id='word_1_282' title='bbox 437 2848 500 2915; x_wconf 87' lang='lat' dir='ltr'><strong>est,</strong></span> <span class='ocrx_word' id='word_1_283' title='bbox 514 2841 582 2900; x_wconf 90' lang='lat' dir='ltr'><strong>item</strong></span> <span class='ocrx_word' id='word_1_284' title='bbox 601 2840 730 2918; x_wconf 88' lang='lat' dir='ltr'><strong>scripula</strong></span> <span class='ocrx_word' id='word_1_285' title='bbox 745 2856 833 2918; x_wconf 85' lang='lat' dir='ltr'><strong>passo</strong></span> <span class='ocrx_word' id='word_1_286' title='bbox 851 2840 937 2900; x_wconf 72' lang='lat' dir='ltr'><strong>aeno</strong></span> <span class='ocrx_word' id='word_1_287' title='bbox 952 2847 982 2898; x_wconf 93' lang='lat' dir='ltr'><strong>et</strong></span> <span class='ocrx_word' id='word_1_288' title='bbox 998 2837 1074 2901; x_wconf 83' lang='lat' dir='ltr'><strong>Rae·</strong></span> 
     </span>
     <span class='ocr_line' id='line_1_33' title="bbox 74 2921 1108 3004; baseline -0.004 -20"><span class='ocrx_word' id='word_1_289' title='bbox 74 2925 133 2984; x_wconf 92' lang='lat' dir='ltr'><strong>tica</strong></span> <span class='ocrx_word' id='word_1_290' title='bbox 155 2925 183 2984; x_wconf 93' lang='lat' dir='ltr'><strong>in</strong></span> <span class='ocrx_word' id='word_1_291' title='bbox 198 2924 345 2985; x_wconf 87' lang='lat' dir='ltr'><strong>maritimis</strong></span> <span class='ocrx_word' id='word_1_292' title='bbox 367 2922 491 3002; x_wconf 75' lang='lat' dir='ltr'><strong>Alpibus</strong></span> <span class='ocrx_word' id='word_1_293' title='bbox 512 2925 677 3004; x_wconf 88' lang='lat' dir='ltr'><strong>appellata,</strong></span> <span class='ocrx_word' id='word_1_294' title='bbox 698 2922 844 2983; x_wconf 87' lang='lat' dir='ltr'><strong>dissimilis</strong></span> <span class='ocrx_word' id='word_1_295' title='bbox 867 2921 1108 2984; x_wconf 69' lang='lat' dir='ltr'><strong>laudensibus</strong></span> 
     </span>
     <span class='ocr_line' id='line_1_34' title="bbox 75 3005 1076 3088; baseline -0.004 -20"><span class='ocrx_word' id='word_1_296' title='bbox 75 3026 199 3088; x_wconf 90' lang='lat' dir='ltr'><strong>namque</strong></span> <span class='ocrx_word' id='word_1_297' title='bbox 214 3008 288 3068; x_wconf 89' lang='lat' dir='ltr'><strong>haec</strong></span> <span class='ocrx_word' id='word_1_298' title='bbox 304 3007 418 3082; x_wconf 91' lang='lat' dir='ltr'><strong>brevis,</strong></span> <span class='ocrx_word' id='word_1_299' title='bbox 435 3006 566 3068; x_wconf 78' lang='lat' dir='ltr'><strong>conferta</strong></span> <span class='ocrx_word' id='word_1_300' title='bbox 581 3009 682 3083; x_wconf 87' lang='lat' dir='ltr'><strong>acino,</strong></span> <span class='ocrx_word' id='word_1_301' title='bbox 698 3007 830 3083; x_wconf 88' lang='lat' dir='ltr'><strong>degener</strong></span> <span class='ocrx_word' id='word_1_302' title='bbox 842 3008 927 3084; x_wconf 86' lang='lat' dir='ltr'><strong>vino,</strong></span> <span class='ocrx_word' id='word_1_303' title='bbox 941 3005 995 3067; x_wconf 87' lang='lat' dir='ltr'><strong>scd</strong></span> <span class='ocrx_word' id='word_1_304' title='bbox 1009 3013 1076 3066; x_wconf 89' lang='lat' dir='ltr'><strong>oute</strong></span> 
     </span>
     <span class='ocr_line' id='line_1_35' title="bbox 75 3087 1078 3168; baseline -0.003 -17"><span class='ocrx_word' id='word_1_305' title='bbox 75 3094 202 3152; x_wconf 90' lang='lat' dir='ltr'><strong>omnium</strong></span> <span class='ocrx_word' id='word_1_306' title='bbox 224 3091 407 3166; x_wconf 89' lang='lat' dir='ltr'><strong>tenuissima,</strong></span> <span class='ocrx_word' id='word_1_307' title='bbox 431 3091 553 3165; x_wconf 90' lang='lat' dir='ltr'><strong>nucleo,</strong></span> <span class='ocrx_word' id='word_1_308' title='bbox 584 3109 670 3168; x_wconf 89' lang='lat' dir='ltr'><strong>quem</strong></span> <span class='ocrx_word' id='word_1_309' title='bbox 689 3087 793 3157; x_wconf 73' lang='lat' dir='ltr'><strong>(ibium</strong></span> <span class='ocrx_word' id='word_1_310' title='bbox 816 3098 942 3166; x_wconf 85' lang='lat' dir='ltr'><strong>vocant,</strong></span> <span class='ocrx_word' id='word_1_311' title='bbox 963 3105 1019 3151; x_wconf 89' lang='lat' dir='ltr'><strong>uuo</strong></span> <span class='ocrx_word' id='word_1_312' title='bbox 1042 3105 1078 3150; x_wconf 90' lang='lat' dir='ltr'><strong>ac</strong></span> 
     </span>
    </p>

    <p class='ocr_par' dir='ltr' id='par_1_13' title="bbox 29 3172 1079 3253">
     <span class='ocr_line' id='line_1_36' title="bbox 29 3172 1079 3253; baseline -0.006 -17"><span class='ocrx_word' id='word_1_313' title='bbox 29 3179 218 3253; x_wconf 72' lang='lat' dir='ltr'><strong>laeminnmo,</strong></span> <span class='ocrx_word' id='word_1_314' title='bbox 240 3175 350 3236; x_wconf 89' lang='lat' dir='ltr'><strong>acinum</strong></span> <span class='ocrx_word' id='word_1_315' title='bbox 368 3176 579 3252; x_wconf 86' lang='lat' dir='ltr'><strong>praegrandem</strong></span> <span class='ocrx_word' id='word_1_316' title='bbox 598 3192 683 3234; x_wconf 90' lang='lat' dir='ltr'><strong>unum</strong></span> <span class='ocrx_word' id='word_1_317' title='bbox 704 3174 863 3234; x_wconf 89' lang='lat' dir='ltr'><strong>alterumve</strong></span> <span class='ocrx_word' id='word_1_318' title='bbox 880 3172 1000 3234; x_wconf 84' lang='lat' dir='ltr'><strong>habens.</strong></span> <span class='ocrx_word' id='word_1_319' title='bbox 1031 3180 1079 3232; x_wconf 89' lang='lat' dir='ltr'><strong>est</strong></span> 
     </span>
    </p>

    <p class='ocr_par' dir='ltr' id='par_1_14' title="bbox 29 3257 1078 3340">
     <span class='ocr_line' id='line_1_37' title="bbox 29 3257 1078 3340; baseline -0.004 -20"><span class='ocrx_word' id='word_1_320' title='bbox 29 3279 31 3320; x_wconf 87' lang='lat' dir='ltr'><strong>l</strong></span> <span class='ocrx_word' id='word_1_321' title='bbox 77 3271 108 3322; x_wconf 92' lang='lat' dir='ltr'><strong>et</strong></span> <span class='ocrx_word' id='word_1_322' title='bbox 122 3261 203 3340; x_wconf 88' lang='lat' dir='ltr'><strong>nigra</strong></span> <span class='ocrx_word' id='word_1_323' title='bbox 219 3259 338 3319; x_wconf 80' lang='lat' dir='ltr'><strong>Aminea</strong></span> <span class='ocrx_word' id='word_1_324' title='bbox 353 3303 361 3334; x_wconf 90' lang='lat'><strong>,</strong></span> <span class='ocrx_word' id='word_1_325' title='bbox 380 3260 426 3318; x_wconf 90' lang='lat' dir='ltr'><strong>cni</strong></span> <span class='ocrx_word' id='word_1_326' title='bbox 438 3258 575 3334; x_wconf 76' lang='lat' dir='ltr'><strong>Syriacae</strong></span> <span class='ocrx_word' id='word_1_327' title='bbox 588 3275 692 3319; x_wconf 86' lang='lat' dir='ltr'><strong>nomen</strong></span> <span class='ocrx_word' id='word_1_328' title='bbox 704 3259 860 3336; x_wconf 89' lang='lat' dir='ltr'><strong>inponunt,</strong></span> <span class='ocrx_word' id='word_1_329' title='bbox 870 3257 940 3319; x_wconf 86' lang='lat' dir='ltr'><strong>item</strong></span> <span class='ocrx_word' id='word_1_330' title='bbox 949 3257 1078 3338; x_wconf 85' lang='lat' dir='ltr'><strong>Hispana</strong></span> 
     </span>
    </p>

    <p class='ocr_par' dir='ltr' id='par_1_15' title="bbox 29 3339 1130 3422">
     <span class='ocr_line' id='line_1_38' title="bbox 29 3339 1130 3422; baseline -0.005 -16"><span class='ocrx_word' id='word_1_331' title='bbox 29 3361 32 3406; x_wconf 84' lang='lat'><em>1</em></span> <span class='ocrx_word' id='word_1_332' title='bbox 77 3343 244 3422; x_wconf 90' lang='lat' dir='ltr'><strong>ignobilium</strong></span> <span class='ocrx_word' id='word_1_333' title='bbox 259 3341 471 3422; x_wconf 88' lang='lat' dir='ltr'><strong>probatissima.</strong></span> <span class='ocrx_word' id='word_1_334' title='bbox 495 3343 547 3422; x_wconf 84' lang='grc'><strong>[9.]</strong></span> <span class='ocrx_word' id='word_1_335' title='bbox 570 3341 601 3404; x_wconf 92' lang='lat' dir='ltr'><strong>ln</strong></span> <span class='ocrx_word' id='word_1_336' title='bbox 613 3341 744 3422; x_wconf 86' lang='lat' dir='ltr'><strong>pergulis</strong></span> <span class='ocrx_word' id='word_1_337' title='bbox 755 3359 828 3402; x_wconf 88' lang='lat' dir='ltr'><strong>vero</strong></span> <span class='ocrx_word' id='word_1_338' title='bbox 839 3351 974 3402; x_wconf 87' lang='lat' dir='ltr'><strong>semntnr</strong></span> <span class='ocrx_word' id='word_1_339' title='bbox 991 3357 1073 3404; x_wconf 88' lang='lat' dir='ltr'><strong>esca·</strong></span> <span class='ocrx_word' id='word_1_340' title='bbox 1083 3339 1130 3402; x_wconf 79' lang='lat' dir='ltr'><strong>la&#39;</strong></span> 
     </span>
    </p>
   </div>
   <div class='ocr_carea' id='block_1_7' title="bbox 29 3425 1074 3576">
    <p class='ocr_par' dir='ltr' id='par_1_16' title="bbox 29 3425 1074 3576">
     <span class='ocr_line' id='line_1_39' title="bbox 29 3425 1074 3570; baseline -0.004 -81"><span class='ocrx_word' id='word_1_341' title='bbox 29 3449 32 3530; x_wconf 67' lang='lat' dir='ltr'><strong>p</strong></span> <span class='ocrx_word' id='word_1_342' title='bbox 77 3431 138 3489; x_wconf 88' lang='lat' dir='ltr'><strong>riae</strong></span> <span class='ocrx_word' id='word_1_343' title='bbox 156 3427 354 3508; x_wconf 87' lang='lat' dir='ltr'><strong>appellataee</strong></span> <span class='ocrx_word' id='word_1_344' title='bbox 373 3427 533 3504; x_wconf 88' lang='lat' dir='ltr'><strong>duracinis,</strong></span> <span class='ocrx_word' id='word_1_345' title='bbox 551 3427 652 3505; x_wconf 89' lang='lat' dir='ltr'><strong>albae,</strong></span> <span class='ocrx_word' id='word_1_346' title='bbox 676 3427 796 3505; x_wconf 85' lang='lat' dir='ltr'><strong>nigrae,</strong></span> <span class='ocrx_word' id='word_1_347' title='bbox 821 3426 990 3570; x_wconf 67' lang='lat' dir='ltr'><strong>etllpqmasti</strong></span> <span class='ocrx_word' id='word_1_348' title='bbox 1009 3425 1074 3487; x_wconf 92' lang='lat' dir='ltr'><strong>toti.-</strong></span> 
     </span>
     <span class='ocr_line' id='line_1_40' title="bbox 29 3533 32 3576; baseline 0 0"><span class='ocrx_word' id='word_1_349' title='bbox 29 3533 32 3576; x_wconf 87' lang='grc' dir='ltr'>ι</span> 
     </span>
    </p>
   </div>
   <div class='ocr_carea' id='block_1_8' title="bbox 0 0 1280 3842">
    <p class='ocr_par' dir='ltr' id='par_1_17' title="bbox 0 0 1280 3842">
     <span class='ocr_line' id='line_1_41' title="bbox 0 0 1280 3842; baseline 0 0"><span class='ocrx_word' id='word_1_350' title='bbox 0 0 1280 3842; x_wconf 95' lang='lat' dir='ltr'><strong> </strong></span> 
     </span>
    </p>
   </div>
  </div>
 </body>
</html>
