2542 3842
164 128 223 193 136
512 139 820 193 cmnusncmrnr

116 304 153 361 88
219 296 271 357 31.
296 294 379 376 (46.)
397 294 520 357 Oscines
535 305 655 375 praeter
670 292 882 375 exceptas'nou
896 306 1007 357 temere
1017 297 1102 367 ictus
1116 300 1163 360 ia·

160 382 236 443 ciunt
254 389 319 441 anta
335 380 548 459 aequinoctium
563 398 682 441 verumn
697 390 745 440 aut
755 390 823 459 post
835 382 1008 458 cucumis,
1021 391 1087 441 ante
1098 384 1163 444 sol·

158 466 263 525 stillum
277 473 371 525 autem
385 463 499 540 dubius,
518 473 586 545 post
600 466 754 525 solstitium
767 466 872 525 vitalis.

115 557 152 615 89
218 546 267 609 32.
298 550 383 628 (47.)
409 546 454 607 Εο
480 567 611 609 maxum
634 558 700 608 sunt
729 550 859 625 insigues
885 549 1055 625 halcyonem
1090 550 1162 610 dies

158 651 257 693 earum
270 642 369 713 partus
383 634 471 693 maria
488 634 594 711 quique
611 626 746 712 navigant
760 647 887 693 sorores
912 635 977 712 ipsa
992 635 1053 694 avis
1068 627 1187 712 paulos

158 717 280 796 amplior
295 734 426 796 passere,
441 717 546 777 coloro
556 734 679 792 cyaneo,
693 736 732 777 err
742 726 825 795 parte
840 720 951 778 minore
967 728 1074 778 tantum
1090 735 1160 795 pur·
1250 745 1251 748 ¹

156 800 946 963 tltttitlltllttblitutlirtbttll
962 819 1159 947 attilo·
1250 825 1251 832 l

115 979 150 1034 90
160 969 285 1030 minores
301 972 329 1029 in
339 969 534 1031 harundinetis
546 980 659 1031 canant.
674 970 854 1045 llalcyoncm
865 971 966 1030 videre
981 973 1164 1031 rarissimum

159 1062 214 1128 ssi,
232 1070 286 1114 nac
302 1055 356 1125 nisi
377 1055 561 1131 vergiliarum
579 1072 688 1115 occasu
704 1064 734 1114 et
750 1057 828 1115 circa
849 1055 973 1115 solstitia
988 1056 1157 1115 brumamue
1169 1067 1198 1108 uo

158 1156 231 1199 nave
260 1138 412 1217 aliquando
434 1139 641 1199 circumvolata
669 1141 762 1199 statim
784 1140 814 1197 in
841 1140 968 1200 latebras
993 1140 1157 1200 abeuntem.

158 1221 309 1283 lictidcaut
321 1221 430 1298 bruma,
447 1224 496 1301 qui
511 1225 573 1285 dics
584 1223 775 1299 halcyonides
788 1233 942 1300 vocantur,
959 1224 1075 1303 placido
1087 1224 1159 1283 mari

52 1356 63 1367 .
158 1324 212 1385 per
227 1324 280 1369 eus
296 1316 325 1365 et
340 1306 505 1384 navigabili,
524 1308 623 1368 Siculo
639 1326 779 1368 maxume.
812 1309 919 1369 iaciunt
933 1318 1027 1368 autem
1042 1318 1159 1387 septem

63 1440 65 1452 .
158 1401 225 1453 ants
246 1390 374 1452 brumam
394 1392 495 1453 diebus
512 1389 612 1466 nidos,
635 1402 664 1451 ot
685 1392 805 1453 totidem
826 1393 1016 1472 sequentibus
1032 1395 1157 1471 pariunt.

115 1484 149 1539 91
160 1476 217 1537 nidi
239 1494 336 1536 aarum
361 1474 575 1535 admirationem
599 1476 707 1537 babent
728 1477 806 1553 pilae
835 1478 927 1553 ligura
947 1478 1063 1556 paulam
1087 1478 1197 1535 cmi-1⁵

157 1562 234 1619 nenti
250 1577 302 1619 ora
317 1576 458 1636 perquam
472 1569 614 1635 augusto,
640 1560 790 1635 grandium
810 1578 1007 1638 spongearum
1029 1561 1158 1621 similitu·

158 1644 232 1705 dine.
270 1642 349 1701 ferro
364 1642 496 1701 intercidi
515 1659 572 1702 non
588 1652 709 1721 queunt,
729 1644 898 1719 franguntur
911 1647 971 1703 ictu
989 1646 1105 1718 valido,
1127 1652 1159 1702 ut

142 1742 256 1805 spuma
269 1725 348 1785 arida
363 1726 459 1783 maris.
492 1744 549 1785 nec
565 1726 856 1802 unde„>ooufiugantur
870 1728 1024 1785 invenitur.
1057 1738 1160 1805 putant

157 1822 194 1871 cx
206 1809 296 1885 spinis
310 1808 461 1883 aculeatis,
478 1808 609 1887 piscibus
623 1810 699 1868 euim
710 1810 817 1868 vivont.
839 1809 964 1869 subeunt
975 1817 1006 1868 et
1015 1811 1045 1867 iu
1056 1814 1160 1871 amnis.

156 1893 270 1974 pariunt
284 1908 340 1953 ova
356 1892 451 1970 quina.
466 1956 474 1962 ,
1170 1912 1197 1953 ro

219 1975 302 2057 (48.)
327 1976 433 2038 Gaviae
454 1977 483 2039 in
496 1976 763 2055 petrisuidilicaui‚
785 1979 880 2055 morgi
902 1986 932 2037 et
948 1978 977 2036 in
991 1977 1157 2037 arboribus.

155 2064 271 2143 pariunt
294 2063 454 2143 plurumum
476 2072 573 2138 terna,
603 2062 658 2123 sed
682 2063 785 2139 gaviae
813 2072 939 2138 demate,
965 2063 1057 2139 mergi
1086 2063 1155 2123 inci

120 2166 128 2179 ⁸
179 2149 255 2208 ‘ente
273 2166 355 2208 uere·
466 2154 468 2164 ‘
493 2142 498 2153 “

113 2166 187 2297 llam
218 2232 269 2294 33.
290 2231 373 2310 (49.)
396 2228 574 2305 Halcyonnm
590 2231 649 2291 nidi
664 2232 756 2309 ligura
770 2231 945 2308 reliquarum
964 2239 1082 2309 quoque
1097 2230 1152 2289 sot

156 2316 259 2377 lertiae
277 2316 420 2388 admouet,
441 2332 537 2392 neque
552 2315 607 2375 alia
623 2324 706 2393 parte
721 2316 836 2393 ingenia
851 2316 944 2375 ariam
958 2316 1051 2391 magis
1067 2314 1149 2375 admi·
1159 2330 1189 2369 cs

156 2401 245 2463 randa
262 2406 337 2459 sunt.
365 2394 538 2466 Hirund'uss
556 2400 615 2459 luto
632 2409 817 2473 construunt,
832 2408 990 2459 stramento
1006 2399 1152 2458 roborant.

157 2481 309 2562 siquando
326 2482 421 2557 inopia
437 2490 482 2540 esi
496 2482 563 2558 luti,
585 2482 766 2543 madefacias
780 2481 869 2543 multa
889 2501 964 2561 aqua
982 2484 1076 2561 pinnis
1091 2481 1153 2560 pul·

155 2584 254 2629 rerem
269 2574 416 2643 spargunt.
449 2566 543 2663 ipsum
557 2583 631 2626 uero
654 2567 749 2628 nidum
763 2566 899 2628 mollibus
916 2567 1021 2645 plumis
1039 2564 1152 2625 doceis·

52 2717 60 2729 .
157 2658 415 2730 queconsternunt
430 2650 643 2729 tepefaciendis
660 2653 735 2725 oris,
750 2651 833 2711 simul
853 2668 891 2709 ne
909 2652 997 2711 durus
1013 2651 1049 2709 sit
1062 2648 1154 2708 inlau-

156 2732 231 2794 tibus
249 2733 346 2813 pullis.
378 2735 406 2793 in
421 2734 483 2805 ictu
505 2750 611 2795 summa
630 2736 776 2814 aequitate
797 2735 940 2795 alternant
950 2736 1055 2795 cibum.
1073 2741 1191 2809 nota-po

156 2816 207 2877 bili
222 2819 355 2896 munditia
367 2828 490 2895 egerunt
503 2829 690 2880 excrementa
706 2819 862 2897 pullorum,
873 2820 1091 2897 adultioresque
1101 2818 1155 2876 cir·

114 2904 401 2981 compaginamur
427 2912 456 2964 et
478 2902 552 2963 loris
579 2906 758 2963 saturitatem
782 2905 924 2964 emittere.
958 2902 1091 2961 Alterum
1111 2909 1156 2960 est

156 2986 333 3050 birundinum
352 2978 447 3065 'genus
469 2989 639 3049 rusticarum
656 2997 690 3047 et
705 2988 862 3063 agrestium
885 2985 1154 3066 quaereremus

156 3071 249 3131 nribus
269 3072 402 3131 diversos
424 3072 516 3149 ligura
538 3072 590 3133 sed
614 3074 716 3134 cadam
738 3072 858 3131 materia
879 3070 1047 3147 coadugunt
1060 3070 1153 3145 nidos,

156 3163 234 3215 totos
249 3154 379 3233 supinos,
401 3156 533 3217 iaucibns
550 3158 696 3235 porrectis
714 3157 918 3231 dangeolum,
940 3164 1024 3241 rutero
1041 3155 1189 3233 capacius

157 3240 256 3299 mirum
272 3256 326 3316 qua
340 3240 444 3317 peritia
461 3250 489 3299 et
503 3242 682 3301 occultandis
696 3239 802 3299 babilis
820 3240 907 3317 pullis
921 3248 950 3299 et
967 3239 1153 3299 substernen-

114 3322 203 3385 aldis
218 3322 324 3383 mollis.
356 3321 388 3380 ln
405 3322 532 3400 Aegypti
552 3323 757 3385 Heracleotiou
780 3324 855 3383 ostio
877 3324 983 3383 molem
1009 3324 1155 3382 conoman-

158 3405 236 3465 tione
256 3405 384 3465 nidorum
402 3408 535 3482 evaganti
551 3406 618 3466 Nilu
642 3407 894 3485 inexpugnabilem
909 3416 1059 3487 opponunt
1082 3405 1154 3467 stadi
