2542 3842
175 135 218 200 84
495 170 501 193 s
520 144 552 192 C.
570 145 666 193 Pam
681 144 831 193 SECUNDI

131 308 239 365 sasso
254 318 294 361 ex
303 300 361 361 alio
374 298 446 359 orlse
463 308 620 361 consectas
634 300 706 359 aris.
726 298 890 361 semiferum
904 306 934 361 et
952 300 1046 377 ipsum
1057 301 1167 379 animal,

174 386 222 447 cui
234 384 343 445 visana
357 384 387 443 in
409 382 494 443 doliis
509 383 586 443 idem
605 384 653 460 qui
667 372 746 461 apris
761 384 890 443 instituit.
923 400 979 459 qua
999 383 1028 441 in
1044 402 1077 442 re
1092 394 1167 445 nota·

174 478 234 529 tum
252 485 310 527 non
332 469 507 544 congregari
527 468 583 527 nisi
603 466 753 544 popularis
769 466 897 527 eiusdem
911 466 1004 525 silvae
1020 476 1059 539 et,
1083 470 1108 527 si
1121 472 1169 529 mi·

175 560 311 613 sceantur
326 552 519 629 alienigenae,
536 569 620 611 amne
635 550 683 609 sel
698 560 795 609 monte
814 549 944 625 discreti,
961 552 1080 611 interire
1094 552 1168 612 dimi·

176 636 278 697 cando.
309 633 460 711 genitores
481 652 550 695 suos
570 635 668 694 fessos
689 644 807 695 senecta
831 635 909 693 alunt
927 635 1031 711 insigni
1053 636 1192 713 pietates

175 721 285 780 senium
301 720 396 779 linitur
411 717 532 779 hiberna
548 719 654 796 quiete.
679 718 783 779 conditi
800 719 874 777 enim
890 727 919 777 et
933 717 962 777 lui
976 716 1089 779 entant.
1111 738 1169 782 rur·

176 821 226 865 sus
242 812 354 865 aestate
368 807 567 879 iuvenescunt,
593 802 679 861 simili
694 811 722 861 et
738 801 832 861 nitelis
850 802 957 879 quiete.

132 896 186 950 m
255 887 306 949 58.
322 887 406 965 (83.)
428 885 482 947 llic
497 887 597 946 mirum
612 904 709 946 rerum
724 895 850 945 naturam
862 902 919 947 non
931 886 1024 947 solum
1041 887 1097 947 alia
1110 888 1170 949 aliis

176 971 295 1033 dedisse
319 973 406 1031 terris
428 971 560 1033 animalia
571 971 625 1031 sed
648 971 677 1029 in
698 970 801 1031 eodem
819 986 935 1049 quoque
957 971 1012 1029 situ
1033 972 1172 1049 quaedam

176 1055 282 1133 aliquis
296 1056 371 1115 locis
387 1072 523 1132 negasse.
549 1056 578 1113 in
592 1052 701 1137 llessia
714 1053 787 1114 silva
802 1053 901 1116 ltaliae
917 1055 1039 1116 nonnisi
1050 1056 1078 1115 in
1091 1066 1170 1135 parte
1181 1075 1202 1115 ro

175 1141 360 1218 reperiuntur
376 1139 406 1199 lsi
420 1140 522 1215 glires.
552 1139 581 1199 in
594 1136 683 1213 Lycia
697 1136 840 1198 dorcades
857 1154 915 1197 oon
930 1147 1078 1199 transeunt
1094 1156 1171 1199 mon·

176 1224 224 1298 iis,
241 1233 271 1285 et
287 1223 332 1283 its
347 1224 433 1283 vicini
452 1224 554 1301 onagri
573 1231 700 1281 montem
722 1223 769 1299 qui
792 1218 1005 1301 Cappadociam
1030 1240 1047 1282 a
1072 1221 1172 1283 Cilicia

176 1308 287 1369 dividit.
319 1308 348 1370 in
368 1305 559 1385 Hellesponto
574 1307 604 1365 in
621 1306 732 1367 alienos
748 1306 811 1365 linis
832 1323 888 1366 non
910 1316 1060 1367 conmeant
1084 1309 1171 1381 cervi,
1251 1289 1252 1381 l

178 1400 208 1451 et
227 1393 306 1451 circa
320 1391 508 1467 Arginussam
520 1389 661 1468 Elaphum
675 1398 799 1449 montem
813 1407 870 1449 non
886 1390 1041 1465 excedunt,
1057 1391 1173 1451 auribus
1251 1396 1252 1403 ’

135 1477 280 1539 mistiam
294 1477 323 1534 in
338 1484 434 1535 monte
456 1475 542 1536 fissis.
571 1475 601 1533 in
617 1473 796 1533 Poroselene
823 1474 914 1534 insula
937 1476 1012 1535 viam
1032 1474 1172 1535 mustelae
1185 1499 1206 1539 ss

177 1575 236 1618 non
249 1567 406 1627 nauseant.
436 1558 574 1618 Boeotiae
597 1556 752 1617 Lebadeae
774 1556 878 1617 inlatae
900 1558 993 1617 solum
1016 1561 1109 1637 ipsum
1131 1558 1173 1617 iu·
1252 1593 1253 1647 q

177 1643 259 1717 giunt
280 1658 355 1717 quae
376 1644 455 1701 iuxta
474 1642 502 1701 in
521 1639 703 1701 Orchomeno
726 1648 786 1699 tota
809 1658 877 1699 arva
901 1640 1041 1703 subruunt
1064 1641 1173 1719 talpae,
1252 1648 1253 1689 i

178 1740 296 1799 quarum
311 1743 328 1783 e
344 1723 471 1802 pellibus
486 1723 663 1783 cubicularia
680 1724 800 1799 vidimus
816 1722 954 1799 stragula.
980 1724 1054 1783 adeo
1074 1744 1111 1785 ne
1129 1743 1175 1785 re·

175 1805 247 1883 l'gio
263 1808 378 1885 quidem
392 1825 408 1866 a
421 1808 563 1884 portentis
576 1806 729 1867 submovet
742 1803 871 1867 delicias.
898 1807 927 1865 in
940 1804 1038 1867 Ithaca
1053 1808 1177 1886 lepores

177 1889 259 1949 inlati
273 1892 430 1951 moriuntur
447 1891 585 1951 extremis
609 1891 723 1967 quidem
745 1890 773 1949 in
796 1888 942 1963 litoribus,
965 1891 994 1949 in
1015 1888 1118 1951 Ebuso
1142 1893 1207 1953 lieo
1253 1900 1254 1951 i

134 1974 451 2052 montiscasinii,
466 1982 579 2035 scatent
594 1976 672 2035 iuxta
686 1973 822 2052 Hispania
837 1973 1065 2051 Baliaribusque.
1084 1974 1175 2051 Cyre·

177 2060 221 2118 nis
234 2068 331 2121 mutae
348 2060 431 2121 inere
451 2077 556 2135 ranae,
576 2058 705 2119 inlatise
727 2059 892 2119 continente
914 2058 1064 2117 vocalibus
1094 2059 1177 2119 durat

177 2161 270 2219 genus
285 2163 393 2237 earums
417 2152 511 2205 mutae
526 2152 591 2205 sunt
604 2144 690 2205 etiam
707 2160 781 2203 nunc
797 2144 825 2201 in
839 2142 965 2220 Seripho
981 2142 1083 2201 insula.
1108 2161 1175 2209 eae,-

178 2227 244 2287 dem
265 2230 330 2313 alio
345 2228 466 2289 tralatae
484 2238 604 2302 canunt,
636 2227 716 2305 quod
742 2227 877 2287 accidere
900 2234 930 2287 et
950 2227 979 2285 in
997 2226 1063 2285 lacu
1084 2224 1175 2287 'ihes-

178 2312 269 2371 saliae
285 2309 412 2374 Sicendn
427 2310 549 2370 tradunt.
582 2312 610 2371 in
630 2310 712 2371 ltalia
731 2311 857 2371 muribus
877 2310 991 2369 araneis
1016 2318 1175 2373 venenatus
1187 2329 1213 2369 cs

179 2404 225 2455 est
238 2411 362 2467 morsus,
379 2393 500 2453 eosdem
508 2394 633 2456 ulterior
646 2392 798 2471 Apennino
811 2395 893 2470 regio
906 2392 1072 2453 nonhabet.
1091 2390 1180 2451 iidem

178 2478 351 2553 ubicumque
367 2484 447 2550 sunt,
465 2476 585 2537 orbitam
600 2478 625 2537 si
642 2479 794 2552 transiere,
811 2478 976 2539 moriuntur.
1007 2479 1035 2537 in
1050 2475 1179 2553 Olympo

136 2558 384 2625 mliacedoniae
393 2569 490 2621 monte
506 2577 565 2621 non
577 2568 643 2621 sunt
658 2560 717 2638 lupi
732 2562 826 2621 necin
838 2559 925 2621 Creta
938 2560 1041 2621 insula.
1062 2559 1102 2619 ilii
1111 2562 1180 2637 qui-

178 2643 245 2703 dem
258 2661 315 2705 nec
327 2644 434 2723 volpes
456 2644 553 2706 ursive
572 2654 659 2722 atque
679 2645 793 2705 omuino
816 2644 924 2705 nullum
939 2643 1100 2707 maleficum
1115 2645 1179 2703 ani·

74 2775 78 2783 .
136 2725 258 2808 &limat
274 2738 390 2806 praeter
404 2726 598 2806 phalangium.
626 2728 724 2792 aranei
740 2728 768 2791 id
780 2746 875 2807 genus
888 2728 1015 2791 dicemus
1026 2744 1078 2789 suo
1094 2727 1177 2789 loco.
1189 2753 1213 2795 oo

178 2810 337 2873 mirabilius
350 2813 378 2874 in
395 2812 497 2875 eadem
511 2812 604 2875 insula
614 2830 722 2873 cervos
736 2822 940 2892 praeterquam
954 2811 982 2874 in
994 2809 1181 2887 Cydoneata-

178 2914 242 2956 rum
257 2898 378 2973 regione
395 2914 453 2959 non
466 2915 552 2974 esse,
570 2898 640 2955 item
652 2914 742 2976 apros
758 2904 787 2957 ei
802 2906 962 2974 attagenas‚
981 2898 1138 2957 irenaceos
1153 2896 1183 2955 in

179 2979 279 3041 Africa
293 2989 388 3043 autem
402 3000 458 3043 nec
471 2999 559 3061 apros
574 3000 630 3041 nec
646 2999 752 3043 cervos
767 3000 822 3041 nec
837 2999 960 3060 capreas
975 2998 1031 3041 aec
1044 2998 1144 3041 ursos.

137 3072 191 3129 ²29
258 3064 308 3123 59.
319 3064 403 3144 (84.)
415 3065 474 3127 lam
481 3065 622 3145 quaedam
634 3066 764 3127 animalia
774 3064 915 3142 indigenis
925 3066 1041 3140 innoxia
1051 3065 1184 3127 advenas

179 3148 360 3223 interimunt,
374 3151 449 3212 sicut
461 3160 618 3229 serpentes
628 3152 710 3228 parri
723 3152 750 3209 in
761 3148 910 3225 Tirynthe,
921 3166 995 3227 quos
1006 3158 1084 3211 terra
1097 3148 1183 3209 nasci
1193 3168 1220 3209 ss

180 3230 320 3310 proditur.
342 3233 452 3293 itemin
462 3235 547 3309 Suria
560 3252 671 3311 angues
691 3235 769 3295 circa
781 3232 937 3310 Euphratis
949 3250 1081 3295 mxumo
1096 3234 1184 3311 ripas

180 3314 347 3375 dormientis
359 3317 450 3391 Syros
460 3335 519 3375 non
528 3320 668 3395 attingunt
679 3327 737 3392 aut,
744 3318 857 3379 etiamsi
868 3316 973 3379 calcati
981 3316 1183 3391 momordisse,

180 3400 406 3459 denuntiantur
411 3400 565 3473 maleficia,
571 3400 635 3466 aliis
650 3402 855 3479 cuiuscumque
867 3403 963 3477 gentis
975 3400 1082 3475 infesti,
1092 3399 1186 3459 avide
