2542 3842
162 145 203 209 86
527 161 557 210 o.
573 162 670 211 enrur
686 162 836 212 sacuam

161 310 255 389 iugari
271 312 360 373 diram
380 308 457 377 illam
479 334 513 375 ac
534 315 676 377 minacem
697 316 940 397 appellatamque.
953 316 1093 381 Helenam
1113 320 1156 381 le·

161 404 241 470 runt,
264 405 293 456 et
315 396 352 455 ob
373 399 401 458 id
417 396 529 459 Polluci
551 409 581 459 et
596 398 710 459 Castori
732 400 761 460 id
781 397 885 460 numen
901 402 1065 479 adsignant,
1089 420 1155 464 eos·

162 495 218 555 que
234 479 262 537 in
277 481 347 539 mari
363 481 435 541 deos
453 483 595 544 invocant.
620 483 771 543 Hominum
787 502 903 563 quoque
920 488 1016 563 capita
1033 504 1154 565 vesper·

162 561 228 619 tinis
249 579 352 639 magno
376 568 531 643 praesagio
555 566 783 644 circumfulgeut.
810 569 905 629 omnia
919 569 1029 635 incerta
1043 571 1155 631 ratione

162 652 192 703 et
207 645 235 703 in
251 654 367 707 naturae
383 651 533 710 maiestate
550 649 656 711 abdita.
1166 677 1179 719 u

120 734 174 789 102*
233 727 282 789 38.
306 730 390 810 (38.)
415 731 559 792 Hactenus
581 731 618 792 de
641 733 745 793 mundo
760 735 825 813 ipso
841 734 1052 813 sideribusque.
1081 752 1156 796 nuno

160 809 274 888 reliqua
290 812 365 874 caeli
382 815 589 875 memorabilia.
615 834 739 894 namque
762 826 790 876 et
813 817 870 877 boc
886 818 1000 877 caelum
1024 819 1154 897 appella·

160 892 233 954 vere
247 896 374 955 maiores
390 897 467 977 quod
483 898 540 958 alio
556 900 670 959 nomine
684 917 764 975 aera,
781 916 864 959 omne
881 900 958 979 quod
974 901 1048 961 inani
1061 902 1154 962 simile

160 978 278 1059 vitalem
289 978 364 1039 bunc
380 982 508 1058 spiritum
522 981 623 1042 fundit.
647 981 724 1042 lnlra
741 982 834 1043 lunam
849 982 923 1043 baec
939 984 1038 1059 sedes,
1054 984 1155 1045 multo·

77 1110 80 1122 ι
161 1076 218 1142 que
239 1060 359 1123 inferior
382 1063 428 1141 (ut
448 1066 644 1126 animadverto
665 1066 875 1144 propemodum
895 1067 1046 1145 constare)
1064 1067 1190 1130 inlini-rc

159 1155 218 1204 turn
237 1164 275 1205 ex
296 1148 448 1227 superiore
473 1157 571 1210 natura
592 1151 684 1224 aeris,
713 1150 849 1210 infinitum
872 1158 901 1209 et
923 1152 1033 1210 terreni
1053 1150 1156 1211 halitus

159 1229 286 1289 miscens
309 1241 430 1312 utraque
453 1241 532 1293 sorte
555 1233 744 1293 confunditur.
774 1233 847 1293 Hinc
864 1232 960 1293 nubila
983 1243 1013 1292 et
1034 1235 1155 1293 tonitrua

161 1313 261 1373 etalio
277 1314 409 1391 fulmina,
425 1316 492 1375 binc
507 1317 673 1395 grandines,
690 1318 827 1395 pruinae,
853 1316 975 1390 imbres,
992 1316 1155 1394 procellae,
1258 1350 1262 1358 ·

159 1394 300 1473 turbines,
313 1397 378 1457 hinc
391 1399 519 1476 pluruma
531 1401 692 1460 mortalium
703 1400 777 1459 mala
788 1408 817 1457 et
827 1416 922 1457 rerum
930 1407 1047 1458 naturae
1060 1417 1155 1478 pugna

118 1484 171 1543 los
182 1495 289 1538 secum.
322 1480 450 1542 Terrena
465 1484 494 1540 in
510 1482 621 1542 caelum
637 1482 782 1541 tendentia
804 1481 938 1558 deprimit
959 1482 1084 1541 siderum
1100 1482 1189 1558 vis,1u

126 1612 136 1619 .
162 1560 323 1642 eademque
345 1581 419 1644 quae
442 1573 545 1643 sponte
567 1581 624 1623 non
646 1564 767 1623 subeant
782 1564 819 1623 ad
840 1581 873 1622 se
896 1563 990 1623 trahit.
1021 1564 1155 1623 decidunt

162 1643 288 1721 imbres,
310 1647 433 1707 nebulae
450 1648 587 1723 subeunt,
605 1648 749 1706 siccantur
762 1664 875 1721 amnes,
890 1655 973 1705 ruunt
988 1646 1154 1722 grandines,

162 1735 274 1787 torrent
288 1730 362 1790 radii
383 1738 412 1789 et
426 1739 532 1791 terram
552 1732 581 1789 in
602 1730 725 1790 medium
746 1730 871 1810 undique
889 1729 1045 1808 inpellunt,
1067 1728 1155 1789 iidem

128 1878 134 1887 .
160 1808 275 1870 infracti
289 1812 420 1873 resiliunt
437 1823 466 1873 et
481 1831 554 1892 quae
572 1823 695 1892 potuere
717 1813 847 1881 auderunt
871 1831 978 1873 secum.
1009 1830 1101 1890 vapor
1116 1830 1154 1872 ex

161 1890 219 1953 alto
241 1896 317 1956 cadit
337 1914 506 1974 rursumque
532 1898 559 1957 in
582 1898 668 1957 altum
684 1898 767 1957 redit.
795 1897 874 1956 venti
895 1897 1026 1973 ingruunt
1041 1898 1190 1971 inanes,ao

159 1974 305 2057 iidemque
330 1996 392 2039 cunr
413 1982 512 2058 rapina
533 1988 672 2047 remeant.
702 1989 745 2040 tot
760 1979 920 2040 animalium
937 1980 1054 2040 haustus
1070 1979 1154 2057 spiri·

121 2134 125 2142 A
160 2066 219 2119 tum
234 2080 250 2119 e
267 2062 380 2139 sublimi
395 2063 496 2139 trabit,
513 2064 607 2124 atille
623 2072 723 2123 contra
738 2065 849 2138 nititur,
870 2061 1016 2141 tellusque
1032 2071 1062 2122 ut
1078 2063 1155 2122 inam

118 2148 170 2203 104
181 2144 265 2204 eaelo
281 2147 409 2225 spiritum
424 2147 522 2208 lundit.
556 2148 605 2207 Sic
620 2148 695 2207 ultro
717 2148 790 2207 citro
811 2155 979 2207 conmeante
1002 2155 1100 2206 natura
1125 2154 1156 2204 ut

159 2236 301 2289 tormento
327 2222 423 2309 aliquo
446 2232 542 2292 mundi
558 2232 708 2292 celeritate
731 2231 878 2292 discordia
895 2229 1070 2290 accenditur.
1099 2244 1157 2286 nec

160 2320 237 2372 stare
262 2331 375 2391 pugnae
399 2313 483 2390 licet,
506 2314 559 2373 sed
580 2315 699 2374 adsidue
722 2323 804 2391 rapta
827 2313 1006 2372 convolvitur
1027 2320 1056 2369 et
1077 2310 1191 2372 cirenas

158 2404 264 2453 terram
286 2396 416 2453 inmenso
442 2412 538 2453 rerum
560 2414 663 2455 causas
686 2395 776 2471 globo
801 2395 941 2467 ostendit,
964 2391 1085 2451 subinde
1101 2408 1156 2467 per

159 2476 242 2535 uubis
259 2476 370 2536 caelum
385 2476 461 2535 eliud
477 2476 630 2535 obtexens.
661 2477 820 2535 Ventorum
834 2474 891 2535 boc
905 2492 1034 2551 regnum.
1058 2474 1154 2551 itaque

160 2560 318 2637 praecipua
336 2576 435 2618 eorum
450 2568 549 2618 natura
571 2559 612 2618 ibi
628 2567 658 2619 et
676 2558 767 2618 ferme
785 2558 913 2636 reliquas
928 2556 1073 2635 conplexa
1088 2574 1105 2616 a
1120 2573 1155 2615 se
1261 2559 1262 2566 ’

160 2659 278 2716 causas,
302 2642 434 2721 quoniam
450 2650 479 2702 et
493 2642 645 2702 tonitruum
664 2651 692 2701 et
706 2641 851 2700 fulminum
865 2642 955 2700 iactus
972 2639 1073 2700 horum
1089 2640 1151 2698 vio·

159 2724 264 2785 lentiae
277 2725 410 2804 plerique
427 2725 591 2801 adsignant,
620 2726 688 2805 quin
705 2733 735 2783 et
749 2724 816 2783 ideo
832 2723 975 2802 lapidibus
990 2724 1092 2801 pluere
1111 2721 1152 2779 in·
1164 2741 1191 2783 ac

158 2809 251 2883 terim,
269 2810 333 2887 quia
348 2818 434 2867 vento
452 2810 507 2866 sint
521 2809 610 2887 rapti,
628 2818 657 2867 et
672 2806 759 2868 multa
774 2806 914 2867 similiter.
940 2823 1024 2885 quam
1039 2804 1077 2864 ob
1093 2821 1156 2864 rem
1208 2820 1211 2824 ·
1260 2809 1261 2812 ’

159 2890 241 2951 simul
257 2892 339 2969 plura
354 2890 475 2951 dicenda
491 2899 563 2949 sunt.

117 2984 168 3037 105
239 2975 289 3035 39.
313 2975 395 3054 (39.)
421 2974 635 3052 Tempestatum
652 2990 807 3053 rerumque
823 2972 959 3052 quasdam
976 2978 1064 3031 statas
1085 2987 1154 3029 esse

159 3074 278 3132 causas,
301 3058 438 3135 quasdam
454 3074 526 3117 vero
546 3057 679 3117 fortuitas
694 3065 742 3115 aut
757 3055 849 3116 adhuc
865 3056 984 3115 rationis
1000 3054 1154 3131 inconper-

120 3175 124 3185 ι
158 3148 217 3215 tae,
234 3140 414 3199 manifestum
438 3149 491 3198 est.
523 3139 593 3213 Quis
615 3142 690 3199 enim
705 3148 833 3199 aestates
848 3146 878 3197 et
891 3135 1004 3196 hiemes
1018 3152 1190 3213 quaequeas

157 3223 186 3281 in
206 3222 384 3300 temporibus
407 3240 497 3281 annua
520 3224 585 3282 vice
610 3222 815 3297 intelleguntur
839 3221 965 3280 siderum
990 3227 1067 3279 motu
1089 3217 1155 3276 ficri
1259 3287 1260 3302 χ

158 3303 289 3365 dubitet‘l
318 3304 357 3364 Ut
379 3303 449 3363 solis
471 3321 542 3381 ergo
558 3314 657 3365 natura
672 3304 859 3381 temperando
877 3304 1053 3379 intellegitur
1067 3315 1154 3374 anno,
1259 3312 1261 3354 ι

157 3387 199 3448 sic
215 3388 390 3466 reliquorum
407 3404 521 3473 quoque
540 3389 667 3449 siderum
690 3388 808 3467 propria
823 3395 869 3447 est
886 3384 1046 3466 quibusque
1062 3382 1108 3442 vis
1125 3392 1156 3441 et
1258 3447 1259 3450 Ἴ
