2542 3842
298 185 379 231 nun.
401 185 492 232 nisu.
511 183 723 235 vnum-15.
742 173 894 254 (lo—lo.)
1061 174 1101 237 lo

103 337 228 414 phantos
247 335 316 397 ab
307 339 342 395 ris
359 338 436 397 ebibi
454 339 639 417 siccatosque
660 340 815 401 concidere
834 349 864 399 et
879 342 1050 402 dracones
1041 360 1100 401 me

104 420 213 480 briatos
228 422 351 499 opprimi
372 424 569 501 conmorique.

169 504 216 564 13.
236 505 320 583 (13.)
342 505 468 565 Generat
483 506 638 585 Aethiopia
655 506 760 568 Indicis
782 526 885 587 pares,
905 510 1037 569 vicenum
1053 528 1101 569 ou·
1091 519 1143 571 ·35

103 588 236 647 bitorum.
254 587 282 646 id
298 589 383 648 modo
399 593 508 664 mirum,
525 591 598 649 unde
617 592 832 653 cristatosluba
848 590 1011 651 crediderit.
1028 593 1100 653 Asa·

82 671 187 732 sobaei
202 677 342 732 rotantur
353 672 514 752 Aethiopes
532 674 607 753 apud
622 692 724 753 quos
711 692 843 755 maxume
857 685 1020 751 nascuntur,
1038 694 1101 737 nar-

103 766 225 834 rantque
249 758 278 814 in
303 758 449 817 maritimis
478 774 578 816 eorum
606 768 762 836 quaternos
788 761 948 838 quinosque
973 762 1048 820 inter
1068 751 1101 821 se'

104 842 223 899 cratium
247 842 332 900 modo
350 841 486 919 inplexos
507 844 613 901 erectis
636 842 777 921 capitibus
800 844 970 903 vellicantis
986 844 1022 903 ad
1041 862 1099 904 me·

104 923 178 986 liora
193 923 298 1001 pabula
314 925 440 984 Arabiae
455 924 523 984 vehi
541 924 684 985 ductibus.

172 1009 218 1066 14.
238 1009 322 1086 (14.)
346 1007 551 1085 Megasthenes
577 1010 678 1068 scribit
702 1011 729 1068 in
744 1009 823 1070 India
839 1012 982 1089 serpentis
997 1013 1026 1069 in
1039 1020 1142 1075 tan-36

69 1099 163 1151 rotam
176 1092 397 1167 magnitudinem
413 1093 586 1152 adolescere
601 1100 632 1151 ut
648 1094 759 1153 solidos
772 1094 904 1153 hauriant
919 1109 1023 1154 cervos
1039 1104 1099 1155 tau·

104 1191 225 1253 rosque.
259 1174 442 1243 Metrodorus
458 1177 536 1235 circa
551 1173 737 1251 Rhyndacum
754 1194 864 1237 amnem
888 1180 916 1237 in
936 1179 1026 1238 Ponto
1054 1197 1100 1237 su·
1155 1234 1183 1258 ,.

105 1259 284 1336 pervolantis
306 1256 436 1338 quamvis
457 1260 515 1318 alte
538 1262 753 1338 perniciterque
778 1260 862 1319 alites
882 1261 983 1320 haustu
1005 1269 1034 1320 ut
1049 1261 1112 1321 ab·'

104 1352 204 1422 reptas
219 1342 404 1403 absorbeant.
432 1341 507 1402 Nota
528 1352 574 1402 est
597 1345 625 1402 in
646 1344 759 1403 Punicis
776 1344 862 1403 bellis
878 1346 913 1405 ad
928 1346 1031 1404 llumen
1046 1344 1098 1405 Ba·
1108 1354 1141 1409 37

105 1427 231 1503 gradam
240 1425 356 1504 Regulo
371 1429 548 1505 imperatore
565 1426 688 1486 ballistis
702 1430 910 1507 tormentisque
921 1438 952 1487 ut
964 1430 1101 1507 oppidum

71 1526 97 1569 ss
107 1511 224 1588 aliquod
239 1520 404 1609 expugnata
422 1528 545 1588 serpens
566 1522 636 1570 cxx
659 1512 763 1589 pedum
786 1512 979 1589 longitudinis.
1014 1512 1101 1591 pellis

105 1595 168 1653 eius
192 1583 386 1673 maxillaeque
416 1612 508 1671 usque
534 1594 570 1653 ad
601 1588 710 1655 bellum
734 1594 932 1655 Numantinum
958 1596 1116 1661 duravere.

104 1676 241 1737 Romae
232 1679 390 1757 intemplo.
414 1678 520 1737 iaciunt
535 1678 579 1737 bis
590 1679 699 1739 iidem
690 1698 718 1737 ιιι
730 1678 811 1739 ltalia
828 1679 991 1758 appellatae
1007 1680 1101 1741 bovas

104 1762 133 1819 in
156 1750 262 1821 tantam
286 1762 499 1840 amplitudinem
521 1773 661 1821 exeuntes
684 1772 713 1821 ut
735 1761 801 1821 divo
831 1761 951 1823 Claudio
970 1765 1100 1842 principe

104 1846 222 1905 occisae
240 1847 268 1905 in
283 1846 422 1905 Vaticano
439 1846 548 1907 solidus
564 1847 592 1905 in
607 1846 673 1905 alvo
690 1854 837 1925 spectatus
852 1848 889 1906 sit
902 1847 1005 1907 inians.
1021 1848 1100 1909 alun-

67 1948 95 1990 no
105 1938 151 1989 tur
166 1931 251 1989 trimo
266 1929 366 1989 bubuli
381 1930 465 1990 lactis
482 1946 563 2005 suco,
581 1930 657 1989 unde
672 1946 775 1989 nomen
791 1940 916 1990 traxere.

171 2014 217 2073 15.
241 2013 325 2091 (15.)
352 2011 523 2073 Ceterorum
546 2014 723 2087 animalium,
754 2030 827 2091 quae
851 2012 938 2073 modo
961 2022 1143 2079 convectam

105 2097 230 2175 undique
246 2094 355 2156 ltaliam
373 2099 523 2173 contigere
538 2099 670 2174 saepius,
693 2096 800 2155 lormas
821 2096 891 2155 nibil
906 2098 1006 2157 attinet
1021 2114 1100 2157 scru-

105 2181 210 2258 pulose
230 2180 354 2239 referre.
392 2181 565 2258 paucissima
583 2178 702 2254 Scythia
724 2180 815 2256 gignit
836 2181 933 2259 inopia
955 2179 1099 2257 fruticum,
1123 2243 1128 2254 ⁸

106 2282 198 2342 pauca
213 2263 388 2323 contermina
402 2263 444 2323 illi
460 2263 619 2339 Germania,
632 2264 754 2339 insignia
768 2272 863 2323 tamen
876 2263 962 2322 boum
973 2262 1099 2323 ieromm

67 2364 226 2426 aagenera,
245 2346 359 2406 iubatos
376 2347 497 2405 bisontis
515 2347 731 2424 excellentique
753 2348 781 2405 vi
803 2356 832 2406 et
846 2347 1004 2407 velocitate
1019 2364 1098 2422 uros,

101 2432 211 2511 quibus
232 2432 384 2510 inperitum
408 2431 512 2507 volgus
533 2430 702 2491 bubalorum
723 2446 826 2491 nomen
846 2432 972 2509 inponit,
994 2440 1057 2490 cum
1072 2431 1099 2490 id

105 2517 206 2593 gignat
218 2514 317 2573 Africa
331 2515 411 2574 vituli
427 2516 521 2593 potius
539 2516 676 2594 cervique
697 2513 816 2593 quadam
833 2516 1025 2575 similitudine.

169 2597 253 2677 (16.)
276 2600 443 2675 Septentrio
461 2599 518 2657 lert
540 2608 569 2658 et
585 2616 724 2676 equorum
738 2616 847 2676 greges
864 2599 1001 2674 ferorum,
1027 2600 1141 2663 sicut39

106 2683 250 2741 asinorum
276 2682 346 2741 Asia
367 2692 397 2741 et
418 2680 533 2756 Africa,
550 2692 702 2760 praeterea
718 2682 803 2741 alcen
819 2685 944 2742 iuvenco
967 2682 1099 2758 similem,

70 2767 136 2826 soni
159 2766 320 2843 proceritas
343 2768 449 2825 aurium
474 2774 503 2825 et
526 2768 649 2825 cervicis
671 2767 833 2843 distinguat.
867 2767 933 2825 item
954 2774 1047 2824 natam
1073 2768 1101 2823 in

106 2850 296 2910 Scandinavia
318 2848 409 2907 insula
430 2867 485 2909 nec
505 2867 636 2929 umquam
658 2853 746 2909 visam
768 2852 797 2907 in
825 2848 879 2909 hac
896 2847 978 2922 urbe,
1006 2849 1100 2908 multis

106 2945 201 2993 tamen
222 2943 364 2992 narratam
386 2932 489 2991 achlim
511 2932 577 3002 haut
600 2932 765 2991 dissimilem
781 2932 839 3005 illi,
868 2933 920 2991 sed
941 2931 1021 2991 nullo
1043 2932 1099 2990 sui·

106 3018 249 3093 lraginum
264 3016 358 3090 dexo,
384 3015 509 3093 ideoque
524 3033 581 3075 non
596 3016 759 3090 cubantem,
780 3016 833 3075 sod
849 3015 989 3075 adclinem
1005 3014 1101 3073 arbori

107 3104 136 3159 in
153 3118 265 3175 somno,
284 3118 376 3178 eaque
391 3101 482 3159 incisa
497 3100 531 3159 ad
546 3100 663 3158 insidias
679 3100 754 3177 capi,
778 3098 848 3158 alias
863 3098 1026 3159 velocitatis
1042 3114 1099 3155 me-

71 3193 246 3249 srmoratae.
279 3184 387 3245 labrum
409 3186 436 3242 ei
457 3184 589 3261 superius
606 3181 796 3261 praegrande.
820 3182 857 3241 ob
878 3182 907 3242 id
926 3181 1100 3259 retrogradi·

107 3278 154 3327 tur
168 3270 196 3324 in
210 3267 369 3346 pascendo,
384 3285 421 3326 nc
436 3268 464 3325 in
480 3269 576 3344 priora
593 3268 713 3326 tendens
732 3266 902 3326 involvatur.
934 3267 1058 3326 Tradunt
1073 3266 1143 3327 into

107 3352 232 3434 lssaeonia
248 3353 336 3411 ieram
347 3367 422 3430 quae
435 3351 560 3409 bonasus
572 3360 694 3411 vocetur
705 3352 808 3429 equina
819 3349 896 3425 iuba,
909 3360 1007 3411 cetera
1019 3359 1100 3408 tauro

108 3434 246 3511 similem,
269 3434 403 3495 cornibus
426 3436 465 3494 ita
478 3436 506 3492 in
527 3453 560 3495 se
575 3434 658 3495 llexis
676 3444 705 3494 ut
724 3452 781 3495 non
801 3435 957 3494 sint‘utilia
977 3450 1100 3511 pugnas.

152 3538 223 3577 nuru.
238 3540 299 3579 nar.
316 3540 384 3581 ursa.
400 3523 432 3578 11.
923 3517 943 3575 4
