<?xml version="1.0" encoding="UTF-8"?>
<!DOCTYPE html PUBLIC "-//W3C//DTD XHTML 1.0 Transitional//EN"
    "http://www.w3.org/TR/xhtml1/DTD/xhtml1-transitional.dtd">
<html xmlns="http://www.w3.org/1999/xhtml" xml:lang="en" lang="en">
 <head>
  <title>
</title>
<meta http-equiv="Content-Type" content="text/html;charset=utf-8" />
  <meta name='ocr-system' content='tesseract 3.04.00' />
  <meta name='ocr-capabilities' content='ocr_page ocr_carea ocr_par ocr_line ocrx_word'/>
</head>
<body>
  <div class='ocr_page' id='page_1' title='image "./cplinisecundina25plingoog_0239.png"; bbox 0 0 2542 3842; ppageno 0'>
   <div class='ocr_carea' id='block_1_1' title="bbox 335 148 1107 253">
    <p class='ocr_par' dir='ltr' id='par_1_1' title="bbox 335 148 1107 253">
     <span class='ocr_line' id='line_1_1' title="bbox 335 148 1107 253; baseline 0.001 -22"><span class='ocrx_word' id='word_1_1' title='bbox 335 182 415 236; x_wconf 77' lang='lat' dir='ltr'>aar.</span> <span class='ocrx_word' id='word_1_2' title='bbox 436 183 527 232; x_wconf 78' lang='lat' dir='ltr'>arsa.</span> <span class='ocrx_word' id='word_1_3' title='bbox 547 148 580 230; x_wconf 76' lang='lat' dir='ltr'>r.</span> <span class='ocrx_word' id='word_1_4' title='bbox 601 178 722 234; x_wconf 80' lang='lat' dir='ltr'>at—ro.</span> <span class='ocrx_word' id='word_1_5' title='bbox 745 170 896 253; x_wconf 72' lang='lat' dir='ltr'>(ao-29.)</span> <span class='ocrx_word' id='word_1_6' title='bbox 1047 169 1107 233; x_wconf 82' lang='lat'>205</span> 
     </span>
    </p>
   </div>
   <div class='ocr_carea' id='block_1_2' title="bbox 16 334 1224 3498">
    <p class='ocr_par' dir='ltr' id='par_1_2' title="bbox 95 334 1149 1081">
     <span class='ocr_line' id='line_1_2' title="bbox 115 334 1108 415; baseline 0 -17"><span class='ocrx_word' id='word_1_7' title='bbox 115 334 196 398; x_wconf 91' lang='lat' dir='ltr'>LXX</span> <span class='ocrx_word' id='word_1_8' title='bbox 213 335 355 415; x_wconf 90' lang='lat' dir='ltr'>quondam</span> <span class='ocrx_word' id='word_1_9' title='bbox 377 336 482 414; x_wconf 88' lang='lat' dir='ltr'>oppida</span> <span class='ocrx_word' id='word_1_10' title='bbox 503 335 617 411; x_wconf 87' lang='lat' dir='ltr'>babuit,</span> <span class='ocrx_word' id='word_1_11' title='bbox 641 354 714 395; x_wconf 92' lang='lat' dir='ltr'>nunc</span> <span class='ocrx_word' id='word_1_12' title='bbox 733 335 854 408; x_wconf 86' lang='lat' dir='ltr'>XXXVI</span> <span class='ocrx_word' id='word_1_13' title='bbox 873 337 970 399; x_wconf 91' lang='lat' dir='ltr'>babet.</span> <span class='ocrx_word' id='word_1_14' title='bbox 994 357 1048 408; x_wconf 35' lang='lat' dir='ltr'>,ex</span> <span class='ocrx_word' id='word_1_15' title='bbox 1063 339 1108 399; x_wconf 90' lang='lat' dir='ltr'>his</span> 
     </span>
     <span class='ocr_line' id='line_1_3' title="bbox 117 417 1108 498; baseline 0 -16"><span class='ocrx_word' id='word_1_16' title='bbox 117 417 309 482; x_wconf 87' lang='lat' dir='ltr'>celeberrima</span> <span class='ocrx_word' id='word_1_17' title='bbox 322 429 439 498; x_wconf 90' lang='lat' dir='ltr'>praeter</span> <span class='ocrx_word' id='word_1_18' title='bbox 452 437 539 497; x_wconf 86' lang='lat' dir='ltr'>supra</span> <span class='ocrx_word' id='word_1_19' title='bbox 554 419 629 479; x_wconf 89' lang='lat' dir='ltr'>dicta</span> <span class='ocrx_word' id='word_1_20' title='bbox 645 417 753 498; x_wconf 83' lang='lat' dir='ltr'>Canas,</span> <span class='ocrx_word' id='word_1_21' title='bbox 776 419 926 497; x_wconf 89' lang='lat' dir='ltr'>Candyba,</span> <span class='ocrx_word' id='word_1_22' title='bbox 947 418 994 481; x_wconf 92' lang='lat' dir='ltr'>ubi</span> <span class='ocrx_word' id='word_1_23' title='bbox 1012 422 1108 482; x_wconf 87' lang='lat' dir='ltr'>lauda·</span> 
     </span>
     <span class='ocr_line' id='line_1_4' title="bbox 117 500 1107 581; baseline 0.001 -17"><span class='ocrx_word' id='word_1_24' title='bbox 117 514 165 564; x_wconf 84' lang='lat' dir='ltr'>tur</span> <span class='ocrx_word' id='word_1_25' title='bbox 190 502 310 563; x_wconf 87' lang='lat' dir='ltr'>Oenium</span> <span class='ocrx_word' id='word_1_26' title='bbox 335 521 451 579; x_wconf 91' lang='lat' dir='ltr'>nemus,</span> <span class='ocrx_word' id='word_1_27' title='bbox 485 501 616 578; x_wconf 83' lang='lat' dir='ltr'>Podalia,</span> <span class='ocrx_word' id='word_1_28' title='bbox 647 500 753 562; x_wconf 89' lang='lat' dir='ltr'>Choma</span> <span class='ocrx_word' id='word_1_29' title='bbox 778 503 955 581; x_wconf 86' lang='lat' dir='ltr'>praefluente</span> <span class='ocrx_word' id='word_1_30' title='bbox 978 504 1107 580; x_wconf 82' lang='lat' dir='ltr'>Aedesa,</span> 
     </span>
     <span class='ocr_line' id='line_1_5' title="bbox 118 585 1106 664; baseline -0.001 -17"><span class='ocrx_word' id='word_1_31' title='bbox 118 586 265 663; x_wconf 75' lang='lat' dir='ltr'>Cyaneae,</span> <span class='ocrx_word' id='word_1_32' title='bbox 281 585 466 661; x_wconf 91' lang='lat' dir='ltr'>Ascandalis,</span> <span class='ocrx_word' id='word_1_33' title='bbox 485 585 614 662; x_wconf 89' lang='lat' dir='ltr'>Amelas,</span> <span class='ocrx_word' id='word_1_34' title='bbox 630 585 822 664; x_wconf 88' lang='lat' dir='ltr'>Noscopium,</span> <span class='ocrx_word' id='word_1_35' title='bbox 838 585 923 662; x_wconf 84' lang='lat' dir='ltr'><strong>Tlos,</strong></span> <span class='ocrx_word' id='word_1_36' title='bbox 939 586 1106 648; x_wconf 75' lang='lat' dir='ltr'>Talandrus.</span> 
     </span>
     <span class='ocr_line' id='line_1_6' title="bbox 95 667 1107 748; baseline -0.001 -17"><span class='ocrx_word' id='word_1_37' title='bbox 95 670 329 748; x_wconf 86' lang='lat' dir='ltr'>sconprebendit</span> <span class='ocrx_word' id='word_1_38' title='bbox 357 668 574 744; x_wconf 86' lang='lat' dir='ltr'>mediterrapeis</span> <span class='ocrx_word' id='word_1_39' title='bbox 603 677 632 728; x_wconf 86' lang='lat' dir='ltr'>et</span> <span class='ocrx_word' id='word_1_40' title='bbox 654 667 816 746; x_wconf 79' lang='lat' dir='ltr'>Cabaliam,</span> <span class='ocrx_word' id='word_1_41' title='bbox 839 673 919 730; x_wconf 89' lang='lat' dir='ltr'>cuius</span> <span class='ocrx_word' id='word_1_42' title='bbox 939 679 999 729; x_wconf 87' lang='lat' dir='ltr'>tres</span> <span class='ocrx_word' id='word_1_43' title='bbox 1019 671 1107 731; x_wconf 92' lang='lat' dir='ltr'>urbes</span> 
     </span>
     <span class='ocr_line' id='line_1_7' title="bbox 119 751 1149 829; baseline 0.006 -16"><span class='ocrx_word' id='word_1_44' title='bbox 119 753 281 829; x_wconf 82' lang='lat' dir='ltr'>Oenianda,</span> <span class='ocrx_word' id='word_1_45' title='bbox 304 752 443 828; x_wconf 88' lang='lat' dir='ltr'>Balbura,</span> <span class='ocrx_word' id='word_1_46' title='bbox 466 752 577 812; x_wconf 88' lang='lat' dir='ltr'>Bubon.</span> <span class='ocrx_word' id='word_1_47' title='bbox 628 751 655 813; x_wconf 94' lang='lat' dir='ltr'>A</span> <span class='ocrx_word' id='word_1_48' title='bbox 676 752 810 813; x_wconf 90' lang='lat' dir='ltr'>&#39;Telmeso</span> <span class='ocrx_word' id='word_1_49' title='bbox 835 752 991 814; x_wconf 90' lang='lat' dir='ltr'>Asiaticum</span> <span class='ocrx_word' id='word_1_50' title='bbox 1013 767 1149 818; x_wconf 67' lang='lat' dir='ltr'>mar-elba</span> 
     </span>
     <span class='ocr_line' id='line_1_8' title="bbox 117 834 1108 915; baseline -0.001 -18"><span class='ocrx_word' id='word_1_51' title='bbox 117 839 180 897; x_wconf 85' lang='lat' dir='ltr'>sive</span> <span class='ocrx_word' id='word_1_52' title='bbox 199 834 381 915; x_wconf 79' lang='lat' dir='ltr'>Carpathium</span> <span class='ocrx_word' id='word_1_53' title='bbox 397 846 426 896; x_wconf 86' lang='lat' dir='ltr'>et</span> <span class='ocrx_word' id='word_1_54' title='bbox 441 854 516 915; x_wconf 89' lang='lat' dir='ltr'>quae</span> <span class='ocrx_word' id='word_1_55' title='bbox 529 838 650 915; x_wconf 92' lang='lat' dir='ltr'>proprie</span> <span class='ocrx_word' id='word_1_56' title='bbox 663 846 784 897; x_wconf 89' lang='lat' dir='ltr'>vocatur</span> <span class='ocrx_word' id='word_1_57' title='bbox 798 836 877 896; x_wconf 92' lang='lat' dir='ltr'>Asia.</span> <span class='ocrx_word' id='word_1_58' title='bbox 913 835 945 896; x_wconf 93' lang='lat' dir='ltr'>In</span> <span class='ocrx_word' id='word_1_59' title='bbox 961 838 1031 898; x_wconf 89' lang='lat' dir='ltr'>duas</span> <span class='ocrx_word' id='word_1_60' title='bbox 1046 855 1108 896; x_wconf 90' lang='lat' dir='ltr'>eam</span> 
     </span>
     <span class='ocr_line' id='line_1_9' title="bbox 118 919 1107 999; baseline 0 -19"><span class='ocrx_word' id='word_1_61' title='bbox 118 930 218 999; x_wconf 88' lang='lat' dir='ltr'>partes</span> <span class='ocrx_word' id='word_1_62' title='bbox 233 920 364 998; x_wconf 84' lang='lat' dir='ltr'>Agrippa</span> <span class='ocrx_word' id='word_1_63' title='bbox 384 921 487 982; x_wconf 89' lang='lat' dir='ltr'>divisit.</span> <span class='ocrx_word' id='word_1_64' title='bbox 525 937 609 978; x_wconf 84' lang='lat' dir='ltr'>nnana</span> <span class='ocrx_word' id='word_1_65' title='bbox 628 919 743 979; x_wconf 76' lang='lat' dir='ltr'>inclusit</span> <span class='ocrx_word' id='word_1_66' title='bbox 758 919 794 980; x_wconf 93' lang='lat' dir='ltr'>ab</span> <span class='ocrx_word' id='word_1_67' title='bbox 816 923 925 980; x_wconf 91' lang='lat' dir='ltr'>oriente</span> <span class='ocrx_word' id='word_1_68' title='bbox 940 920 1063 998; x_wconf 90' lang='lat' dir='ltr'>Phrygia</span> <span class='ocrx_word' id='word_1_69' title='bbox 1079 930 1107 980; x_wconf 87' lang='lat' dir='ltr'>et</span> 
     </span>
     <span class='ocr_line' id='line_1_10' title="bbox 118 1001 1106 1081; baseline 0 -17"><span class='ocrx_word' id='word_1_70' title='bbox 118 1005 273 1080; x_wconf 92' lang='lat' dir='ltr'>Lycaonia,</span> <span class='ocrx_word' id='word_1_71' title='bbox 289 1002 324 1062; x_wconf 91' lang='lat' dir='ltr'>ab</span> <span class='ocrx_word' id='word_1_72' title='bbox 345 1003 496 1062; x_wconf 88' lang='lat' dir='ltr'>occidente</span> <span class='ocrx_word' id='word_1_73' title='bbox 511 1001 633 1079; x_wconf 87' lang='lat' dir='ltr'>Aegaeo</span> <span class='ocrx_word' id='word_1_74' title='bbox 651 1004 736 1077; x_wconf 87' lang='lat' dir='ltr'>mari,</span> <span class='ocrx_word' id='word_1_75' title='bbox 753 1022 770 1063; x_wconf 92' lang='lat' dir='ltr'>a</span> <span class='ocrx_word' id='word_1_76' title='bbox 784 1004 903 1063; x_wconf 91' lang='lat' dir='ltr'>meridie</span> <span class='ocrx_word' id='word_1_77' title='bbox 917 1002 1074 1081; x_wconf 85' lang='lat' dir='ltr'>Aegyptio,</span> <span class='ocrx_word' id='word_1_78' title='bbox 1090 1022 1106 1064; x_wconf 89' lang='lat' dir='ltr'>a</span> 
     </span>
    </p>

    <p class='ocr_par' dir='ltr' id='par_1_3' title="bbox 85 1084 1211 1499">
     <span class='ocr_line' id='line_1_11' title="bbox 85 1084 1108 1166; baseline -0.003 -17"><span class='ocrx_word' id='word_1_79' title='bbox 85 1108 111 1149; x_wconf 87' lang='lat' dir='ltr'>ro</span> <span class='ocrx_word' id='word_1_80' title='bbox 120 1088 318 1166; x_wconf 80' lang='lat' dir='ltr'>septentrione</span> <span class='ocrx_word' id='word_1_81' title='bbox 332 1085 535 1164; x_wconf 86' lang='lat' dir='ltr'>Paphlagonia.</span> <span class='ocrx_word' id='word_1_82' title='bbox 569 1086 651 1144; x_wconf 88' lang='lat' dir='ltr'>huius</span> <span class='ocrx_word' id='word_1_83' title='bbox 672 1085 875 1163; x_wconf 81' lang='lat' dir='ltr'>longitudinem</span> <span class='ocrx_word' id='word_1_84' title='bbox 889 1084 1065 1146; x_wconf 91' lang='lat' dir='ltr'>CCCCLXX</span> <span class='ocrx_word' id='word_1_85' title='bbox 1079 1086 1108 1146; x_wconf 99' lang='grc' dir='ltr'><strong>Μ</strong></span> 
     </span>
     <span class='ocr_line' id='line_1_12' title="bbox 119 1165 1106 1251; baseline -0.001 -20"><span class='ocrx_word' id='word_1_86' title='bbox 119 1189 270 1251; x_wconf 90' lang='lat' dir='ltr'>passuum,</span> <span class='ocrx_word' id='word_1_87' title='bbox 292 1170 465 1229; x_wconf 91' lang='lat' dir='ltr'>latitudinem</span> <span class='ocrx_word' id='word_1_88' title='bbox 482 1165 611 1229; x_wconf 92' lang='lat' dir='ltr'>CCCXX</span> <span class='ocrx_word' id='word_1_89' title='bbox 629 1167 660 1227; x_wconf 87' lang='lat' dir='ltr'><strong><em>M</em></strong></span> <span class='ocrx_word' id='word_1_90' title='bbox 679 1169 758 1229; x_wconf 88' lang='lat' dir='ltr'>fecit.</span> <span class='ocrx_word' id='word_1_91' title='bbox 799 1170 916 1230; x_wconf 86' lang='lat' dir='ltr'>alteram</span> <span class='ocrx_word' id='word_1_92' title='bbox 939 1171 1106 1230; x_wconf 90' lang='lat' dir='ltr'>determina·</span> 
     </span>
     <span class='ocr_line' id='line_1_13' title="bbox 118 1251 1211 1331; baseline -0.001 -18"><span class='ocrx_word' id='word_1_93' title='bbox 118 1257 159 1314; x_wconf 91' lang='lat' dir='ltr'>vit</span> <span class='ocrx_word' id='word_1_94' title='bbox 175 1254 212 1314; x_wconf 90' lang='lat' dir='ltr'>ab</span> <span class='ocrx_word' id='word_1_95' title='bbox 233 1255 344 1313; x_wconf 89' lang='lat' dir='ltr'>oriente</span> <span class='ocrx_word' id='word_1_96' title='bbox 359 1251 493 1312; x_wconf 90' lang='lat' dir='ltr'>Armenia</span> <span class='ocrx_word' id='word_1_97' title='bbox 511 1252 636 1327; x_wconf 87' lang='lat' dir='ltr'>minore,</span> <span class='ocrx_word' id='word_1_98' title='bbox 662 1251 698 1311; x_wconf 90' lang='lat' dir='ltr'>ab</span> <span class='ocrx_word' id='word_1_99' title='bbox 722 1253 873 1314; x_wconf 91' lang='lat' dir='ltr'>occidente</span> <span class='ocrx_word' id='word_1_100' title='bbox 895 1251 1033 1331; x_wconf 87' lang='lat' dir='ltr'>Phrygia,</span> <span class='ocrx_word' id='word_1_101' title='bbox 1053 1253 1105 1329; x_wconf 90' lang='lat' dir='ltr'>Ly·</span> <span class='ocrx_word' id='word_1_102' title='bbox 1210 1255 1211 1261; x_wconf 77' lang='grc'>’</span> 
     </span>
     <span class='ocr_line' id='line_1_14' title="bbox 120 1329 1105 1414; baseline -0.002 -17"><span class='ocrx_word' id='word_1_103' title='bbox 120 1340 239 1413; x_wconf 90' lang='lat' dir='ltr'>caonia,</span> <span class='ocrx_word' id='word_1_104' title='bbox 257 1334 439 1414; x_wconf 89' lang='lat' dir='ltr'>Pamphylia,</span> <span class='ocrx_word' id='word_1_105' title='bbox 456 1353 472 1396; x_wconf 91' lang='lat' dir='ltr'>a</span> <span class='ocrx_word' id='word_1_106' title='bbox 487 1337 684 1413; x_wconf 85' lang='lat' dir='ltr'>septentrione</span> <span class='ocrx_word' id='word_1_107' title='bbox 700 1337 846 1413; x_wconf 91' lang='lat' dir='ltr'>provincia</span> <span class='ocrx_word' id='word_1_108' title='bbox 861 1329 998 1411; x_wconf 84' lang='lat' dir='ltr'>Pontica,</span> <span class='ocrx_word' id='word_1_109' title='bbox 1017 1354 1105 1396; x_wconf 92' lang='lat' dir='ltr'>ame·</span> 
     </span>
     <span class='ocr_line' id='line_1_15' title="bbox 118 1416 1106 1499; baseline -0.003 -18"><span class='ocrx_word' id='word_1_110' title='bbox 118 1422 191 1482; x_wconf 87' lang='lat' dir='ltr'>ridie</span> <span class='ocrx_word' id='word_1_111' title='bbox 212 1423 282 1486; x_wconf 90' lang='lat' dir='ltr'>mari</span> <span class='ocrx_word' id='word_1_112' title='bbox 303 1418 486 1498; x_wconf 90' lang='lat' dir='ltr'>Pamphylio,</span> <span class='ocrx_word' id='word_1_113' title='bbox 510 1417 625 1498; x_wconf 86' lang='lat' dir='ltr'>longam</span> <span class='ocrx_word' id='word_1_114' title='bbox 646 1416 776 1479; x_wconf 89' lang='lat' dir='ltr'>DLXXV</span> <span class='ocrx_word' id='word_1_115' title='bbox 796 1418 826 1480; x_wconf 94' lang='grc' dir='ltr'><strong>Μ</strong></span> <span class='ocrx_word' id='word_1_116' title='bbox 847 1437 998 1499; x_wconf 87' lang='lat' dir='ltr'>passuum,</span> <span class='ocrx_word' id='word_1_117' title='bbox 1022 1419 1106 1480; x_wconf 85' lang='lat' dir='ltr'>latam</span> 
     </span>
    </p>

    <p class='ocr_par' dir='ltr' id='par_1_4' title="bbox 85 1502 1149 1573">
     <span class='ocr_line' id='line_1_16' title="bbox 85 1502 1149 1573; baseline -0.002 -7"><span class='ocrx_word' id='word_1_118' title='bbox 85 1502 277 1566; x_wconf 79' lang='lat' dir='ltr'>rsCCCXXV</span> <span class='ocrx_word' id='word_1_119' title='bbox 290 1503 327 1562; x_wconf 94' lang='grc' dir='ltr'>Μ.</span> <span class='ocrx_word' id='word_1_120' title='bbox 562 1569 564 1573; x_wconf 57' lang='grc'><strong>,</strong></span> <span class='ocrx_word' id='word_1_121' title='bbox 727 1533 734 1548; x_wconf 89' lang='grc'><em>·</em></span> <span class='ocrx_word' id='word_1_122' title='bbox 1143 1555 1149 1564; x_wconf 86' lang='grc'>.</span> 
     </span>
    </p>

    <p class='ocr_par' dir='ltr' id='par_1_5' title="bbox 205 1584 1147 1666">
     <span class='ocr_line' id='line_1_17' title="bbox 205 1584 1147 1666; baseline 0.005 -19"><span class='ocrx_word' id='word_1_123' title='bbox 205 1587 287 1666; x_wconf 85' lang='grc'>(29.)</span> <span class='ocrx_word' id='word_1_124' title='bbox 309 1585 340 1645; x_wconf 95' lang='lat' dir='ltr'>ln</span> <span class='ocrx_word' id='word_1_125' title='bbox 354 1603 492 1665; x_wconf 85' lang='lat' dir='ltr'>proxuma</span> <span class='ocrx_word' id='word_1_126' title='bbox 506 1604 558 1646; x_wconf 88' lang='lat' dir='ltr'>ora</span> <span class='ocrx_word' id='word_1_127' title='bbox 574 1584 657 1646; x_wconf 91' lang='lat' dir='ltr'>Caria</span> <span class='ocrx_word' id='word_1_128' title='bbox 674 1595 733 1661; x_wconf 87' lang='lat' dir='ltr'>est,</span> <span class='ocrx_word' id='word_1_129' title='bbox 749 1603 816 1646; x_wconf 81' lang='lat' dir='ltr'>mon</span> <span class='ocrx_word' id='word_1_130' title='bbox 830 1587 923 1660; x_wconf 83' lang='lat' dir='ltr'>Ionia,</span> <span class='ocrx_word' id='word_1_131' title='bbox 940 1587 1013 1646; x_wconf 90' lang='lat' dir='ltr'>ultra</span> <span class='ocrx_word' id='word_1_132' title='bbox 1029 1597 1147 1652; x_wconf 85' lang='lat' dir='ltr'>eam103</span> 
     </span>
    </p>

    <p class='ocr_par' dir='ltr' id='par_1_6' title="bbox 16 1669 1146 1915">
     <span class='ocr_line' id='line_1_18' title="bbox 16 1669 1105 1745; baseline -0.003 -12"><span class='ocrx_word' id='word_1_133' title='bbox 16 1730 17 1733; x_wconf 74' lang='grc'>,</span> <span class='ocrx_word' id='word_1_134' title='bbox 120 1672 232 1732; x_wconf 91' lang='lat' dir='ltr'>Aeolis.</span> <span class='ocrx_word' id='word_1_135' title='bbox 264 1669 348 1730; x_wconf 93' lang='lat' dir='ltr'>Caria</span> <span class='ocrx_word' id='word_1_136' title='bbox 368 1670 480 1731; x_wconf 89' lang='lat' dir='ltr'>mediae</span> <span class='ocrx_word' id='word_1_137' title='bbox 493 1669 594 1730; x_wconf 93' lang='lat' dir='ltr'>Doridi</span> <span class='ocrx_word' id='word_1_138' title='bbox 615 1669 862 1745; x_wconf 82' lang='lat' dir='ltr'>circumfunditur,</span> <span class='ocrx_word' id='word_1_139' title='bbox 884 1672 919 1731; x_wconf 90' lang='lat' dir='ltr'>ad</span> <span class='ocrx_word' id='word_1_140' title='bbox 934 1689 1012 1730; x_wconf 90' lang='lat' dir='ltr'>mare</span> <span class='ocrx_word' id='word_1_141' title='bbox 1031 1680 1105 1730; x_wconf 92' lang='lat' dir='ltr'>utro·</span> 
     </span>
     <span class='ocr_line' id='line_1_19' title="bbox 121 1753 1146 1836; baseline -0.002 -21"><span class='ocrx_word' id='word_1_142' title='bbox 121 1775 177 1836; x_wconf 82' lang='lat' dir='ltr'>que</span> <span class='ocrx_word' id='word_1_143' title='bbox 200 1755 291 1815; x_wconf 88' lang='lat' dir='ltr'>latere</span> <span class='ocrx_word' id='word_1_144' title='bbox 316 1753 453 1812; x_wconf 87' lang='lat' dir='ltr'>ambiens.</span> <span class='ocrx_word' id='word_1_145' title='bbox 489 1754 518 1813; x_wconf 93' lang='lat' dir='ltr'>in</span> <span class='ocrx_word' id='word_1_146' title='bbox 538 1771 573 1813; x_wconf 88' lang='lat' dir='ltr'>ea</span> <span class='ocrx_word' id='word_1_147' title='bbox 593 1756 816 1832; x_wconf 88' lang='lat' dir='ltr'>promontorium</span> <span class='ocrx_word' id='word_1_148' title='bbox 835 1753 995 1830; x_wconf 88' lang='lat' dir='ltr'>Pedalium,</span> <span class='ocrx_word' id='word_1_149' title='bbox 1018 1755 1105 1814; x_wconf 88' lang='lat' dir='ltr'>amnis</span> <span class='ocrx_word' id='word_1_150' title='bbox 1143 1753 1146 1762; x_wconf 70' lang='lat'>‘</span> 
     </span>
     <span class='ocr_line' id='line_1_20' title="bbox 120 1836 1107 1915; baseline -0.003 -16"><span class='ocrx_word' id='word_1_151' title='bbox 120 1839 245 1899; x_wconf 84' lang='lat' dir='ltr'>Glaucus</span> <span class='ocrx_word' id='word_1_152' title='bbox 263 1837 397 1898; x_wconf 80' lang='lat' dir='ltr'>deferens</span> <span class='ocrx_word' id='word_1_153' title='bbox 413 1836 605 1913; x_wconf 86' lang='lat' dir='ltr'>Telmedium,</span> <span class='ocrx_word' id='word_1_154' title='bbox 630 1837 737 1915; x_wconf 89' lang='lat' dir='ltr'>oppida</span> <span class='ocrx_word' id='word_1_155' title='bbox 751 1837 894 1914; x_wconf 90' lang='lat' dir='ltr'>Daedala,</span> <span class='ocrx_word' id='word_1_156' title='bbox 921 1836 996 1913; x_wconf 90' lang='lat' dir='ltr'>Crya</span> <span class='ocrx_word' id='word_1_157' title='bbox 1011 1838 1107 1914; x_wconf 80' lang='lat' dir='ltr'>lugiti-¹</span> 
     </span>
    </p>

    <p class='ocr_par' dir='ltr' id='par_1_7' title="bbox 84 1918 1224 2334">
     <span class='ocr_line' id='line_1_21' title="bbox 84 1918 1105 2000; baseline -0.005 -15"><span class='ocrx_word' id='word_1_158' title='bbox 84 1940 230 1997; x_wconf 76' lang='lat' dir='ltr'>novorum,</span> <span class='ocrx_word' id='word_1_159' title='bbox 246 1920 463 1996; x_wconf 85' lang='lat' dir='ltr'>dumenAxon,</span> <span class='ocrx_word' id='word_1_160' title='bbox 488 1921 625 2000; x_wconf 90' lang='lat' dir='ltr'>oppidum</span> <span class='ocrx_word' id='word_1_161' title='bbox 643 1918 778 1996; x_wconf 79' lang='lat' dir='ltr'>Calynda.</span> <span class='ocrx_word' id='word_1_162' title='bbox 828 1921 877 1982; x_wconf 83' lang='lat'>28.</span> <span class='ocrx_word' id='word_1_163' title='bbox 906 1921 1004 1981; x_wconf 88' lang='lat' dir='ltr'>Amnis</span> <span class='ocrx_word' id='word_1_164' title='bbox 1020 1920 1105 1982; x_wconf 92' lang='lat' dir='ltr'>Indus</span> 
     </span>
     <span class='ocr_line' id='line_1_22' title="bbox 120 1996 1224 2083; baseline -0.001 -19"><span class='ocrx_word' id='word_1_165' title='bbox 120 2008 149 2066; x_wconf 89' lang='lat' dir='ltr'>in</span> <span class='ocrx_word' id='word_1_166' title='bbox 164 2003 360 2080; x_wconf 75' lang='lat' dir='ltr'>Cibyratarum</span> <span class='ocrx_word' id='word_1_167' title='bbox 381 2006 454 2080; x_wconf 91' lang='lat' dir='ltr'>iugis</span> <span class='ocrx_word' id='word_1_168' title='bbox 470 2013 549 2064; x_wconf 88' lang='lat' dir='ltr'>ortus</span> <span class='ocrx_word' id='word_1_169' title='bbox 565 2005 670 2082; x_wconf 90' lang='lat' dir='ltr'>recipit</span> <span class='ocrx_word' id='word_1_170' title='bbox 684 2003 734 2063; x_wconf 94' lang='lat' dir='ltr'>LX</span> <span class='ocrx_word' id='word_1_171' title='bbox 749 2006 885 2083; x_wconf 90' lang='lat' dir='ltr'>perennis</span> <span class='ocrx_word' id='word_1_172' title='bbox 901 1996 1023 2082; x_wconf 75' lang='lat' dir='ltr'>fluuios,</span> <span class='ocrx_word' id='word_1_173' title='bbox 1047 2014 1104 2063; x_wconf 87' lang='lat' dir='ltr'>tor·</span> <span class='ocrx_word' id='word_1_174' title='bbox 1221 2005 1224 2012; x_wconf 82' lang='grc'><em>’</em></span> 
     </span>
     <span class='ocr_line' id='line_1_23' title="bbox 119 2084 1147 2165; baseline 0.001 -16"><span class='ocrx_word' id='word_1_175' title='bbox 119 2091 207 2149; x_wconf 87' lang='lat' dir='ltr'>rectis</span> <span class='ocrx_word' id='word_1_176' title='bbox 220 2106 291 2148; x_wconf 88' lang='lat' dir='ltr'>vero</span> <span class='ocrx_word' id='word_1_177' title='bbox 306 2087 426 2165; x_wconf 88' lang='lat' dir='ltr'>amplius</span> <span class='ocrx_word' id='word_1_178' title='bbox 441 2084 473 2146; x_wconf 91' lang='lat' dir='ltr'>C.</span> <span class='ocrx_word' id='word_1_179' title='bbox 504 2087 639 2165; x_wconf 92' lang='lat' dir='ltr'>oppidum</span> <span class='ocrx_word' id='word_1_180' title='bbox 662 2084 774 2145; x_wconf 89' lang='lat' dir='ltr'>Caunos</span> <span class='ocrx_word' id='word_1_181' title='bbox 792 2086 922 2162; x_wconf 90' lang='lat' dir='ltr'>liberum,</span> <span class='ocrx_word' id='word_1_182' title='bbox 941 2088 1006 2146; x_wconf 91' lang='lat' dir='ltr'>dein</span> <span class='ocrx_word' id='word_1_183' title='bbox 1021 2085 1147 2162; x_wconf 69' lang='lat' dir='ltr'>Pyr-104</span> 
     </span>
     <span class='ocr_line' id='line_1_24' title="bbox 119 2163 1102 2253; baseline -0.005 -20"><span class='ocrx_word' id='word_1_184' title='bbox 119 2190 181 2233; x_wconf 90' lang='lat' dir='ltr'>nos.</span> <span class='ocrx_word' id='word_1_185' title='bbox 213 2180 312 2253; x_wconf 84' lang='lat' dir='ltr'>portus</span> <span class='ocrx_word' id='word_1_186' title='bbox 328 2170 451 2244; x_wconf 88' lang='lat' dir='ltr'>Cressa,</span> <span class='ocrx_word' id='word_1_187' title='bbox 467 2187 484 2228; x_wconf 93' lang='lat' dir='ltr'>a</span> <span class='ocrx_word' id='word_1_188' title='bbox 502 2163 558 2248; x_wconf 76' lang='lat' dir='ltr'>q&#39;uo</span> <span class='ocrx_word' id='word_1_189' title='bbox 574 2169 692 2228; x_wconf 85' lang='lat' dir='ltr'>Rhodus</span> <span class='ocrx_word' id='word_1_190' title='bbox 708 2167 919 2228; x_wconf 84' lang='lat' dir='ltr'>insulaXXhl.</span> <span class='ocrx_word' id='word_1_191' title='bbox 951 2170 1033 2229; x_wconf 91' lang='lat' dir='ltr'>locus</span> <span class='ocrx_word' id='word_1_192' title='bbox 1049 2169 1102 2228; x_wconf 90' lang='lat' dir='ltr'>Lo·</span> 
     </span>
     <span class='ocr_line' id='line_1_25' title="bbox 119 2249 1103 2334; baseline -0.004 -18"><span class='ocrx_word' id='word_1_193' title='bbox 119 2274 213 2333; x_wconf 92' lang='lat' dir='ltr'>ryma,</span> <span class='ocrx_word' id='word_1_194' title='bbox 230 2255 336 2334; x_wconf 93' lang='lat' dir='ltr'>oppida</span> <span class='ocrx_word' id='word_1_195' title='bbox 352 2254 500 2327; x_wconf 79' lang='lat' dir='ltr'>Tisanusa,</span> <span class='ocrx_word' id='word_1_196' title='bbox 516 2251 665 2327; x_wconf 90' lang='lat' dir='ltr'>Paridion,</span> <span class='ocrx_word' id='word_1_197' title='bbox 682 2249 830 2329; x_wconf 84' lang='lat' dir='ltr'>Larymna,</span> <span class='ocrx_word' id='word_1_198' title='bbox 848 2255 924 2312; x_wconf 91' lang='lat' dir='ltr'>sinus</span> <span class='ocrx_word' id='word_1_199' title='bbox 941 2251 1103 2328; x_wconf 87' lang='lat' dir='ltr'>Thymnias,</span> 
     </span>
    </p>

    <p class='ocr_par' dir='ltr' id='par_1_8' title="bbox 84 2335 1104 2500">
     <span class='ocr_line' id='line_1_26' title="bbox 84 2335 1102 2419; baseline -0.004 -21"><span class='ocrx_word' id='word_1_200' title='bbox 84 2341 343 2419; x_wconf 83' lang='lat' dir='ltr'>aspromontorium</span> <span class='ocrx_word' id='word_1_201' title='bbox 355 2336 560 2416; x_wconf 90' lang='lat' dir='ltr'>Aphrodisias,</span> <span class='ocrx_word' id='word_1_202' title='bbox 578 2335 714 2415; x_wconf 90' lang='lat' dir='ltr'>oppidum</span> <span class='ocrx_word' id='word_1_203' title='bbox 729 2335 827 2412; x_wconf 89' lang='lat' dir='ltr'>Hyda,</span> <span class='ocrx_word' id='word_1_204' title='bbox 847 2337 924 2396; x_wconf 91' lang='lat' dir='ltr'>sinus</span> <span class='ocrx_word' id='word_1_205' title='bbox 942 2335 1102 2411; x_wconf 89' lang='lat' dir='ltr'>Schoenus,</span> 
     </span>
     <span class='ocr_line' id='line_1_27' title="bbox 119 2414 1104 2500; baseline -0.006 -16"><span class='ocrx_word' id='word_1_206' title='bbox 119 2425 202 2500; x_wconf 90' lang='lat' dir='ltr'>regio</span> <span class='ocrx_word' id='word_1_207' title='bbox 223 2422 362 2482; x_wconf 91' lang='lat' dir='ltr'>Bubasus.</span> <span class='ocrx_word' id='word_1_208' title='bbox 398 2420 534 2500; x_wconf 90' lang='lat' dir='ltr'>oppidum</span> <span class='ocrx_word' id='word_1_209' title='bbox 554 2420 607 2480; x_wconf 85' lang='lat' dir='ltr'>init</span> <span class='ocrx_word' id='word_1_210' title='bbox 623 2418 785 2495; x_wconf 83' lang='lat' dir='ltr'>Acanthus,</span> <span class='ocrx_word' id='word_1_211' title='bbox 807 2421 862 2480; x_wconf 95' lang='lat' dir='ltr'>alio</span> <span class='ocrx_word' id='word_1_212' title='bbox 884 2421 995 2481; x_wconf 90' lang='lat' dir='ltr'>nomine</span> <span class='ocrx_word' id='word_1_213' title='bbox 1014 2414 1104 2479; x_wconf 90' lang='lat' dir='ltr'>Dulo-</span> 
     </span>
    </p>

    <p class='ocr_par' dir='ltr' id='par_1_9' title="bbox 16 2501 1144 2750">
     <span class='ocr_line' id='line_1_28' title="bbox 16 2501 1102 2586; baseline -0.003 -19"><span class='ocrx_word' id='word_1_214' title='bbox 16 2548 17 2551; x_wconf 63' lang='lat'>,</span> <span class='ocrx_word' id='word_1_215' title='bbox 119 2507 205 2586; x_wconf 91' lang='lat' dir='ltr'>polis.</span> <span class='ocrx_word' id='word_1_216' title='bbox 242 2507 335 2566; x_wconf 88' lang='lat' dir='ltr'>estin</span> <span class='ocrx_word' id='word_1_217' title='bbox 356 2506 551 2584; x_wconf 88' lang='lat' dir='ltr'>promontorio</span> <span class='ocrx_word' id='word_1_218' title='bbox 566 2501 673 2564; x_wconf 92' lang='lat' dir='ltr'>Cnidos</span> <span class='ocrx_word' id='word_1_219' title='bbox 686 2504 791 2582; x_wconf 88' lang='lat' dir='ltr'>libera,</span> <span class='ocrx_word' id='word_1_220' title='bbox 816 2504 947 2584; x_wconf 89' lang='lat' dir='ltr'>Triopia,</span> <span class='ocrx_word' id='word_1_221' title='bbox 969 2503 1035 2564; x_wconf 92' lang='lat' dir='ltr'>dein</span> <span class='ocrx_word' id='word_1_222' title='bbox 1051 2503 1102 2564; x_wconf 89' lang='lat' dir='ltr'>Pe·</span> 
     </span>
     <span class='ocr_line' id='line_1_29' title="bbox 118 2587 1144 2668; baseline 0.001 -18"><span class='ocrx_word' id='word_1_223' title='bbox 118 2607 189 2668; x_wconf 89' lang='lat' dir='ltr'>gusa</span> <span class='ocrx_word' id='word_1_224' title='bbox 214 2598 245 2648; x_wconf 90' lang='lat' dir='ltr'>et</span> <span class='ocrx_word' id='word_1_225' title='bbox 260 2590 357 2650; x_wconf 87' lang='lat' dir='ltr'>Stadia</span> <span class='ocrx_word' id='word_1_226' title='bbox 376 2587 531 2668; x_wconf 91' lang='lat' dir='ltr'>appellata.</span> <span class='ocrx_word' id='word_1_227' title='bbox 571 2587 617 2647; x_wconf 94' lang='lat' dir='ltr'>Ab</span> <span class='ocrx_word' id='word_1_228' title='bbox 640 2605 675 2648; x_wconf 90' lang='lat' dir='ltr'>ea</span> <span class='ocrx_word' id='word_1_229' title='bbox 691 2587 777 2649; x_wconf 90' lang='lat' dir='ltr'>Doris</span> <span class='ocrx_word' id='word_1_230' title='bbox 796 2589 903 2667; x_wconf 90' lang='lat' dir='ltr'>incipit.</span> <span class='ocrx_word' id='word_1_231' title='bbox 939 2587 992 2648; x_wconf 87' lang='lat' dir='ltr'>sed</span> <span class='ocrx_word' id='word_1_232' title='bbox 1007 2589 1144 2666; x_wconf 83' lang='lat' dir='ltr'>prius105</span> 
     </span>
     <span class='ocr_line' id='line_1_30' title="bbox 118 2669 1104 2750; baseline -0.004 -16"><span class='ocrx_word' id='word_1_233' title='bbox 118 2681 242 2750; x_wconf 81' lang='lat' dir='ltr'>tergaet</span> <span class='ocrx_word' id='word_1_234' title='bbox 255 2673 477 2733; x_wconf 88' lang='lat' dir='ltr'>mediterraneas</span> <span class='ocrx_word' id='word_1_235' title='bbox 487 2670 696 2732; x_wconf 87' lang='lat' dir='ltr'>iurisdictiones</span> <span class='ocrx_word' id='word_1_236' title='bbox 708 2671 849 2731; x_wconf 89' lang='lat' dir='ltr'>indicasse</span> <span class='ocrx_word' id='word_1_237' title='bbox 862 2672 1020 2731; x_wconf 89' lang='lat' dir='ltr'>conveniat.</span> <span class='ocrx_word' id='word_1_238' title='bbox 1042 2669 1104 2730; x_wconf 90' lang='lat' dir='ltr'>Una</span> 
     </span>
    </p>

    <p class='ocr_par' dir='ltr' id='par_1_10' title="bbox 84 2752 1151 3166">
     <span class='ocr_line' id='line_1_31' title="bbox 84 2752 1103 2835; baseline -0.003 -19"><span class='ocrx_word' id='word_1_239' title='bbox 84 2756 282 2835; x_wconf 80' lang='lat' dir='ltr'>coappellatur</span> <span class='ocrx_word' id='word_1_240' title='bbox 297 2754 467 2830; x_wconf 89' lang='lat' dir='ltr'>Cibyratica.</span> <span class='ocrx_word' id='word_1_241' title='bbox 496 2757 589 2833; x_wconf 90' lang='lat' dir='ltr'>ipsum</span> <span class='ocrx_word' id='word_1_242' title='bbox 604 2755 738 2833; x_wconf 92' lang='lat' dir='ltr'>oppidum</span> <span class='ocrx_word' id='word_1_243' title='bbox 753 2752 893 2830; x_wconf 87' lang='lat' dir='ltr'>Pbrygiae</span> <span class='ocrx_word' id='word_1_244' title='bbox 910 2761 963 2812; x_wconf 89' lang='lat' dir='ltr'>est.</span> <span class='ocrx_word' id='word_1_245' title='bbox 999 2771 1103 2813; x_wconf 84' lang='lat' dir='ltr'>conve·</span> 
     </span>
     <span class='ocr_line' id='line_1_32' title="bbox 119 2835 1103 2900; baseline -0.003 -1"><span class='ocrx_word' id='word_1_246' title='bbox 119 2842 196 2900; x_wconf 88' lang='lat' dir='ltr'>niunt</span> <span class='ocrx_word' id='word_1_247' title='bbox 210 2856 246 2899; x_wconf 92' lang='lat' dir='ltr'>eo</span> <span class='ocrx_word' id='word_1_248' title='bbox 261 2837 343 2899; x_wconf 86' lang='lat' dir='ltr'>XXV</span> <span class='ocrx_word' id='word_1_249' title='bbox 360 2840 490 2898; x_wconf 91' lang='lat' dir='ltr'>civitates</span> <span class='ocrx_word' id='word_1_250' title='bbox 505 2837 693 2896; x_wconf 88' lang='lat' dir='ltr'>celeberrima</span> <span class='ocrx_word' id='word_1_251' title='bbox 709 2836 779 2899; x_wconf 87' lang='lat' dir='ltr'>urbe</span> <span class='ocrx_word' id='word_1_252' title='bbox 795 2836 946 2897; x_wconf 89' lang='lat' dir='ltr'>Laodicea.</span> <span class='ocrx_word' id='word_1_253' title='bbox 988 2835 1038 2896; x_wconf 83' lang='lat'>29.</span> <span class='ocrx_word' id='word_1_254' title='bbox 1059 2835 1103 2896; x_wconf 91' lang='lat' dir='ltr'>In-</span> 
     </span>
     <span class='ocr_line' id='line_1_33' title="bbox 118 2916 1102 3001; baseline -0.005 -18"><span class='ocrx_word' id='word_1_255' title='bbox 118 2925 213 3001; x_wconf 90' lang='lat' dir='ltr'>posita</span> <span class='ocrx_word' id='word_1_256' title='bbox 228 2931 274 2983; x_wconf 85' lang='lat' dir='ltr'>est</span> <span class='ocrx_word' id='word_1_257' title='bbox 288 2921 367 2996; x_wconf 86' lang='lat' dir='ltr'>Lyco</span> <span class='ocrx_word' id='word_1_258' title='bbox 383 2921 503 2994; x_wconf 89' lang='lat' dir='ltr'>damini,</span> <span class='ocrx_word' id='word_1_259' title='bbox 524 2919 615 2980; x_wconf 88' lang='lat' dir='ltr'>latera</span> <span class='ocrx_word' id='word_1_260' title='bbox 633 2917 814 2983; x_wconf 87' lang='lat' dir='ltr'>adluentibus.</span> <span class='ocrx_word' id='word_1_261' title='bbox 826 2919 927 2996; x_wconf 81' lang='lat' dir='ltr'>Asopo</span> <span class='ocrx_word' id='word_1_262' title='bbox 952 2927 980 2978; x_wconf 87' lang='lat' dir='ltr'>et</span> <span class='ocrx_word' id='word_1_263' title='bbox 996 2916 1102 2997; x_wconf 85' lang='lat' dir='ltr'>Capro,</span> 
     </span>
     <span class='ocr_line' id='line_1_34' title="bbox 119 3000 1151 3086; baseline -0.005 -20"><span class='ocrx_word' id='word_1_264' title='bbox 119 3004 265 3086; x_wconf 91' lang='lat' dir='ltr'>appellata</span> <span class='ocrx_word' id='word_1_265' title='bbox 279 3006 370 3083; x_wconf 92' lang='lat' dir='ltr'>primo</span> <span class='ocrx_word' id='word_1_266' title='bbox 387 3000 553 3082; x_wconf 83' lang='lat' dir='ltr'>Diospolis,</span> <span class='ocrx_word' id='word_1_267' title='bbox 574 3004 641 3063; x_wconf 89' lang='lat' dir='ltr'>dein</span> <span class='ocrx_word' id='word_1_268' title='bbox 655 3001 762 3062; x_wconf 89' lang='lat' dir='ltr'>Rhoas.</span> <span class='ocrx_word' id='word_1_269' title='bbox 809 3002 913 3080; x_wconf 89' lang='lat' dir='ltr'>reliqui</span> <span class='ocrx_word' id='word_1_270' title='bbox 933 3003 962 3061; x_wconf 92' lang='lat' dir='ltr'>in</span> <span class='ocrx_word' id='word_1_271' title='bbox 984 3019 1020 3062; x_wconf 92' lang='lat' dir='ltr'>eo</span> <span class='ocrx_word' id='word_1_272' title='bbox 1036 3019 1102 3061; x_wconf 91' lang='lat' dir='ltr'>con·</span> <span class='ocrx_word' id='word_1_273' title='bbox 1140 3059 1151 3070; x_wconf 65' lang='grc'>,</span> 
     </span>
     <span class='ocr_line' id='line_1_35' title="bbox 118 3083 1101 3166; baseline -0.002 -18"><span class='ocrx_word' id='word_1_274' title='bbox 118 3097 205 3148; x_wconf 82' lang='lat' dir='ltr'>ventu</span> <span class='ocrx_word' id='word_1_275' title='bbox 226 3105 299 3166; x_wconf 86' lang='lat' dir='ltr'>quos</span> <span class='ocrx_word' id='word_1_276' title='bbox 318 3090 464 3150; x_wconf 82' lang='lat' dir='ltr'>nominare</span> <span class='ocrx_word' id='word_1_277' title='bbox 494 3103 551 3146; x_wconf 91' lang='lat' dir='ltr'>non</span> <span class='ocrx_word' id='word_1_278' title='bbox 573 3088 673 3164; x_wconf 88' lang='lat' dir='ltr'>pigeat</span> <span class='ocrx_word' id='word_1_279' title='bbox 696 3084 877 3160; x_wconf 85' lang='lat' dir='ltr'>Hydrelitae,</span> <span class='ocrx_word' id='word_1_280' title='bbox 912 3083 1101 3160; x_wconf 86' lang='lat' dir='ltr'>Thimisones,</span> 
     </span>
    </p>

    <p class='ocr_par' dir='ltr' id='par_1_11' title="bbox 83 3168 1212 3498">
     <span class='ocr_line' id='line_1_36' title="bbox 83 3168 1212 3250; baseline -0.005 -16"><span class='ocrx_word' id='word_1_281' title='bbox 83 3171 324 3250; x_wconf 77' lang='lat' dir='ltr'>sallierapolitae.</span> <span class='ocrx_word' id='word_1_282' title='bbox 366 3170 450 3232; x_wconf 87' lang='lat' dir='ltr'>Alter</span> <span class='ocrx_word' id='word_1_283' title='bbox 475 3178 631 3230; x_wconf 86' lang='lat' dir='ltr'>conuentus</span> <span class='ocrx_word' id='word_1_284' title='bbox 654 3186 671 3228; x_wconf 94' lang='lat' dir='ltr'>a</span> <span class='ocrx_word' id='word_1_285' title='bbox 691 3168 823 3243; x_wconf 88' lang='lat' dir='ltr'>Synnade</span> <span class='ocrx_word' id='word_1_286' title='bbox 852 3171 964 3248; x_wconf 83' lang='lat' dir='ltr'>accepit</span> <span class='ocrx_word' id='word_1_287' title='bbox 988 3188 1100 3230; x_wconf 90' lang='lat' dir='ltr'>nomen.</span> <span class='ocrx_word' id='word_1_288' title='bbox 1203 3235 1212 3249; x_wconf 84' lang='lat'>.</span> 
     </span>
     <span class='ocr_line' id='line_1_37' title="bbox 120 3249 1101 3330; baseline -0.004 -15"><span class='ocrx_word' id='word_1_289' title='bbox 120 3257 290 3315; x_wconf 88' lang='lat' dir='ltr'>conveniunt</span> <span class='ocrx_word' id='word_1_290' title='bbox 304 3254 468 3329; x_wconf 85' lang='lat' dir='ltr'>Lycaones,</span> <span class='ocrx_word' id='word_1_291' title='bbox 483 3251 623 3330; x_wconf 91' lang='lat' dir='ltr'>Appiani,</span> <span class='ocrx_word' id='word_1_292' title='bbox 647 3249 789 3330; x_wconf 88' lang='lat' dir='ltr'>Corpeni,</span> <span class='ocrx_word' id='word_1_293' title='bbox 810 3251 965 3329; x_wconf 87' lang='lat' dir='ltr'>Dorylaei,</span> <span class='ocrx_word' id='word_1_294' title='bbox 987 3253 1101 3327; x_wconf 69' lang='lat' dir='ltr'>midaei,</span> 
     </span>
     <span class='ocr_line' id='line_1_38' title="bbox 119 3333 1143 3414; baseline 0.001 -17"><span class='ocrx_word' id='word_1_295' title='bbox 119 3337 275 3413; x_wconf 87' lang='lat' dir='ltr'>iulienses,</span> <span class='ocrx_word' id='word_1_296' title='bbox 291 3345 321 3397; x_wconf 92' lang='lat' dir='ltr'>et</span> <span class='ocrx_word' id='word_1_297' title='bbox 332 3335 435 3414; x_wconf 87' lang='lat' dir='ltr'>reliqui</span> <span class='ocrx_word' id='word_1_298' title='bbox 449 3334 592 3411; x_wconf 86' lang='lat' dir='ltr'>ignobiles</span> <span class='ocrx_word' id='word_1_299' title='bbox 603 3335 704 3414; x_wconf 88' lang='lat' dir='ltr'>populi</span> <span class='ocrx_word' id='word_1_300' title='bbox 717 3333 780 3394; x_wconf 89' lang='lat' dir='ltr'>XV.</span> <span class='ocrx_word' id='word_1_301' title='bbox 807 3335 920 3398; x_wconf 88' lang='lat' dir='ltr'>Tertius</span> <span class='ocrx_word' id='word_1_302' title='bbox 930 3335 1086 3414; x_wconf 89' lang='lat' dir='ltr'>Apameam</span> <span class='ocrx_word' id='word_1_303' title='bbox 1096 3343 1143 3398; x_wconf 82' lang='lat'>106</span> 
     </span>
     <span class='ocr_line' id='line_1_39' title="bbox 119 3415 1102 3498; baseline -0.005 -17"><span class='ocrx_word' id='word_1_304' title='bbox 119 3421 195 3481; x_wconf 84' lang='lat' dir='ltr'>vadit</span> <span class='ocrx_word' id='word_1_305' title='bbox 216 3429 281 3480; x_wconf 89' lang='lat' dir='ltr'>ante</span> <span class='ocrx_word' id='word_1_306' title='bbox 306 3419 478 3498; x_wconf 89' lang='lat' dir='ltr'>appellatam</span> <span class='ocrx_word' id='word_1_307' title='bbox 493 3415 651 3496; x_wconf 90' lang='lat' dir='ltr'>Celaenas,</span> <span class='ocrx_word' id='word_1_308' title='bbox 676 3418 749 3480; x_wconf 91' lang='lat' dir='ltr'>dein.</span> <span class='ocrx_word' id='word_1_309' title='bbox 763 3417 894 3480; x_wconf 89' lang='lat' dir='ltr'>Ciboton.</span> <span class='ocrx_word' id='word_1_310' title='bbox 935 3422 988 3478; x_wconf 87' lang='lat' dir='ltr'>sita</span> <span class='ocrx_word' id='word_1_311' title='bbox 1012 3426 1057 3477; x_wconf 91' lang='lat' dir='ltr'>est</span> <span class='ocrx_word' id='word_1_312' title='bbox 1075 3419 1102 3476; x_wconf 89' lang='lat' dir='ltr'>in</span> 
     </span>
    </p>
   </div>
   <div class='ocr_carea' id='block_1_3' title="bbox 0 0 1276 3842">
    <p class='ocr_par' dir='ltr' id='par_1_12' title="bbox 0 0 1276 3842">
     <span class='ocr_line' id='line_1_40' title="bbox 0 0 1276 3842; baseline 0 1"><span class='ocrx_word' id='word_1_313' title='bbox 0 0 1276 3842; x_wconf 95' lang='lat' dir='ltr'> </span> 
     </span>
    </p>
   </div>
  </div>
 </body>
</html>
