2542 3842
308 205 389 253 uun.
403 205 560 254 mmmm.
577 204 698 259 ns-to.
717 192 867 278 (to-as.)
1063 198 1123 261 153

121 369 170 419 tes
181 357 398 419 Acroceraunia
410 359 515 438 quibus
526 360 601 420 bunc
610 360 747 439 Europae
758 363 1008 425 determinavimus
1020 366 1119 425 sinum.
1132 382 1156 414 ⁰⁷

123 442 241 501 Oricum
256 461 274 503 a
290 443 439 503 Salentino
457 442 557 503 ltaliae
578 447 776 522 promontorio
792 446 878 506 distat
890 447 996 508 LXXX
1010 447 1039 507 Μ
1057 467 1122 527 pas-

123 543 214 585 suum.
430 577 435 582 .
1143 553 1154 565 ·

188 608 238 669 24.
264 609 347 687 (27.)
363 608 391 666 A
407 617 493 684 tergo
509 607 669 670 Carnorum
690 619 720 669 et
735 608 889 695 lapydum,
915 630 970 690 qua
992 630 1025 673 se
1047 615 1166 675 lert146

103 710 245 769 amagnus
260 691 368 764 Hister,
383 689 484 750 Raetis
502 694 655 769 iunguntur
668 693 778 753 Norici.
803 694 910 772 oppida
925 712 1024 755 eorum
1038 697 1122 757 Viru-

123 792 200 850 num,
218 774 335 850 Celeia,
353 774 493 850 Teurnia,
511 772 672 852 Aguntum,
688 776 886 853 Vianiomina,
905 775 1041 853 Claudia,
1057 778 1122 840 Fla·

123 859 200 917 vium
217 857 370 918 Solvense.
396 855 512 917 Noricis
527 858 680 935 iunguntur
695 860 776 919 lacus
791 861 888 936 Peiso,
905 861 1022 920 deserta
1038 861 1122 921 Boio·

123 959 195 1001 rum.
214 940 270 1000 iam
282 949 378 1001 tamen
393 940 508 1000 colonia
524 942 581 1001 divi
597 940 699 1002 Claudi
714 942 835 1003 Sabaria
850 953 880 1003 et
895 944 1003 1023 oppido
1019 945 1122 1004 Scara-

23 1020 25 1023 ’
124 1024 220 1083 bantia
236 1023 307 1083 lulia
322 1022 492 1083 habitantur.

88 1118 114 1158 10
180 1105 235 1166 Cb.
258 1104 342 1184 (28.)
364 1105 433 1165 lude
456 1106 618 1183 glandifera
641 1107 821 1185 Pannoniae,
846 1128 903 1189 qua
921 1110 1165 1176 mitescentium

123 1190 240 1267 Alpium
262 1191 328 1265 iuga
345 1206 400 1265 per
421 1190 544 1249 medium
561 1189 707 1263 Illyricum
729 1210 745 1251 a
769 1194 967 1269 septentrione
985 1193 1021 1252 ad
1037 1194 1122 1252 meri·

124 1272 202 1331 diem
220 1289 307 1330 versa
330 1272 411 1330 molli
434 1274 462 1330 in
485 1272 586 1332 dextra
605 1289 641 1331 ae
665 1272 749 1332 laeva
770 1275 936 1335 devexitate
961 1276 1120 1335 considunt.

125 1354 207 1427 Quae
222 1371 291 1432 pars
306 1354 341 1414 ad
359 1370 437 1413 mare
453 1354 648 1414 Hadriaticum
671 1365 785 1433 spectat
801 1358 966 1434 appellatur
978 1356 1120 1418 Delmatia
1235 1357 1240 1366 ’

124 1447 155 1497 et
169 1436 315 1512 Illyricum
328 1455 414 1515 supra
430 1438 544 1497 dictum.
571 1438 607 1497 ad
622 1442 837 1516 septentriones
849 1440 993 1500 Pannonia
1014 1442 1118 1516 vergit.
1131 1464 1164 1499 m

90 1529 115 1569 ¹⁵
125 1522 220 1581 linitur
235 1520 301 1579 inde
317 1520 457 1579 Danuvio.
488 1520 519 1580 ln
536 1540 574 1587 ea
586 1521 719 1581 coloniae
735 1522 875 1598 Acmona,
891 1526 993 1585 Siscia.
1024 1542 1123 1583 amnes

126 1604 197 1664 clari
225 1613 254 1663 et
278 1603 458 1679 navigabiles
486 1606 514 1663 in
536 1604 695 1665 Danuvium
727 1605 854 1664 delinunt
875 1605 969 1665 Draus
996 1624 1013 1664 e
1037 1605 1122 1665 Nori-

126 1688 170 1745 cis
184 1687 354 1761 violentior,
376 1688 450 1745 Saus
466 1706 504 1747 ex
518 1687 643 1767 Alpibus
665 1684 795 1747 Cornicis
816 1688 974 1766 placidior,
1000 1686 1079 1747 CXX
1093 1685 1123 1747 Μ

125 1787 204 1847 pass.
229 1769 393 1843 intervallo,
409 1768 503 1829 Draus
518 1786 572 1848 per
586 1771 733 1846 Serretes,
749 1772 937 1850 Serrapillos,
953 1770 1047 1846 lesos,
1062 1771 1121 1830 An·
1227 1782 1231 1787 ’

126 1852 254 1928 dinetes,
277 1854 350 1911 Saus
365 1869 420 1930 per
436 1848 611 1930 Colapianos
636 1853 835 1932 Breucosque.
859 1855 1031 1932 populorum
1046 1855 1121 1914 haec

4 2004 5 2009 η
88 1946 116 1985 20
128 1936 231 2013 capita.
248 1944 401 2013 praeterea
413 1935 558 2011 Arivates,
575 1936 658 1995 Azali
670 1937 822 2012 Amantini,
834 1937 975 2013 Belgites,
992 1935 1099 2013 Catari,
1112 1945 1163 2000 148

128 2016 316 2093 Cornacates,
332 2017 474 2094 Eravisci,
490 2017 691 2093 Hercuniates,
708 2020 850 2093 Latoviei,
867 2020 1033 2094 Oseriates,
1049 2020 1121 2079 Var-

128 2102 219 2175 ciani,
241 2118 323 2160 mons
345 2098 498 2175 Claudius,
522 2104 602 2161 cuius
626 2104 655 2159 in
679 2102 774 2160 fronte
798 2101 962 2176 Scordisci,
985 2102 1013 2159 in
1035 2111 1121 2176 tergo

127 2182 266 2243 Taurisci.
298 2184 388 2243 insula
414 2184 443 2241 ln
468 2184 544 2241 Savo
571 2182 759 2257 Metubarris,
787 2185 957 2242 amnicarum
980 2199 1120 2241 maxuma.

126 2264 283 2325 Praeterea
299 2283 398 2324 amnes
413 2265 588 2325 memorandi
605 2262 734 2341 Colapis.
763 2266 792 2323 in
806 2266 892 2324 Saum
907 2265 1029 2323 induens
1044 2265 1121 2323 iuxta

89 2357 117 2395 2⁵
128 2349 250 2406 Sisciam
270 2349 385 2425 gemino
407 2348 492 2407 alveo
514 2346 633 2407 insulam
650 2347 689 2405 ibi
707 2348 795 2407 eflicit
811 2365 884 2425 quae
902 2348 1055 2423 Segestica
1071 2363 1120 2424 ap·

126 2430 262 2508 pellatur.
279 2432 354 2490 alter
368 2432 457 2489 amnis
471 2429 624 2489 Bacuntius
640 2432 668 2489 in
682 2431 768 2491 Saum
780 2431 883 2490 Sirmio
897 2430 1005 2507 oppido
1020 2428 1120 2503 influit,

127 2512 175 2571 ubi
193 2514 293 2572 civitas
308 2514 503 2573 Sirmiensium
524 2522 553 2573 et
568 2513 791 2573 Amantinorum.
824 2514 890 2571 inde
907 2512 983 2571 xtv
998 2510 1027 2570 Μ
1041 2530 1119 2589 pass.

128 2594 306 2671 Taurunum,
335 2594 382 2654 ubi
398 2594 529 2669 Danuvio
549 2596 687 2655 miscetur
701 2598 784 2656 Saus.
814 2614 901 2675 supra
922 2595 1039 2655 iuduunt
1052 2594 1120 2653 Val-

128 2677 224 2751 dasus,
241 2678 384 2754 Urpanus,
401 2686 430 2735 et
444 2680 501 2755 ipsi
515 2695 572 2737 non
586 2678 741 2754 ignobiles.
953 2730 956 2735 .

91 2775 119 2817 oo
188 2758 238 2819 26.
256 2760 338 2839 (29.)
354 2759 516 2820 Pannoniae
532 2762 656 2837 iungitur
670 2760 819 2838 provincia
835 2775 909 2834 quae
924 2755 1037 2816 blocsia
1052 2766 1164 2834 ap·149

130 2841 263 2919 pellatur,
283 2844 318 2901 ad
333 2842 452 2901 Pontum
467 2860 559 2919 usque
575 2862 638 2902 cum
652 2844 783 2902 Danuvio
799 2842 966 2901 decurrens.
992 2840 1090 2915 incipit
1106 2855 1122 2898 a
1218 2904 1222 2912 ,

129 2923 292 2983 confluente
315 2924 507 3001 supradicto.
538 2926 622 2983 inea
645 2923 787 2996 Dardani,
813 2920 966 2996 Celegeri,
991 2919 1121 2994 Triballi,

129 3005 267 3081 Timachi,
285 3004 394 3081 lloesi,
414 3006 543 3066 Thraces
559 3007 710 3083 Pontoque
726 3003 894 3064 contermini
909 3002 1045 3077 Scythae.
1071 3002 1122 3060 liu-

129 3090 203 3147 mina
219 3088 298 3147 clara
314 3106 330 3146 e
347 3086 489 3147 Dardanis
504 3088 611 3163 llargis
628 3089 734 3163 Pingos
751 3086 913 3161 Timaebus,
931 3104 967 3144 ex
979 3084 1122 3161 Rhodope

94 3169 255 3245 sanemus,
273 3188 312 3229 ex
328 3170 437 3229 Haemo
454 3168 536 3243 Utus,
553 3170 686 3245 Asamus,
704 3168 826 3229 leterus.
857 3167 966 3241 lllyrici
983 3166 1101 3225 latitudo
1114 3176 1165 3230 150

130 3270 187 3329 qua
201 3270 332 3311 maxuma
348 3260 393 3310 est
414 3248 570 3310 CCCXXV
587 3250 616 3309 Μ
637 3268 772 3327 passuum
789 3250 917 3326 colligit,
940 3249 1089 3326 longitudo
1106 3265 1123 3306 a

129 3335 245 3394 flumine
261 3335 347 3394 Arsia
365 3334 400 3392 ad
413 3332 517 3391 flumen
531 3333 658 3392 Drinium
676 3330 779 3393 DCCC
794 3331 838 3406 bi,
857 3350 873 3391 a
888 3332 988 3391 Drinio
1004 3332 1040 3389 ad
1056 3344 1122 3406 pro-

129 3419 300 3479 montorium
315 3416 562 3477 Acroceraunium
579 3414 710 3478 CLXXII
721 3415 751 3475 Μ
763 3414 895 3497 Agrippa
911 3413 1045 3494 prodidit,
1062 3412 1122 3470 uni·
