2542 3842
161 142 180 205 8
509 152 539 201 c.
554 154 814 203 numerosum

161 311 235 369 inter
250 308 384 386 exempla
399 310 428 367 in
439 318 550 369 uterum
566 310 695 387 protinus
710 327 848 369 reversae
857 310 955 370 'inians
966 311 1085 389 Sagumi
1100 332 1156 393 que

162 410 235 453 anuo
251 392 348 451 deleto
363 392 399 452 ah
413 392 572 453 Hannibale
587 402 642 453 est.

118 489 153 543 36
220 478 251 535 4.
275 474 321 535 llx
336 476 448 546 femiuis
460 477 561 538 mutari
572 478 698 537 monade
709 494 766 535 uon
778 485 824 536 est
834 476 1007 537 fabulosum.
1022 515 1065 527 -ψ
1075 482 1156 545 inve·

161 562 251 621 nimus
265 562 294 620 io
309 560 457 620 annalibus
473 560 503 619 P.
516 560 626 620 hieiuio
642 559 749 619 Crasso
768 558 801 619 G.
814 558 917 621 Cassia
932 561 1062 640 Longino
1079 582 1155 627 eura.

161 643 258 707 Casini
278 662 399 723 puerum
419 645 526 705 laetum
548 662 587 705 ex
606 645 719 721 virgine
740 644 793 705 suh
815 645 997 722 pareatibus,
1020 648 1097 710 iussu
1120 666 1178 711 uee

159 729 342 807 haruspicum
364 728 546 806 deportatum
568 730 597 787 iu
615 728 736 789 insulam
750 728 904 789 desertam.
946 729 1072 791 rhieiuius
1143 766 1155 782 .-

160 814 259 873 oisnus
282 812 408 890 prodidit
433 813 524 871 visum
546 830 562 871 a
586 829 620 871 se
643 811 731 888 Argis
751 811 957 889 Areseoutem
986 818 1031 875 eui
1054 834 1156 878 nomen

159 895 324 957 Areseusae
339 896 445 970 luisse,
459 896 593 973 nupsisse
609 896 710 971 etiam,
732 912 799 955 mor
814 895 933 957 horbam
949 904 978 957 et
994 900 1155 963 virilitatem

158 982 330 1059 provenisse
349 996 529 1057 uxoremque
550 980 677 1039 duxisse.
710 979 838 1040 eiusdem
860 984 947 1041 sortis
969 992 998 1043 et
1016 983 1155 1059 Zmyrnae
1187 1043 1194 1049 ,

160 1082 278 1144 puerum
297 1082 314 1123 a
335 1082 368 1122 se
387 1065 487 1123 visum.
523 1065 633 1142 ipsein
652 1062 752 1123 hiriea
770 1064 831 1123 'vidi
846 1074 980 1127 mutatum
1000 1068 1029 1126 iu
1047 1084 1188 1129 murenam

117 1158 150 1213 37
158 1151 317 1227 nuptiarum
341 1148 387 1207 die
405 1146 436 1207 h.
456 1145 618 1209 Cossitium
641 1149 733 1209 nivem
750 1147 978 1223 Thysdritanum.
999 1184 1041 1200 -···
1070 1154 1152 1215 editis

158 1235 279 1311 geminis
294 1250 387 1297 raram
402 1249 471 1293 esse
486 1242 534 1293 aut
548 1250 711 1311 puerperae
723 1241 769 1292 aut
780 1235 937 1311 puer-penio
953 1245 1153 1317 praeterquam

158 1318 241 1379 alteri
255 1319 350 1378 vitam.
381 1318 491 1377 sivero
505 1319 655 1395 utriusque
671 1334 759 1375 sexus
775 1316 844 1377 editi
859 1319 913 1377 sint
926 1321 1049 1397 gemini,
1064 1324 1152 1383 raum

157 1420 218 1462 rem
241 1402 354 1479 utrique
377 1400 509 1460 salutem.
554 1401 674 1461 lemiuas
695 1400 822 1461 celerius
841 1404 920 1479 gigni
946 1420 1029 1479 quam
1055 1408 1151 1479 moris,
1253 1480 1254 1483 Ἴ

157 1486 241 1547 sicuti
257 1484 382 1543 eelerius
396 1502 566 1544 senescere.
597 1485 712 1562 saepius
728 1484 756 1543 in
770 1494 853 1544 utero
875 1488 1102 1565 moverimus,
1125 1498 1153 1549 et
1164 1510 1190 1551 ru
1253 1500 1254 1571 l

156 1571 185 1628 iu
199 1568 318 1627 dextera
334 1568 398 1626 iere
415 1569 479 1644 geri
494 1577 593 1645 parte,
616 1570 645 1627 iu
660 1568 745 1627 laeva·
760 1567 890 1629 femina-s.
1253 1584 1254 1601 ¹

114 1662 149 1716 38
217 1651 246 1709 5.
264 1651 326 1729 (4.)
359 1649 473 1710 Ceteris
488 1650 675 1711 animantibus
696 1660 798 1711 statum
814 1662 845 1711 et
857 1654 987 1730 pariendi
1010 1664 1039 1715 et
1055 1666 1152 1734 partus
1253 1688 1254 1697 κ

155 1734 276 1811 gerendi
290 1743 402 1813 tempus
414 1742 469 1810 est,
485 1734 571 1793 homo
582 1744 645 1794 toto
658 1750 732 1795 anuo
747 1744 776 1795 et
784 1738 895 1795 incerto
906 1736 1033 1813 gignitur
1044 1742 1152 1815 spatio,

156 1818 228 1877 alius
242 1826 374 1895 septumo
389 1834 507 1893 mense,
528 1819 602 1877 alius
617 1828 723 1879 octavo
741 1828 770 1877 et
783 1836 875 1896 usque
895 1820 930 1879 ad
946 1820 1024 1880 initia
1038 1822 1152 1883 deoumi

154 1900 363 1979 undecimique.
406 1910 472 1961 aute
493 1911 653 1981 septumum
672 1920 800 1961 mensem
818 1902 885 1961 haut
904 1921 1036 1981 nmquam
1054 1906 1151 1965 vitalis
1165 1926 1193 1967 ss

157 1994 226 2044 est·
246 1994 378 2065 septumo
393 2003 451 2046 unu
472 1989 526 2047 nisi
541 1987 634 2065 pridie
650 1995 809 2065 posterove
830 1986 967 2065 pleniluni
982 1989 1030 2049 die
1048 1997 1097 2049 aut
1110 1991 1152 2048 in·
1253 2044 1254 2055 ,

112 2070 279 2135 soterluuio
300 2071 435 2150 oouoepti
455 2081 618 2133 naseuntur.
663 2071 827 2134 tralatitiurn
847 2073 876 2131 in
896 2071 1033 2150 Aegypto
1056 2082 1101 2131 ost
1122 2083 1153 2133 ot

154 2164 259 2215 octavo
274 2157 362 2234 gigni.
392 2159 448 2217 iam
462 2156 578 2235 quidem
591 2166 622 2216 et
636 2158 665 2215 in
677 2155 761 2217 ltalia
779 2156 845 2215 talis
860 2164 956 2235 partus
974 2174 1040 2216 esse
1056 2156 1151 2216 vitalia

154 2250 255 2300 eontra
277 2244 439 2321 priscorum
453 2242 625 2318 opiniones.
663 2242 773 2300 uariant
793 2240 866 2299 haee
891 2240 1021 2318 pluribus
1047 2241 1149 2301 modis.

152 2322 265 2385 Vistilia
280 2322 314 2381 C.
330 2323 390 2382 liei
404 2339 439 2383 ae
455 2334 558 2401 postea
575 2324 717 2401 Pomponi
730 2334 816 2401 atque
832 2322 913 2382 Orilti
930 2324 1149 2385 clarissimorum
1159 2340 1189 2381 aa

155 2409 257 2468 civium
274 2407 380 2465 oouinx
397 2424 435 2464 ex
446 2404 492 2465 his
506 2415 641 2484 quattuor
657 2416 753 2485 partus
769 2408 870 2483 enixa,
887 2418 1020 2486 neptumo
1034 2424 1150 2486 semper
1182 2474 1188 2483 ¹
1253 2478 1254 2491 χ

153 2507 269 2561 mense,
293 2487 393 2565 genuit
414 2490 544 2549 Suillium
569 2490 674 2549 linium
697 2491 865 2566 undecimo,
890 2488 1086 2565 Corbulonem
1101 2508 1148 2550 se·

153 2584 266 2653 ptumo,
285 2569 437 2651 utrumque
454 2574 620 2648 consulem,
638 2583 742 2653 postea
755 2572 929 2635 'Caesoniam
945 2575 996 2637 Gai
1011 2576 1150 2654 principis

110 2658 304 2734 loconiugem
323 2666 438 2718 oetavo.
475 2656 508 2717 ln
522 2674 581 2735 quo
594 2676 724 2717 mensum
739 2674 856 2719 numero
869 2660 975 2737 genitis
991 2662 1063 2719 intra
1080 2677 1149 2738 qua·

153 2741 342 2818 dragesimum
357 2742 432 2802 diem
447 2758 595 2803 maxumus
612 2742 711 2816 labor,
734 2742 861 2819 gravidis
879 2754 975 2804 autem
995 2750 1097 2821 quarto
1119 2752 1187 2803 etro

152 2832 258 2885 octavo
271 2845 387 2901 meuse,
405 2827 569 2906 letalesque
581 2829 609 2887 in
625 2828 660 2886 iis
676 2826 804 2887 abortus.
833 2826 975 2893 Masurius
988 2835 1090 2887 auster
1104 2835 1150 2885 est

31 2962 42 2973 ,
152 2906 183 2967 h.
199 2908 342 2989 Papirium
356 2920 521 2989 praetorem
536 2912 666 2971 seeundo
681 2907 791 2973 herede
804 2912 872 2989 lege
889 2920 993 2989 agente
1008 2910 1150 2971 lenitum

152 2996 368 3070 possessiouem
383 3005 484 3057 eontra
501 3014 566 3055 eum
579 2995 712 3073 dedisse,
730 3014 793 3057 eunt
802 3005 892 3055 mater
908 3004 1149 3074 parternum-11
1253 3068 1254 3077 ἦ

151 3078 297 3137 mensibus
325 3079 437 3139 diceret
463 3081 585 3156 tulisse,
613 3084 747 3161 quoniam
768 3081 874 3141 nullum
898 3088 1007 3139 eertum
1034 3083 1148 3158 tempus

152 3161 283 3239 pariendi
300 3170 403 3221 statum
418 3165 575 3225 videretur.
1158 3176 1187 3219 ³⁵
1253 3166 1254 3245 p

108 3252 142 3307 ll
213 3244 242 3305 6.
260 3245 379 3324 (oth
401 3258 546 3325 eoneeptu
561 3248 683 3308 deonmo
705 3249 752 3308 die
769 3250 887 3308 dolores
905 3250 1023 3327 eapitis,
1045 3249 1148 3308 oeulo-
1253 3252 1254 3271 ³

151 3344 212 3385 rum
233 3325 391 3405 vertigines
411 3331 793 3408 tenebraeque„lastidiurn
816 3333 843 3391 in
865 3332 956 3407 olbis,
976 3331 1150 3393 redundatio

151 3412 290 3471 stomachi
307 3412 416 3472 iudices
436 3423 501 3472 eunt
516 3414 637 3487 hominis
652 3414 787 3481 inehoati.
820 3416 927 3487 melior,
945 3414 1026 3475 noles
1040 3432 1150 3481 marem
