2542 3842
151 136 192 198 20
498 144 529 192 c.
545 145 641 195 annu
653 143 804 192 suenum

150 302 287 380 suffragia
301 299 390 362 babet
405 300 535 361 centiens
550 300 661 359 uiciens
677 300 847 379 proeliatus,
864 302 976 359 octiens
993 320 1030 359 ex
1045 320 1149 379 provo-

151 387 264 450 catione
280 386 386 461 victor,
402 382 733 463 quadragintaquinque
748 384 931 446 cicatricibus
947 385 1071 445 adverso
1088 404 1149 447 cor·

109 482 243 549 loapore
262 468 399 546 insignis,
422 467 502 528 nulla
518 469 550 527 ‘iu
571 476 667 544 tergo.
699 468 775 527 idem
798 468 891 545 spolia
911 470 988 547 cepit
1010 483 1149 545 xxxml,

149 555 271 615 donatus
286 553 376 613 lrastis
387 555 466 633 puris
482 552 689 628 duodeviginti,
706 552 834 630 phaleris
852 566 934 627 xxv,
952 554 1101 631 torquibus
1113 569 1150 615 111
1209 554 1214 563 ’

151 648 180 708 et
193 651 301 712 Lm,
317 636 436 697 armillis
449 650 528 711 CLX,
544 637 659 699 coronis
676 650 772 711 XXVI,
789 636 817 693 iu
836 638 934 695 civicis
951 652 1040 713 X1111,
1057 642 1171 698 aureiss

149 734 232 796 vul,
249 720 408 782 muralibus
424 734 483 795 111,
500 719 673 781 obsidionali
689 724 762 794 uua,
782 718 853 780 fisco
876 722 969 795 aeris,
990 736 1014 781 x
1033 724 1151 799 captivis

79 868 85 875 ,
150 816 179 866 et
194 818 243 868 xx
258 806 341 867 simul
355 802 463 880 bubus,
480 807 671 882 imperatores
687 822 791 863 novem
807 806 897 881 ipsius
910 823 1045 865 maxume
1063 822 1151 883 opera

149 888 346 967 triumphantis
370 898 503 964 secutus,
524 899 679 967 praeterea
697 888 792 969 (quod
808 888 953 969 optumum
968 890 996 948 in
1014 888 1151 967 operibus
1207 906 1214 913 ·

150 974 211 1033 eius
228 974 312 1053 reor)
327 990 383 1033 uno
401 991 439 1033 ex
453 972 574 1034 ducibus
593 970 625 1033 T.
642 972 767 1033 Romilio
786 992 824 1031 ex
842 974 991 1033 consulatu
1008 974 1044 1035 ad
1062 992 1150 1052 popu-

107 1058 224 1123 10311111
239 1058 374 1118 convicto
391 1056 467 1116 male
484 1059 641 1135 imperatae
663 1058 705 1117 rei
721 1056 862 1117 militaris.
892 1056 966 1116 llaut
982 1060 1092 1118 minora
1108 1058 1150 1117 fo·
1162 1080 1187 1118 ro

150 1151 213 1204 rent
232 1140 320 1202 Manli
342 1138 497 1220 Capitolini
513 1142 638 1216 decora,
662 1144 689 1201 ui
706 1141 880 1219 perdidisset
898 1142 948 1203 illa
969 1144 1047 1203 euitu
1065 1139 1150 1203 vitae.

149 1235 215 1293 ante
229 1238 305 1288 xvu
328 1243 419 1285 annos
434 1223 501 1285 hina
521 1235 642 1303 ceperat
658 1225 760 1303 spolia.
798 1227 905 1306 primus
922 1228 1044 1286 omnium
1061 1243 1151 1301 eques

150 1327 287 1373 coronam
300 1308 441 1371 muralem
450 1319 617 1388 acceperat,
633 1324 670 1371 vn
683 1310 802 1384 civicas,
818 1323 944 1373 xxxvtt
959 1309 1047 1385 dona,
1061 1322 1152 1369 1111111

149 1395 302 1471 cicatrices
314 1393 438 1453 adverso
454 1411 582 1471 corpore
594 1403 764 1471 exceperat,
776 1393 807 1453 P.
821 1394 974 1453 Servilium
986 1394 1152 1473 magistrum

149 1480 275 1559 equitum
294 1485 478 1551 servaverat,
502 1479 565 1555 ipse
582 1477 749 1537 volneratus
764 1496 907 1551 umerum,
930 1479 1032 1537 femur.
1063 1496 1189 1556 superus

150 1560 242 1622 omnia
260 1556 433 1639 Capitolium
447 1578 641 1640 summamque
663 1579 723 1619 rem
740 1563 769 1619 iu
791 1578 827 1619 eo
848 1560 929 1621 solus
949 1581 966 1621 a
984 1562 1072 1621 Gallis
1090 1580 1150 1621 ser·

108 1652 294 1715 lassaverat,
310 1644 408 1703 sinon
424 1661 515 1720 regno
532 1662 585 1707 suo
601 1654 757 1704 servasset,
787 1644 895 1703 Verum
911 1645 939 1701 iu
950 1641 994 1701 his
1010 1654 1075 1703 suut
1090 1646 1151 1723 qui·

148 1728 211 1789 dem
231 1726 343 1783 virtutis
364 1744 456 1805 opera
471 1746 590 1804 magna,
610 1730 664 1791 sed
678 1730 785 1787 maiora
801 1728 944 1786 fortunae.
976 1725 1013 1785 Μ.
1033 1728 1170 1804 Sergio,·
1258 1772 1259 1783 ,

149 1820 180 1869 ut
195 1808 330 1887 equidem
345 1808 488 1885 arbitror,
504 1830 589 1871 nemo
605 1829 775 1889 quemquam
789 1810 934 1871 hominum
951 1812 1012 1869 inre
1035 1822 1152 1887 praetu-

32 1938 37 1957 .
147 1892 847 1975 11111,,1111111111ρ11111111111111111111
860 1894 993 1971 deroget
1020 1895 1151 1971 secundo
1165 1920 1191 1959 20
1258 1894 1259 1985 l

149 1980 292 2059 stipendio
315 1980 445 2041 dextram
463 1998 575 2041 manum
596 1978 736 2057 perdidit,
761 1979 911 2057 stipendiis
932 1976 1043 2057 duobus
1059 1986 1105 2037 ter
1122 1988 1154 2037 et
1173 1974 1175 1991 '

148 2065 259 2127 viciens
274 2064 441 2127 volneratus
458 2075 520 2139 est,
539 2064 577 2123 ob
591 2063 620 2123 id
634 2072 736 2123 neutra
750 2080 851 2139 manu,
869 2072 970 2121 neutro
987 2061 1063 2139 pede
1080 2064 1152 2121 satis

149 2150 243 2225 utilis,
265 2166 322 2209 uno
344 2158 451 2212 tautum
471 2166 575 2223 servo,
593 2147 731 2225 plurumis
750 2158 856 2226 postea
877 2146 1027 2225 stipendiis
1045 2145 1151 2211 debilis

90 2289 92 2292 ,
150 2233 244 2295 miles.
275 2233 321 2292 his
335 2231 372 2297 ab
391 2232 549 2293 Hannibale
567 2241 831 2311 captus—neque
849 2233 923 2292 enim
944 2249 1007 2291 cum
1022 2228 1152 2308 quolibet
1258 2286 1259 2307 ,

148 2317 233 2379 hoste
245 2333 294 2375 res
307 2316 362 2375 luit
371 2349 425 2390 —,
439 2315 483 2374 bis
499 2316 677 2375 vinculorum
692 2316 752 2375 eins
770 2316 921 2393 profugus,
938 2316 966 2373 irr
981 2328 1030 2373 xx
1046 2314 1149 2375 mensi·
1161 2337 1192 2377 15
1258 2318 1259 2351 r

109 2402 223 2465 lbdbus
236 2397 315 2458 nullo
331 2416 389 2469 uon
403 2397 449 2460 die
462 2400 491 2457 iu
502 2400 611 2458 catenis
629 2409 677 2459 aut
694 2398 873 2475 conpedibus
891 2398 1060 2457 custoditus.
1084 2398 1151 2455 siui-
1258 2404 1259 2441 t

150 2495 209 2545 stra
226 2499 315 2543 manu
333 2481 399 2544 sula
419 2491 521 2561 quater
542 2483 697 2560 pugnavit,
713 2480 825 2544 duobus
848 2485 931 2559 equis
952 2482 1093 2543 insidente
1114 2498 1152 2539 eo

149 2566 304 2629 subfossis.
335 2564 465 2628 dextram
486 2564 542 2625 sibi
558 2566 682 2625 ferream
703 2564 790 2638 lecit,
813 2584 905 2644 eaque
923 2565 1045 2641 religata
1065 2583 1153 2643 proe-

148 2652 233 2712 liatus
251 2646 423 2714 Cremonam
445 2648 596 2710 obsidione
618 2650 742 2727 exemit,
769 2648 953 2710 Placentiam
968 2658 1072 2711 tutatus
1096 2658 1152 2723 est,

150 2732 281 2794 duodena
297 2743 394 2796 castra
407 2734 531 2795 hostium
545 2737 575 2795 in
590 2733 683 2793 Gallia
704 2735 797 2811 cepit,
820 2752 894 2811 quae
917 2735 1009 2793 omnia
1030 2752 1068 2793 ex
1088 2750 1153 2796 ora·
1164 2752 1192 2793 aa

150 2818 317 2889 timasius
330 2818 470 2897 adparent
489 2818 585 2880 hahita
602 2837 666 2879 cum
686 2820 714 2880 in
736 2826 870 2897 praetura
892 2820 983 2882 sacris
1001 2826 1155 2877 arceretur

150 2920 167 2961 a
185 2900 311 2978 collegis
327 2912 357 2961 ut
370 2903 485 2977 debilis,
501 2920 575 2981 quos
586 2902 634 2961 hic
651 2919 820 2962 coronarum
835 2920 958 2962 acervos
972 2911 1154 2969 constructu-

109 2986 318 3063 lttorusboste
329 2987 450 3048 mutmo!
478 2988 582 3047 etenim
593 2986 753 3065 plurumum
765 2986 866 3061 reiert,
882 2988 909 3049 ia
926 3005 999 3065 quae
1013 2988 1155 3063 cuiusque

73 3127 76 3143 ι
150 3072 240 3131 virtus
259 3077 391 3147 tempora
407 3070 550 3130 inciderit.
591 3088 663 3147 quas
686 3068 791 3131 Trebia
811 3068 963 3129 Ticinusve
986 3080 1033 3131 aut
1057 3068 1153 3132 Trasi-

79 3148 84 3168 ‘
150 3171 250 3219 menus
274 3154 383 3211 civicas
407 3151 538 3214 dedere?
573 3172 647 3231 quae
671 3151 776 3213 Cannis
804 3170 911 3215 corona
936 3157 1052 3227 merita,
1077 3153 1195 3215 audeas

104 3256 106 3272 ¹
150 3238 264 3313 fugisse
281 3236 393 3298 virtutis
413 3254 552 3297 summum
572 3254 645 3322 opus
665 3233 739 3297 fuit?
768 3240 859 3298 ceteri
875 3238 1007 3317 proiecto
1024 3239 1157 3299 victores

151 3320 294 3384 homiuum
309 3318 416 3396 luere,
429 3320 549 3395 Sergius
565 3323 634 3379 vicit
652 3320 736 3379 etiam
751 3322 902 3382 fortunam.

110 3410 161 3465 lot
217 3401 267 3461 29.
291 3400 377 3481 (30.)
402 3400 586 3479 ingeniorum
598 3403 712 3480 gloriae
725 3406 789 3483 quis
800 3407 893 3482 possit
905 3424 994 3483 agene
1006 3405 1159 3471 delectum
