2542 3842
179 163 238 227 180
513 176 544 226 c.
563 178 660 226 aaran
675 177 824 229 sueonos

177 332 253 391 iuter
273 347 338 392 enm
357 339 387 392 et
406 331 584 406 Pyrenaeum
599 330 737 393 Callicus.
767 329 883 391 Insulae
904 329 1060 408 conplures
1074 329 1173 392 Vene-

174 422 282 556 {Jorum
305 433 379 494 qnae
398 423 428 476 et
440 415 601 476 Veneticae
615 413 815 494 appellantur,
832 422 862 473 et
876 414 905 472 in
918 412 1092 491 Aquitanico
1108 417 1173 474 sinu

203 496 300 557 liarus.

134 589 188 641 110
249 580 299 641 20.
316 581 400 660 (34.)
416 581 443 641 Δ
461 581 603 656 Pyrenaei
617 581 816 659 promontorio
831 579 968 658 Hispania
986 581 1103 658 incipit,
1122 597 1172 640 an·

144 660 361 739 {pgustiornon
375 664 468 726 Callia
484 663 570 724 modo
586 681 686 723 verum
700 666 786 724 etiam
800 664 973 741 semetipsa,
990 671 1022 722 at
1034 662 1170 740 diximus,
1183 683 1195 721 ⁵

176 747 335 806 inmensum
354 755 489 827 quautam
507 745 575 805 binc
599 761 713 806 oceano
734 745 816 805 illinc
835 744 950 806 Iberico
970 747 1041 805 mari
1056 747 1172 824 conpri-

176 829 328 890 mentibffl.
352 830 421 907 lpsa
435 828 576 902 Pyrenaei
590 828 658 903 iuga
673 827 709 887 ab
725 836 829 888 exortu
844 829 1049 904 aequinoctiali
1064 828 1128 888 insa
1143 831 1173 888 in
1193 847 1197 852 ·

176 929 314 972 occasum
328 910 484 971 brumalem
498 910 651 970 breuiores
666 909 760 971 latere
773 910 993 986 septentrionali
1012 927 1096 988 quam
1111 929 1172 972 me-

175 993 452 1072 ridiano'llispauias
473 993 592 1054 iaciunt.
621 992 764 1054 Proxuma
784 1009 837 1053 cra
858 993 1003 1054 ulterioris
1026 1003 1072 1056 est
1094 995 1171 1054 eius·

176 1076 301 1155 demque
311 1076 536 1141 Tarraconensis
550 1077 633 1152 sitas,
647 1077 826 1152 aPrrendeo
842 1077 896 1156 p'nr
909 1092 1048 1137 oceanum
1059 1077 1172 1138 Vasco·
1183 1102 1208 1144 ιο

176 1177 243 1220 nam
257 1162 360 1238 saltus,
376 1159 498 1236 Clarso,
513 1159 707 1223 Vardnlorum
721 1160 844 1239 oppida,
859 1157 1004 1236 Morosgi,
1019 1159 1171 1238 blenosca,

176 1241 356 1322 Vesperies,
381 1242 519 1304 Amanum
537 1252 656 1322 portus,
679 1243 729 1304 ubi
750 1259 825 1304 uano
839 1241 1021 1304 Flauiobrica
1044 1239 1171 1306 colonia.

136 1335 185 1390 111
199 1323 359 1387 Civitatinm
374 1325 457 1387 vitu
471 1328 556 1404 regio
572 1324 797 1402 Cantabrorum,
813 1326 919 1387 llumen
933 1325 1045 1402 Sauga,
1069 1334 1173 1403 portas

176 1407 326 1470 Victoriae
350 1407 609 1470 luliobricensium.
642 1408 679 1471 ab
703 1423 739 1470 eo
763 1409 831 1470 loco
858 1409 955 1470 fontes
976 1408 1052 1468 lheri
1071 1407 1121 1470 xt
1141 1407 1172 1468 M

109 1531 112 1537 Δ
177 1509 322 1570 passuum.
351 1500 453 1569 portus
474 1492 633 1554 Blendium.
663 1491 872 1568 Orgenomesci
887 1509 905 1552 e
921 1488 1082 1552 Cantabris.
1103 1508 1208 1570 por-rs

177 1583 337 1636 tuscorum
350 1575 548 1637 Vercasuecs.
575 1574 660 1651 regio
676 1573 829 1652 Asturam,
852 1574 957 1651 Noega
972 1573 1127 1654 oppidum,
1141 1575 1172 1634 in

177 1658 327 1736 peninsula
344 1657 474 1733 Paesici,
497 1667 527 1718 et
546 1656 652 1719 deiude
667 1666 827 1718 conventus
842 1657 999 1734 Lucensis,
1024 1658 1172 1720 allumine

176 1738 367 1800 Narialbione
384 1737 516 1818 Cibarci,
537 1738 682 1817 Egovarri
698 1742 870 1819 cognomine
884 1739 1044 1816 Namarini,
1060 1739 1172 1818 Iadovi,

177 1819 319 1900 [Arroni]
332 1823 520 1883 Arrotrebae.
533 1824 760 1902 promontorium
771 1822 923 1900 Celticum,
936 1841 1034 1885 amnes
1044 1822 1171 1900 Florius,
1261 1855 1262 1897 r

174 1902 263 1965 Nelo.
295 1903 399 1966 Celticl
419 1906 593 1984 cognomine
606 1905 677 1967 Neri
697 1915 727 1967 et
747 1923 836 1985 snper
852 1907 994 1968 Tamarici
1009 1922 1129 1984 qnorum
1142 1908 1208 1969 inas
1260 1961 1261 1968 ,

94 1992 96 1996 ’
174 1987 326 2065 peninsula
340 1997 401 2050 tres
416 2007 484 2050 arae
500 1991 652 2051 Sestianae
671 1988 804 2068 Augusto
820 1990 949 2067 dicatae,
972 1987 1096 2068 Capcri,
1118 2006 1171 2069 op·
1260 1975 1261 2011 ¹

175 2070 273 2147 pidum
293 2069 406 2148 Noela,
430 2070 536 2150 Celtici
560 2075 733 2150 cognomine
757 2073 972 2148 Praesamarei,
1000 2070 1102 2133 Cileni.
1132 2089 1173 2132 ex
1197 2093 1207 2103 ‘
1259 2055 1260 2124 l

135 2153 295 2215 ininsula
310 2155 498 2217 nominandae
515 2153 662 2218 Corticata
679 2167 709 2217 et
722 2156 844 2217 Annios.
879 2153 1031 2217 ACilenis
1045 2171 1171 2215 conven-
1258 2157 1259 2238 l

174 2243 221 2295 tns
235 2235 406 2314 Bracarum,
427 2238 548 2317 llcleni,
570 2237 684 2316 Cranii,
703 2239 855 2300 castellum
874 2238 972 2314 Tyde,
993 2236 1171 2299 Craecornra
1256 2257 1258 2350 p

175 2316 287 2379 subolis
310 2321 413 2380 omnia.
439 2322 551 2381 insulae
568 2318 673 2396 Cicae,
690 2321 834 2398 [Sigana]
862 2320 999 2397 oppidum
1011 2319 1209 2390 Abobricaar
1256 2355 1257 2358 =

174 2397 278 2458 blinius
299 2402 389 2460 amuis
409 2400 464 2462 llll
488 2401 518 2460 ll
542 2419 620 2478 pass.
645 2418 698 2466 ore
726 2402 889 2479 spatiosus,
918 2400 1024 2477 Leuni,
1053 2401 1170 2478 Seurbi,

174 2478 330 2540 Bracarum
352 2481 490 2559 oppidum
510 2480 656 2558 Augusta,
678 2497 752 2558 quos
770 2497 858 2557 snpra
877 2480 1032 2543 Callaecia.
1064 2485 1172 2546 flumen

175 2560 278 2636 Limia,
297 2562 405 2624 Durius
426 2562 515 2623 amuis
531 2581 569 2622 ex
583 2565 722 2624 maxumis
736 2561 907 2640 Hispaniae,
929 2571 1008 2622 ortus
1023 2565 1052 2623 in
1066 2564 1172 2626 Pelen·

175 2643 298 2705 donibus
313 2651 343 2706 et
357 2645 436 2708 iuxta
449 2644 627 2706 Numantiam
640 2645 758 2724 lapsus,
776 2645 843 2706 dein
859 2661 914 2722 per
926 2643 1078 2706 Arevacos
1093 2645 1171 2710 Vac-

176 2743 326 2806 caeosque
348 2729 552 2792 disterminatis
577 2728 614 2789 ab
635 2726 753 2788 Asturia
771 2724 961 2803 Vettonibus,
983 2745 1001 2789 a
1024 2725 1209 2801 lusitaniam

175 2805 336 2887 Callaecis,
352 2811 393 2873 ibi
407 2828 523 2890 quoque
539 2810 681 2882 Turdulos
696 2829 713 2872 a
726 2810 859 2872 bracaris
873 2827 988 2872 arceas.
1018 2812 1171 2893 omnisque

175 2887 253 2952 dicta
269 2896 354 2972 regio
368 2909 386 2956 a
400 2894 550 2971 Pyrenaeo
568 2894 693 2958 metallis
707 2894 816 2958 referta
830 2893 910 2972 auri,
933 2895 1064 2974 argenti,
1086 2895 1170 2976 farri,

175 2972 285 3048 plumbi
299 2979 374 3054 nigri
388 2978 515 3058 albique.

135 3061 187 3114 113
249 3055 299 3118 21.
322 3060 407 3139 (35.)
429 3061 456 3121 Α
477 3059 568 3127 Burin
588 3057 731 3122 lusitania
753 3057 862 3138 incipit.
900 3058 1018 3122 Turduli
1038 3069 1167 3138 veteres,

176 3135 311 3214 Paesuri,
330 3141 436 3202 dumea
449 3143 557 3220 Vagia,
580 3143 718 3221 oppidum
733 3141 901 3219 Talabrica,
919 3143 1057 3223 oppidum
1071 3153 1101 3202 et
1116 3144 1168 3204 llu-
1178 3167 1206 3212 ss

175 3234 242 3278 men
261 3219 444 3301 Bumeaium,
466 3226 575 3304 oppida
601 3224 802 3301 Conimbrica,
829 3225 984 3307 Collippo,
1009 3225 1168 3286 Eburobri-

174 3301 255 3360 tium.
287 3301 423 3366 Excurrit
444 3306 549 3369 deiude
570 3310 599 3367 in
619 3309 707 3370 altum
723 3317 806 3371 vasto
827 3327 916 3371 corun
932 3311 1168 3389 promontorium,

177 3383 255 3458 quod
275 3386 322 3446 alii
342 3385 495 3451 Artabrum
519 3390 723 3469 appellavere,
744 3392 793 3456 alii
810 3391 959 3470 blagnnru,
983 3391 1062 3453 multi
1083 3389 1169 3452 Olisi-
