2542 3842
175 129 235 196 278
465 149 471 166 ¹
497 135 549 192 ⁸0.
567 145 663 192 enirn
681 135 842 192 annuum*

436 315 472 414 d
501 329 648 414 l’lllll
676 329 907 412 indutui

284 478 656 600 u'rruururs
694 442 1073 597 ursrcnrrn

525 663 722 728 LIBER
753 662 846 741 XV„
1074 686 1079 696 ¹

142 893 157 947 1
234 885 261 944 1.
286 884 347 962 (1.)
377 881 478 962 Oleam
498 883 751 964 Theopbrastuse
773 883 974 944 celeberrimis
997 881 1180 944 Graecorum

138 1031 140 1038 ,
172 967 339 1028 auctoribus
359 966 438 1026 urbis
455 967 565 1042 Rornae
585 970 794 1028 anno-circiter
809 980 953 1028 ccccxu.
981 966 1101 1042 negavit
1124 969 1199 1030 nisis

172 1053 246 1112 intra
257 1065 303 1112 xm
314 1052 391 1111 milia
407 1069 541 1130 passuum
557 1052 592 1112 ab
604 1054 675 1112 mari
690 1053 783 1127 nasci,
794 1050 963 1113 Fenestella
974 1067 1046 1110 vero
1060 1052 1179 1110 omnino

172 1153 231 1197 non
248 1136 340 1196 fuisse
361 1137 389 1195 in
403 1133 485 1194 ltalia
507 1135 704 1216 Hispaniaque
725 1145 773 1195 aut
786 1134 1058 1214 Africa'l'arquinio
1074 1133 1178 1194 Prisco

171 1228 329 1296 regnante,
352 1217 388 1278 ab
404 1221 484 1278 aunis
500 1220 601 1298 populi
616 1219 737 1280 Romani
753 1231 903 1296 omnm,
927 1237 1003 1296 quae
1016 1236 1093 1278 nunc
1111 1237 1177 1296 per-

173 1306 253 1364 venit
272 1313 349 1364 trans
364 1303 449 1383 Alpis
465 1321 582 1383 quoque
606 1312 635 1362 et
656 1305 685 1364 in
700 1302 807 1365 Gallias
821 1302 1032 1382 Hispaniasque
1052 1302 1176 1363 medias.

142 1387 254 1453 amuis
268 1386 383 1466 quidem
399 1404 472 1448 anno
489 1402 547 1448 mv.
569 1387 666 1466 Appio
682 1384 802 1447 Claudio
815 1385 904 1457 Caeci
920 1394 1029 1465 nepote
1044 1383 1078 1446 b.
1093 1385 1177 1449 Iunio
1187 1408 1207 1448 ru

173 1487 252 1530 coss.
276 1471 335 1530 olei
359 1470 451 1530 librae
476 1471 627 1533 duodenae
649 1471 763 1532 assibus
786 1472 922 1547 veniere,
949 1479 980 1530 et
997 1486 1075 1533 ¹mon
1099 1487 1177 1531 anno

165 1567 323 1618 mcum.
346 1554 383 1614 ll.
396 1555 481 1616 Seius
493 1554 523 1614 L
537 1554 569 1614 ll.
588 1556 690 1616 aedilis
706 1557 814 1616 cumlis
831 1555 890 1616 olei
906 1555 996 1618 denas
1011 1551 1103 1615 libras
1119 1556 1177 1616 sin·

171 1639 249 1715 gulis
272 1637 386 1700 assibus
414 1639 560 1716 praestitit
586 1639 696 1718 populo
719 1637 849 1701 Romano
871 1657 924 1718 per
946 1647 1038 1699 totum
1060 1656 1177 1698 aunum.
1240 1698 1241 1719 ,

142 1725 265 1804 3prinus
281 1739 317 1782 ea
332 1722 448 1781 miretur
469 1713 607 1800 qui'sciat
621 1731 689 1800 post
705 1741 795 1784 annos
811 1737 889 1784 ml
905 1720 957 1782 (ln.
969 1722 1107 1801 Pompeio
1120 1737 1174 1782 111.

170 1805 293 1866 consule
316 1805 412 1864 oleum
428 1806 585 1882 provinciis
600 1805 853 1876 ltaliammisisse.
886 1805 1032 1871 Hesiodus
1053 1822 1213 1884 quoquere

106 1929 114 1936 -
168 1892 200 1948 in
214 1887 313 1968 primis
335 1888 441 1948 cultum
456 1907 591 1966 agrorum
606 1890 767 1951 docendam
782 1891 936 1952 arbitratus
952 1890 1039 1950 vitam
1054 1890 1176 1966 negauit

171 1973 256 2034 olene
284 1981 411 2037 satorem
437 1972 562 2054 fructum
586 1993 624 2034 ex
652 1993 687 2034 ee
709 1976 881 2055 percepisse
904 1991 1085 2054 quemquam.
1116 1982 1179 2034 tam

170 2058 252 2124 tarda
266 2066 333 2116 tnnc
348 2075 396 2116 res
413 2066 484 2118 erat.
506 2068 534 2118 at
554 2064 628 2118 nunc
645 2060 730 2121 etiam
746 2061 774 2119 in
791 2059 941 2138 plantariis
957 2058 1064 2135 ferunt,
1078 2067 1177 2121 trans·

95 2179 120 2198 ,-
171 2140 350 2220 latarumque
367 2141 460 2202 altero
477 2159 550 2202 anno
567 2143 762 2220 decerpuntur
776 2142 879 2204 bacae.
999 2202 1005 2214 Χ

138 2233 156 2287 4
232 2224 296 2304 (2.)
317 2224 460 2286 Fabianus
477 2235 565 2302 negat
582 2229 739 2304 provenire
749 2229 779 2287 iu
790 2226 982 2304 frigidissimis
997 2224 1106 2298 oleam,
1125 2245 1212 2292 neco

167 2327 227 2387 que
238 2311 268 2370 in
277 2309 467 2369 calidissimis.
489 2327 599 2385 genera
614 2329 712 2389 earum
722 2313 777 2372 tria
787 2311 858 2373 dixit
868 2310 1026 2389 Vergilius,
1041 2310 1179 2372 orchites
1240 2356 1241 2383 r

73 2429 76 2434 -
165 2403 199 2452 et
213 2393 358 2467 radicaret
373 2393 482 2469 posias,
498 2411 554 2452 nec
569 2393 739 2454 desiderare
752 2403 864 2461 rastros
880 2404 928 2456 aut
943 2381 1027 2456 chis
1045 2395 1178 2458 ullamve
1240 2386 1241 2421 ³

171 2493 276 2542 curam.
296 2476 370 2534 Sine
382 2474 468 2535 dubio
481 2485 510 2535 et
525 2477 553 2536 in
565 2477 609 2538 his
620 2478 715 2537 solum
731 2497 863 2540 maxume
879 2479 1050 2557 caelumque
1067 2479 1176 2542 refert.

163 2569 366 2620 uaruntamen
382 2567 411 2618 et
428 2559 592 2640 tondentur,
609 2579 673 2620 cum
688 2571 718 2620 et
733 2565 819 2638 vites,
838 2571 926 2642 atque
937 2563 1023 2622 etiam
1034 2562 1177 2622 interradi

49 2639 54 2649 ’
138 2643 305 2722 agaudent.
337 2639 528 2720 Consequens
545 2662 643 2704 earum
657 2646 798 2706 vindemia
813 2655 874 2720 est,
892 2665 999 2724 arsque
1015 2647 1065 2706 vel
1080 2646 1179 2707 maior
1189 2669 1212 2707 a
1240 2628 1241 2663 ¹

169 2728 230 2788 olei
243 2734 335 2789 musta
347 2729 536 2805 temperandi.
556 2747 594 2788 ex
609 2729 711 2790 eadem
728 2730 837 2807 quippe
854 2729 931 2790 oliva
947 2730 1083 2819 differupt
1098 2733 1178 2791 suci.

62 2819 84 2852 ·,
161 2811 290 2888 primum
309 2811 432 2877 omnium
456 2829 472 2870 e
494 2810 581 2873 cruda
606 2822 692 2891 atque
709 2814 832 2875 nondum
855 2813 1008 2874 inchoatae
1024 2817 1178 2874 maturita-

53 2891 56 2908 '
169 2897 215 2953 tis.
245 2894 302 2956 hoc
317 2912 424 2972 sapore
443 2897 728 2974 praestantissimum.
753 2898 820 2975 quin
837 2904 866 2955 et
883 2915 922 2958 ex
937 2915 974 2958 ec
989 2898 1080 2976 prima
1096 2901 1179 2960 unda

169 2977 244 3056 preli
258 2978 455 3040 laudatissima
468 2996 504 3040 ac
520 2978 624 3040 deinde
640 2999 694 3061 per
710 2978 929 3056 deminutiones,
945 2983 1007 3047 sive
1020 2981 1049 3040 in
1060 2985 1178 3060 sportis

169 3071 329 3140 prematur,
364 3063 445 3138 sive,
471 3071 502 3122 ut
527 3081 618 3142 nuper
644 3065 788 3125 inventurn
817 3073 879 3139 est,
907 3063 1032 3126 exilibus
1057 3067 1216 3144 regulisso

96 3216 98 3225 Ι
136 3146 245 3222 opede
270 3144 392 3204 incluso.
425 3155 530 3222 quamn
553 3149 690 3209 maturior
712 3147 801 3224 baca,
823 3156 901 3207 tauto
926 3149 1060 3226 pinguior
1080 3167 1177 3210 sucus

60 3261 66 3270 x
168 3229 317 3305 minusque
336 3235 445 3304 gratus.
470 3237 586 3306 optuma
602 3240 697 3289 nutem
712 3239 794 3291 aetas
812 3231 847 3290 ad
862 3231 1078 3310 decerpendum
1092 3233 1179 3294 inter

169 3309 282 3388 copiam
305 3308 521 3387 bonitatemque
542 3313 698 3388 incipiente
720 3313 793 3376 baca
815 3315 1002 3391 nigrescere,
1029 3334 1094 3374 cum
1118 3336 1178 3378 vo-

170 3400 234 3449 cant
250 3392 391 3468 druppas,
409 3390 512 3450 Graeci
528 3410 602 3452 vero,
616 3395 793 3472 drypetidas.
826 3405 927 3479 ceterp
943 3397 1036 3474 distat,
1052 3416 1089 3458 an
1110 3417 1179 3460 ma-
