2542 3842
169 182 241 243 140Ι
530 192 561 241 c.
576 193 672 240 annu
692 190 842 241 sacuam

123 348 286 423 &Quidam
306 344 374 406 haut
394 346 496 427 procul
514 345 550 407 ab
568 365 604 407 ea
619 356 649 407 ot
663 345 797 407 Rcrebda
813 345 922 427 ponunt
943 354 973 406 et
988 343 1110 405 Callode
1128 353 1159 406 et
1194 404 1198 412 ,

167 449 250 511 quam
265 440 370 490 vocant
383 430 474 490 lleras
486 430 568 491 lutra.
595 430 779 491 celeberrimi
794 432 823 489 in
838 448 873 491 ea
884 430 1057 508 populorum
1071 429 1156 489 Ilien·

167 532 232 591 ses,
256 514 365 589 Balari,
391 511 475 573 Corsi
496 515 668 593 oppidorum
688 512 797 589 XVIII,
821 514 976 589 Sulcitani,
1001 512 1156 588 Valentini,

165 598 359 677 Neapolitani,
375 597 531 674 Bosenses,
548 595 703 658 caralitani
718 598 821 657 ciuium
836 596 1037 671 Romanorum,
1054 594 1155 656 ctllo·

74 742 79 759 ,
166 699 279 758 rences,
297 681 411 741 colonia
427 690 520 741 autem
535 700 590 741 una
604 699 680 759 quae
695 690 816 741 vocatur
830 682 866 741 ad
882 683 980 741 turrira
994 680 1182 755 Libysonisc

166 765 325 827 Sardiniam
348 766 440 842 ipsam
461 764 593 824 Timaeus
616 763 801 824 sandaliotim
822 763 981 843 appellauit
999 761 1035 823 ab
1059 762 1157 840 elligic

166 848 278 924 soleae,
295 846 429 922 blyrsilus
444 846 593 907 Ichnusam
604 866 620 907 a
632 847 814 907 similitudiue
825 849 940 924 vestigi.
968 845 1076 907 Gontm
1086 846 1156 906 Pae·
1172 893 1178 903 ,

166 944 276 993 stanam
296 932 386 989 sinum
407 930 545 991 Leucada
570 940 614 990 est
637 948 654 991 a
676 931 782 1017 §Irene
801 930 842 990 ibi
863 931 977 1009 sepulta
1000 929 1156 1008 appellata.

167 1026 266 1077 contra
281 1013 393 1074 Vellam
408 1013 508 1075 Pontia
526 1023 555 1074 st
568 1014 676 1090 Isacia,
699 1023 838 1094 utraeque
854 1031 911 1075 uno
932 1015 1046 1077 nomine
1062 1012 1157 1073 Ocno·

164 1100 271 1174 trides,
299 1106 495 1175 argumentum
518 1116 676 1178 possessae
698 1098 735 1158 ab
758 1098 903 1159 Oenotriis
917 1098 1028 1159 Italiac.
1057 1106 1191 1157 connato

164 1184 307 1247 Vibonem
324 1200 432 1263 parvae
445 1200 520 1260 quas
534 1193 675 1243 vocantur
689 1182 851 1243 Ithacesiae
867 1182 903 1242 ab
918 1183 1010 1243 Uliris
1027 1180 1156 1260 specula.

120 1280 156 1337 86
225 1269 254 1331 8.
273 1269 357 1348 (14.)
373 1266 481 1328 Varum
504 1276 570 1327 ante
590 1284 693 1327 omnes
713 1267 842 1328 claritate
866 1268 982 1341 Sicilia,
1006 1266 1120 1325 Sicania
1140 1282 1158 1325 a

166 1352 333 1428 Thucydide
346 1352 432 1427 dicta,
448 1352 624 1413 I'rInaoriaa
640 1351 769 1429 pluribus
781 1360 828 1410 aut
839 1349 970 1410 Trinacia
986 1368 1002 1409 a
1017 1346 1157 1424 trinngula

165 1438 283 1516 specie,
301 1436 421 1494 circuitu
439 1445 559 1511 patens,
582 1444 610 1493 ut
626 1443 786 1493 auctorest
802 1433 951 1512 Agrippa,
967 1431 1115 1492 ucxvffl
1127 1428 1158 1490 II

164 1519 421 1665 litabit
432 1516 635 1677 hillini
649 1515 1191 1659 llll⁰t¹¹lalltdl⁶ittlll¹⁵

600 1642 607 1657 ³
729 1645 739 1675 l

137 1690 141 1703 ‘
164 1705 242 1766 pass.
255 1688 333 1745 iuxta
346 1682 511 1745 Columnam
521 1683 678 1761 Ilhegiam,
688 1684 799 1743 Abhcc
808 1683 979 1743 dehiscendi
987 1689 1155 1758 argumento

164 1770 306 1846 Rhegium
318 1766 421 1828 Graeci
436 1785 540 1827 nomon
555 1767 665 1828 dedere
677 1767 787 1846 oppido
800 1769 827 1826 iu
837 1769 965 1843 margine
975 1764 1075 1826 ltaIIae
1088 1765 1155 1823 sito.

121 1854 195 1925 gyla
211 1869 247 1913 eo
262 1852 337 1911 freto
353 1860 399 1910 est
414 1850 551 1930 scopulus
569 1851 678 1926 Scylla,
693 1853 762 1911 item
778 1848 957 1926 Charybdis,
975 1867 1055 1909 mare
1069 1848 1155 1908 verti·

165 1954 279 2010 cusum,
304 1933 388 1994 ambo
412 1935 490 1995 clara
510 1936 639 1994 saevitia.
669 1934 765 2013 Ipsius
779 1935 954 2012 triquetrae,
975 1941 1005 1993 ut
1020 1933 1152 2007 dixImus,
1165 1952 1191 1993 ao

163 2020 388 2099 promontorium
402 2017 536 2079 Pelorum
549 2028 672 2079 vocatur
685 2019 826 2078 adversus
841 2018 968 2093 Scyllam
984 2033 1110 2094 vergens
1127 2016 1157 2075 in
1261 2004 1268 2066 l

163 2104 291 2179 Italiam,
306 2102 469 2177 Pachynum
484 2104 513 2162 iu
529 2101 695 2178 Graeciam,
719 2100 870 2163 OGCOXL
884 2101 913 2161 bl
928 2101 964 2161 ab
980 2118 1018 2161 eo
1033 2099 1157 2161 dintante

164 2188 384 2267 Peloponneso,
403 2185 569 2263 Lilybaeum
594 2188 621 2246 in
637 2186 765 2247 Africam
781 2184 909 2246 CLXXX
927 2184 957 2245 bI
972 2184 1123 2245 intervallo
1140 2199 1157 2242 a

57 2302 62 2313 ·
163 2272 288 2333 blercuri
303 2272 499 2349 promontorio
517 2280 547 2331 et
561 2288 577 2332 a
589 2268 755 2332 Caralitano
767 2271 916 2331 Sardiniae
927 2267 1053 2338 oxon.
1077 2267 1157 2327 Inter

164 2374 198 2416 se
214 2365 307 2415 autem
325 2353 398 2413 baec
414 2356 610 2431 promontoria
625 2371 660 2412 ac
675 2355 765 2414 latera
781 2354 885 2413 distant
899 2354 944 2412 bis
960 2352 1075 2429 spatiis:
1096 2359 1154 2409 ter·
1164 2369 1191 2409 an
1266 2419 1269 2425 Ι

163 2452 234 2497 reno
256 2437 359 2495 itinere
383 2453 398 2493 a
418 2435 523 2495 Peloro
549 2436 711 2509 Pachynum
734 2433 902 2493 CLXXXVI
920 2432 950 2493 bl
971 2432 1154 2511 pass.,‘indc

120 2519 328 2593 ssLinbaeum
345 2514 394 2576 CC
409 2516 452 2593 bl,
475 2518 541 2580 inde
562 2518 694 2577 Pelorum
712 2514 823 2577 CLXX.
854 2513 992 2575 Coloniae
1012 2512 1052 2575 ibi
1074 2516 1154 2594 quin·

164 2620 237 2682 que,
261 2600 349 2661 urbes
373 2619 408 2661 ac
431 2602 562 2660 ciuitates
576 2599 676 2661 LXIII.
707 2599 853 2660 APelcro
874 2618 952 2661 mare
972 2599 1080 2659 Ioniutu
1102 2616 1154 2659 ora

163 2694 314 2765 spectante
327 2684 465 2765 oppIdum
475 2684 608 2745 Messana
620 2685 724 2744 ciuium
735 2683 925 2743 Romanorum
936 2685 984 2761 qui
994 2682 1155 2743 Mamertini

162 2778 331 2845 vocantur„
345 2769 569 2848 promontorium
589 2767 770 2845 Drepanum,
798 2768 913 2827 colonia
937 2767 1191 2827 Tauromeniumao

163 2872 238 2933 quae
254 2863 337 2913 antea
353 2852 463 2929 Naxos,
479 2852 584 2913 damen
600 2851 718 2926 Asines,
732 2867 816 2910 mous
832 2851 925 2912 Aetna
940 2852 1087 2911 nocturnis
1102 2852 1153 2910 mi-

162 2956 211 2997 rus
227 2937 375 2997 incendiis.
392 2946 488 2997 crater
500 2937 563 2995 eius
574 2945 654 3015 patet
667 2936 772 2996 ambita
784 2936 875 2997 stadia
888 2934 953 3010 XX,
969 2935 1068 2995 favilla
1080 2934 1153 2995 Pau·

94 3058 98 3065 =
163 3022 319 3080 romerium
334 3030 364 3080 et
380 3019 507 3081 (latinam
521 3037 613 3098 usque
629 3020 762 3098 peruenit
776 3020 903 3093 fervens,
919 3019 1019 3096 fragor
1033 3034 1104 3078 vero
1117 3017 1154 3077 ad
1269 3092 1270 3095 Ἴ

121 3102 328 3175 scillaroueum
343 3112 372 3162 et
388 3103 535 3165 Gemellos
551 3104 645 3163 collis.
663 3103 777 3180 scopuli
790 3107 855 3162 tres
866 3100 1037 3181 Cyclopum,
1053 3110 1154 3181 portus
1268 3100 1270 3105 ’

163 3185 272 3261 UlixIs,
295 3186 409 3247 colonia
435 3184 549 3263 (latina,
578 3187 692 3247 damian
714 3186 912 3261 Symaetbam,
940 3186 1049 3246 Terias.
1079 3187 1188 3244 intnsac

163 3269 363 3345 Laestrygonii
380 3272 483 3349 campi.
512 3270 620 3349 oppida
636 3268 776 3345 Leontini,
794 3269 930 3347 liegaris,
946 3271 1034 3330 amnis
1051 3268 1151 3326 Panta-

164 3354 242 3428 gIcs,
268 3353 380 3412 colonia
397 3354 559 3427 Syracusae
576 3372 641 3414 cum
662 3352 741 3414 fonte
757 3354 917 3428 Arethusa,
939 3366 1106 3429 quamquam
1121 3356 1153 3409 ct
1264 3334 1270 3388 l

11 3500 16 3510 ,
132 3431 1153 3515 ·TemenitisetArchidemiactIIagaoactllyauoetlIIIIchielontos
