2542 3842
317 193 396 241 uxr.
414 192 504 241 msa.
521 193 558 239 11.
576 187 696 244 73—.to.
714 178 863 263 (ts—81.)
1061 182 1124 251 107,

116 344 218 408 Umbri
235 366 251 407 a
266 346 387 405 meridie
403 346 432 404 in
452 346 617 422 meridiem,
638 346 744 421 volgus
764 363 848 406 omne
869 348 968 408 aluce
984 347 1021 407 ad
1038 358 1118 408 tene·
1188 362 1191 374 ¹

117 430 204 504 bras,
230 430 402 489 sacerdotes
418 428 538 489 Romani
560 438 589 489 et
611 430 660 506 qui
682 431 758 490 diem
780 430 881 489 liniere
897 431 1027 506 civilem,
1051 432 1119 491 item

117 513 260 591 Aegyptii
272 521 301 572 et
312 510 506 590 Hipparchus,
523 530 539 572 a
550 513 645 571 media
656 521 743 572 nocte
755 512 784 571 in
794 514 925 573 mediam.
948 514 1058 588 blinora
1070 532 1118 574 aa·

117 606 177 655 tem
192 596 346 655 intervalla
362 612 429 653 esse
446 596 519 655 lucis
533 597 608 654 iuter
623 606 703 655 ortus
718 596 791 655 solis
805 598 884 657 iuxta
899 598 1020 657 solstitia
1036 616 1119 676 quam

96 680 304 757 uaequinoctia
325 678 462 755 adparet,
491 680 557 757 quia
580 680 686 757 positio
712 680 843 757 signiferi
861 681 940 740 circa
960 681 1054 741 media
1076 682 1119 740 sui

118 762 267 841 obliquior
282 770 342 837 est,
358 762 435 820 iaxta
453 761 604 822 solstitium
619 771 715 823 autem
729 765 848 822 rectior.

180 846 231 907 78.
251 844 334 923 (80.)
358 842 546 906 Contexenda
567 855 631 905 sunt
646 846 691 905 his
708 846 885 907 caelestibus
901 864 976 906 nexa
994 846 1161 909 cenetense

118 929 250 1007 Namque
267 938 296 987 et
310 926 471 1006 Aethiopas
485 930 571 988 vicini
586 931 691 990 sideris
705 946 815 1008 vapore
833 930 939 989 torreri
953 929 1120 1007 adustisque
1200 947 1204 953 ’

119 1012 221 1072 similis
234 1012 315 1088 gigni
330 1010 420 1070 barba
435 1018 464 1071 et
479 1013 586 1089 capillo
601 1012 715 1072 vibrato
730 1030 788 1072 non
805 1022 851 1073 est
871 1014 1001 1088 dubium,
1026 1021 1055 1071 et
1071 1011 1119 1072 ad·

85 1114 207 1158 reversa
231 1095 317 1172 plaga
342 1094 437 1154 mundi
461 1095 581 1155 candida
601 1104 687 1174 atque
708 1096 826 1173 glaciali
848 1106 914 1157 cute
936 1115 1003 1173 esse
1025 1096 1121 1173 gentis

118 1179 203 1239 llavis
226 1178 383 1256 promissas
408 1177 550 1254 crinibus,
574 1175 664 1238 trhcis
687 1196 758 1239 vero
781 1198 819 1239 ex
839 1179 915 1239 caeli
934 1181 1034 1255 rigore
1056 1180 1119 1253 has,

118 1262 186 1322 illas
203 1261 362 1321 mobilitate
384 1260 522 1337 hebetes,
546 1261 672 1341 ipsoque
690 1280 803 1321 crurum
823 1271 992 1339 argumento
1015 1263 1072 1323 illis
1092 1264 1121 1320 in

119 1363 228 1423 supera
243 1362 342 1404 sucum
357 1345 491 1404 revocari
511 1353 610 1406 nabua
625 1346 761 1423 vaporis,
785 1345 829 1405 his
853 1346 1009 1406 intuleras
1031 1347 1121 1424 partis

115 1428 232 1506 ‚depelli
248 1443 348 1487 umore
367 1428 500 1487 deciduo.
529 1428 576 1488 hic
590 1430 690 1505 gravis
704 1428 800 1504 ieras,
818 1428 880 1489 illic
894 1430 990 1489 varias
1006 1429 1122 1505 effigies

84 1513 283 1573 inanimalium
294 1512 461 1589 provenire,
478 1520 508 1570 et
518 1529 650 1572 maxume
662 1513 758 1572 alitum
770 1513 798 1571 in
809 1513 913 1573 multas
923 1512 1030 1589 ligures
1041 1512 1121 1589 gigni

119 1596 267 1655 volucres.
282 1610 436 1673 corporum
448 1603 542 1655 autem
551 1597 756 1674 proceritatem
767 1595 931 1673 utrobique,
943 1596 1004 1655 illic
1016 1596 1121 1672 ignium

119 1679 202 1755 nisu,
218 1679 265 1737 hic
280 1679 387 1737 umoris
403 1678 548 1737 alimento.
570 1678 666 1738 medic
677 1696 750 1738 vero
765 1686 862 1738 terrae
874 1677 984 1738 salubri
1004 1680 1164 1739 etnim-190

121 1780 179 1841 que
194 1762 315 1821 mixtura
332 1761 436 1820 iertilis
459 1760 494 1821 ad
511 1762 603 1821 omnia
625 1770 734 1822 tractus
755 1761 887 1822 modicos
903 1779 1057 1839 corporum
1072 1761 1121 1820 ha·

120 1845 198 1905 bitus
213 1862 315 1922 magna
330 1853 359 1904 et
374 1845 402 1903 in
417 1843 518 1904 colore
534 1846 687 1923 temperie,
703 1846 774 1905 ritus
788 1845 904 1921 molles,
923 1862 1026 1906 sensus
1038 1845 1121 1923 liqui·-

84 1951 111 1993 ao
122 1928 188 2005 dos,
204 1930 320 2005 ingenia
335 1927 458 1987 fecunda
473 1928 617 2008 totiusque
633 1937 752 1989 naturae
769 1930 898 2007 capacia,
915 1929 1017 1989 iisdem
1031 1924 1129 2007 impe?

120 2014 182 2087 ria,
205 2029 279 2089 quae
299 2029 450 2089 numquam
475 2012 589 2071 extimis
609 2011 746 2087 gentibus
763 2012 884 2087 inerint,
908 2014 982 2071 sicut
1001 2013 1122 2072 naillac

122 2095 240 2172 quidem
254 2094 299 2153 his
315 2095 461 2173 paruerint
476 2096 594 2155 avolsae
618 2112 653 2156 ac
668 2112 722 2174 pro
738 2097 845 2154 unitate
867 2104 985 2154 naturae
999 2112 1122 2171 urguen-

120 2179 159 2236 tis
174 2178 239 2237 illas
256 2177 412 2237 solitariae.
540 2229 544 2232 .

155 2310 161 2319 .
186 2260 237 2321 79.
255 2259 338 2338 (81.)
354 2260 579 2335 Babyloniorum
600 2258 706 2337 placita
722 2266 752 2317 et
771 2266 865 2317 motus
886 2266 982 2317 terrae
997 2256 1102 2316 hiatus·
1114 2267 1164 2322 191
1193 2287 1198 2293 ·

84 2370 111 2409 25
124 2362 182 2422 que
198 2351 229 2402 et
244 2353 342 2403 cetera
358 2344 450 2404 omnia
466 2343 592 2403 siderum
606 2344 636 2401 vi
654 2343 825 2401 existumant
840 2342 919 2417 lieri,
941 2341 995 2400 sed
1010 2340 1124 2399 illorum
1214 2351 1217 2355 “

121 2428 216 2486 trium.
230 2426 333 2505 quibus
354 2426 470 2487 iulmina
492 2428 660 2503 adsignant,
686 2426 750 2485 lieri
768 2434 862 2486 autem
885 2425 1038 2485 meantium
1060 2441 1124 2483 cum

121 2510 187 2569 sole
200 2519 248 2569 aut
262 2511 480 2585 congruentium
492 2518 521 2570 et
531 2528 663 2570 maxume
677 2511 755 2569 circa
768 2510 905 2587 quadrata
917 2509 1022 2568 mundi.
1037 2507 1123 2566 Prae·

122 2592 202 2652 clara
218 2592 360 2670 quaedam
375 2602 404 2653 et
419 2593 575 2653 inmortalis
590 2594 618 2651 in
634 2610 682 2668 ec,
699 2594 723 2651 si
740 2592 894 2666 credimus,
910 2592 1042 2651 divinitas
1057 2608 1123 2667 per·

121 2675 239 2735 hibetur
252 2674 465 2736 Anaximandro
481 2675 596 2736 blilesio
613 2676 746 2755 physico,
763 2694 849 2753 quem
866 2674 962 2733 ierunt
978 2672 1124 2732 Lacedae·

87 2759 227 2820 acmcuiis
238 2758 421 2837 praedixisse
434 2767 464 2818 ut
475 2758 575 2819 urlmm
589 2778 623 2819 ao
634 2769 712 2819 tecta
722 2758 910 2829 custodirent,
926 2758 1034 2814 instare
1050 2756 1124 2813 enim

121 2851 229 2901 motam
244 2850 352 2917 terrae,
372 2851 469 2914 ettam
482 2843 553 2901 urbs
565 2852 625 2902 tota
638 2859 739 2901 eorum
751 2841 862 2900 conruit
872 2847 903 2897 et
913 2837 1034 2913 Taygeti
1046 2853 1124 2895 mon-

121 2926 159 2983 tis
180 2943 283 3000 magna
303 2942 371 3002 pars
393 2926 429 2985 ad
450 2925 569 2985 formam
592 2926 697 3001 puppis
721 2925 850 2981 eminens
873 2920 994 2997 abrupta
1013 2920 1126 2979 cladem

123 3025 188 3067 cam
208 3008 329 3086 insuper
346 3010 425 3069 ruina
447 3009 564 3086 pressit.
595 3006 770 3067 Perhibetur
791 3011 821 3063 et
838 3002 1000 3078 Pherecydi
1021 3002 1125 3077 Pytha·

122 3108 215 3168 goras
229 3090 341 3150 doctori
352 3091 408 3151 alia
420 3092 605 3164 coniectatio,
625 3090 678 3154 sed
690 3097 720 3147 et
731 3088 780 3145 illa
793 3086 898 3161 divina,
909 3086 1017 3146 'haustu
1032 3102 1125 3163 aquae

88 3190 141 3233 aee
156 3181 246 3251 puteo
262 3175 466 3251 praesensisse
482 3192 517 3233 ac
533 3172 715 3251 praedixisse
728 3178 825 3230 terrae
840 3178 955 3228 motum.
983 3168 1064 3241 Quae
1079 3170 1104 3225 si
1117 3174 1167 3229 192

121 3274 194 3315 vera
212 3266 287 3331 sunt,
304 3265 438 3333 quantum
454 3274 470 3315 a
486 3257 542 3315 deo
560 3256 675 3316 tandem
688 3253 782 3312 rideri
795 3262 921 3329 possunt
931 3253 1005 3312 tales
1018 3252 1126 3311 distare

122 3338 189 3399 dum
204 3336 321 3398 vivant?
350 3338 388 3398 Et
408 3338 482 3398 haec
498 3339 613 3416 quidem
629 3336 748 3397 arbitrio
773 3337 912 3413 cuiusque
930 3332 1126 3394 existumanda

121 3420 329 3501 relinquantur.
356 3416 503 3482 ventosin
520 3438 607 3481 causa
625 3436 765 3481 essenon
785 3418 900 3479 dubium
920 3434 998 3477 reor.
1030 3432 1125 3492 neque
1180 3467 1182 3476 .
