2542 3842
167 150 225 211 176
530 93 839 211 c.rnru1snounb1
938 180 949 195 =

165 317 201 377 lis
222 317 298 377 inter
321 334 354 377 se
378 318 616 393 concucurrisse,
638 317 773 394 quoniam
795 333 886 394 parvo
911 316 1056 376 discretae
1079 317 1167 376 inter·

164 401 243 461 vallo
269 419 307 459 ex
327 402 450 463 adverso
474 399 644 461 intrantibus
666 400 802 477 geminae
823 399 1018 459 cernebantur
1039 400 1167 477 paulum·
1268 429 1269 432 ¹

165 503 223 563 que
240 484 356 546 deflexa
377 486 441 545 acie
464 486 629 544 coeuntium
650 484 782 561 speciem
801 483 991 562 praebebant.
1024 480 1103 544 Citra
1118 484 1167 545 lli·

165 577 270 643 strom,
289 568 537 647 Apolloniatarum
558 586 614 629 una
630 566 737 628 LXXX
751 567 780 628 Μ
793 586 811 629 a
824 568 959 647 Bosporo
978 568 1112 643 Thracio,
1129 586 1168 627 ex
1268 615 1269 618 ι

167 669 222 729 qna
244 652 282 711 Μ.
299 652 435 713 Lucullus
451 649 645 731 Capitolinum
659 651 827 729 Apollinem
843 652 969 713 advexit.
999 654 1076 712 inter
1089 654 1189 713 ostias

122 723 156 819 ᾇξ
166 734 254 796 Histri
274 754 348 815 quae
373 744 472 797 essent
493 737 625 796 diximus.
658 733 734 795 Ante
751 736 953 811 Borysthenen
969 735 1105 801 Achillea
1122 745 1169 796 est

129 844 153 879 ss
165 838 253 897 supra
269 821 360 895 dicta,
385 820 486 880 eadem
508 819 605 879 Leuce
630 827 659 877 et
674 816 812 881 Macaron
827 821 985 899 appellata.
1005 820 1082 881 banc
1095 828 1166 879 tem·

165 920 267 981 porum
291 904 391 962 horum
413 903 620 963 demonstratio
647 919 664 961 a
684 901 866 978 Borysthene
889 901 963 966 CXL
983 903 1012 963 lil
1027 904 1124 982 ponit,
1150 922 1167 963 a

166 986 243 1063 Tyra
266 985 346 1047 CXX
367 985 412 1061 iil,
437 1004 453 1046 a
474 986 572 1047 Peuce
595 986 688 1046 insula
709 986 784 1049 Lbl.
811 988 936 1063 cingitur
957 989 1076 1047 circiter
1095 986 1124 1046 X
1136 984 1184 1065 bl,
1268 1005 1270 1054 i

164 1089 244 1149 pass.
282 1069 424 1149 Reliquae
445 1071 474 1129 in
490 1068 633 1131 Carcinite
657 1071 719 1130 sinn
738 1067 995 1150 Cephalonnesos,
1011 1070 1204 1149 Rhospho-ro
1268 1107 1270 1148 ÷

164 1154 252 1229 dosa,
275 1152 383 1214 lilacra.
423 1152 489 1214 Non
510 1163 556 1213 est
578 1155 734 1215 omittenda
757 1154 910 1215 multorum
931 1156 1049 1233 opinio,
1074 1157 1166 1233 prius-

165 1256 249 1317 quam
276 1237 453 1315 digredimur
478 1258 494 1301 a
517 1237 625 1313 Ponto,
653 1240 701 1317 qui
725 1240 814 1299 maria
835 1241 931 1299 omnia
956 1240 1094 1300 interiora
1114 1238 1166 1319 illo

165 1324 262 1399 capite
278 1323 373 1397 nasci,
396 1340 454 1383 non
475 1322 614 1384 Gaditano
635 1323 728 1398 ireto,
750 1324 964 1386 existumarem
985 1322 1053 1383 haut
1068 1323 1165 1400 inpro-

163 1404 252 1466 babili
269 1416 454 1482 argnmento,
479 1409 613 1484 quoniam
631 1415 730 1467 aestus
744 1422 864 1485 semper
877 1422 899 1466 e·
910 1406 1001 1468 Ponto
1018 1406 1167 1484 profluens

163 1506 314 1567 numquam
332 1492 509 1567 reciprocat.
1174 1502 1203 1543 ¹⁵

29 1615 35 1625 ι
121 1581 155 1635 st
220 1571 390 1633 Exeundum
406 1573 509 1633 deinde
527 1580 588 1647 est,
602 1580 633 1632 ut
649 1580 750 1633 extera
765 1571 902 1651 Europae
917 1574 1057 1646 dicantur,
1073 1581 1165 1633 trans·

163 1658 334 1734 pressisque
361 1656 491 1735 Ripaeos
517 1664 629 1717 montes
656 1656 723 1716 litus
738 1659 852 1717 oceani
875 1653 1111 1737 septentrionalis
1136 1660 1166 1716 in

166 1739 266 1813 laeva,
295 1738 391 1799 donec
417 1741 602 1817 perveniatur
624 1737 727 1816 Gadis,
753 1741 918 1817 legendnm.
956 1739 1071 1801 lnsulae
1095 1758 1164 1801 con·

164 1821 265 1899 plures
292 1823 354 1883 sine
379 1823 541 1885 nominibus
568 1841 604 1883 eo
632 1825 689 1885 situ
713 1825 877 1901 traduntur,
908 1824 1073 1903 exquibus
1097 1834 1164 1885 ante

164 1905 311 1979 Scythiam
333 1923 407 1983 quae
423 1908 588 1985 appellatur
601 1906 750 1970 Raunonia
767 1928 851 1969 unam
871 1910 979 1971 abesse
994 1910 1051 1969 diei
1068 1920 1203 1984 cursn,2o

164 1988 192 2047 in
209 2004 293 2065 qnam
308 1991 386 2049 veris
402 1999 535 2069 tempore
556 1992 689 2053 iluctibus
710 1993 852 2054 electrum
872 1995 1007 2069 eiciatur,
1031 1991 1166 2052 Timaeus

163 2072 302 2150 prodidit.
330 2075 443 2153 reliqua
461 2075 546 2135 litora
561 2078 671 2137 incerta
689 2078 800 2154 signata
815 2077 900 2139 lama.
928 2076 1165 2157 septentrionalis

163 2173 302 2217 oceanus.
336 2157 516 2221 Amalchium
534 2179 598 2219 eum
614 2160 780 2223 Hecataeus
802 2162 934 2241 appellat
955 2182 971 2223 a
989 2162 1164 2238 Parapaniso

163 2258 263 2315 amne,
287 2258 343 2319 qna
360 2244 507 2317 Scythiam
530 2244 634 2321 adluit,
659 2245 736 2323 quod
756 2263 861 2307 nomen
877 2247 941 2305 eins
954 2247 1050 2321 gentis
1068 2244 1165 2321 lingua

119 2330 153 2384 95
161 2324 308 2401 significat
325 2326 519 2401 congelatum.
549 2327 698 2390 Philemon
711 2327 929 2387 lilorimarnsam
944 2346 960 2387 a
976 2327 1097 2388 Cimbris
1111 2344 1163 2387 ro·
1173 2346 1203 2387 aa

163 2410 240 2482 cari,
269 2408 326 2467 hoo
348 2418 393 2467 est
413 2420 555 2469 mortuum
577 2426 673 2482 mare,
698 2428 791 2486 usque
812 2412 848 2470 ad
864 2412 1089 2487 promontorium
1106 2410 1163 2469 Rn·

162 2490 245 2564 beas,
262 2490 336 2550 ultra
354 2490 459 2551 deinde
475 2489 619 2551 Cronium.
646 2490 810 2568 Xenophon
824 2492 1038 2569 Lampsacenus
1050 2512 1066 2553 a
1077 2494 1164 2553 litore

163 2571 334 2647 Scytharum
354 2573 439 2634 tridui
460 2574 644 2650 navigatione
665 2575 786 2634 insulam
803 2593 871 2635 esse
892 2578 1038 2635 inmensae
1054 2579 1164 2651 magni·

163 2656 268 2715 tudinis
294 2656 416 2716 Baltiam
441 2656 544 2732 tradit,
570 2658 691 2717 eandem
717 2658 843 2732 Pytheas
868 2658 1002 2719 Basiliam
1026 2660 1162 2719 nominat.

161 2738 304 2799 Feruntur
326 2749 354 2799 et
372 2739 492 2801 Oeonas
508 2742 537 2801 iu
555 2740 658 2819 quibus
672 2743 737 2801 oris
754 2743 847 2802 avium
863 2752 900 2803 et·
913 2743 1033 2802 harenis
1048 2743 1163 2803 incolae
1173 2760 1203 2802 ao

161 2823 272 2899 vivant,
301 2823 375 2883 aliae
400 2826 428 2883 in
451 2823 553 2902 quibus
576 2826 689 2902 equinis
711 2826 837 2904 pedibus
857 2826 989 2886 homines
1010 2836 1163 2887 nascantur

160 2905 354 2985 llippopodes
383 2908 533 2988 appellati.
577 2907 766 2972 Fanesiorum
795 2912 871 2971 aliae
899 2912 929 2969 in
957 2910 1059 2988 qnibns
1087 2910 1163 2969 nuda

162 2989 271 3067 alioqui
295 3007 421 3075 corpoqa
442 2992 641 3071 praegrandes
662 2996 790 3071 ipsorum
814 3012 899 3053 aures
917 3003 977 3053 tota
994 3002 1160 3070 contegant.

52 3102 56 3110 ·
120 3079 154 3133 96
161 3071 264 3150 Incipit
285 3075 351 3135 inde
373 3075 480 3135 clarior
503 3076 611 3153 aperiri
628 3076 703 3137 fama
719 3076 755 3136 ab
771 3087 860 3154 gente
876 3076 1072 3154 lngaeuouum
1087 3094 1162 3155 quae

164 3164 209 3215 est
234 3156 300 3215 inde
328 3160 418 3234 prima
443 3157 622 3219 Germaniae.
662 3159 747 3221 blons
767 3163 847 3222 Sero
872 3162 911 3221 ibi
934 3162 1080 3221 inmensus
1104 3178 1199 3221 necas

162 3238 281 3316 Ripaeis
302 3240 377 3315 iugis
398 3242 491 3301 minor
507 3244 650 3303 inmanem
672 3244 708 3304 ad
724 3241 904 3305 Cimbrorum
920 3262 1010 3322 usque
1025 3260 1161 3323 promon-
1268 3249 1270 3257 ’

162 3324 267 3381 torinm
290 3323 379 3381 eillcit
403 3326 509 3399 sinum,
539 3328 588 3403 qui
613 3325 748 3388 Codanus
770 3338 896 3389 vocatur
911 3329 1038 3387 refertus
1059 3326 1160 3386 insulis
1268 3332 1270 3347 '

164 3422 282 3481 quarurn
298 3405 456 3467 clarissima
473 3418 518 3471 est
534 3410 724 3472 Scandinavia
744 3414 933 3491 inconpertae
947 3411 1159 3491 magnitudinis,
