2542 3842
177 164 218 225 78
522 176 550 223 o
568 176 664 223 aurun
681 177 831 225 euoenon

176 349 241 391 cunr
256 332 350 391 desint
364 327 448 391 etiarn
465 332 578 392 nomina
594 334 647 392 eis
677 350 747 411 quas
763 336 874 398 nativas
894 292 1050 413 appellant
1063 336 1165 415 aliquot

174 416 268 475 modis
294 414 448 494 llispania
476 417 551 492 nigri
570 417 691 477 velleris
717 419 890 496 praecipuas
917 418 1010 481 habet
1030 417 1165 481 Pollentia

175 502 254 560 iuxta
275 499 377 578 Alpis
399 502 456 559 iam
477 500 547 558 Asia
553 501 640 598 'rutili
661 520 732 579 quas
759 501 935 577 Erythraeas
955 512 1077 576 vocant,
1104 504 1165 563 item

176 668 307 727 omnibus
323 669 527 727 medicatoris.
543 667 645 727 Istriae
656 668 865 747 Liburniaeque
882 670 940 748 pilo
954 671 1073 748 propior
1086 688 1183 747 quamn

176 754 270 826 lanae,
286 755 372 830 pexis
392 752 485 811 aliena
506 752 637 811 vestibus
653 762 681 811 et
696 771 779 831 quarn
803 754 917 813 Salacia
934 755 1076 815 scutulato
1091 762 1165 815 textu

176 836 354 896 commendat
368 837 396 894 in
406 835 558 894 Lusitania.
574 837 673 894 similis
687 838 763 896 cir'ca
775 837 909 896 Piscenas
922 840 1090 915 provinciae
1099 838 1164 899 Nar-

174 921 330 995 bonensis,
352 919 452 981 similis
470 929 499 978 et
519 921 548 978 in
570 920 725 997 Aegypto,
744 940 781 981 ex
804 938 860 998 qua
881 924 972 981 vestis
993 922 1096 981 detrita
1116 942 1164 981 usu

74 1024 80 1033 ’
174 1006 301 1083 pingitur
320 1021 479 1081 rursusque
501 1019 574 1062 aevo
597 1004 688 1064 dorat.
720 1014 766 1063 est
789 1014 819 1063 et
835 1005 927 1066 hirtae
948 1005 1007 1083 pilo
1023 1024 1123 1065 crasso
1139 1008 1166 1065 in

174 1090 280 1167 tapetis
296 1088 491 1168 antiquissima
505 1088 606 1163 gratia.
622 1089 678 1147 iam
695 1098 775 1148 certe
795 1091 909 1167 priscos
929 1091 963 1150 iis
980 1107 1050 1148 usos
1065 1090 1164 1152 llome·
1177 1109 1199 1161 no

174 1191 224 1232 rus
247 1180 348 1238 auctor
371 1180 426 1230 est.
456 1172 541 1231 aliter
559 1171 633 1231 haec
654 1171 727 1233 Galli
744 1174 876 1250 pingunt,
900 1174 983 1233 aliter
1005 1173 1168 1233 Parthorum

135 1265 185 1321 192
193 1268 306 1333 gentes.
340 1256 434 1315 Lanae
455 1265 485 1315 et
500 1272 554 1333 per
568 1273 601 1313 se
617 1266 755 1315 coactam·
767 1266 878 1317 vestem
898 1258 1006 1317 faciunt
1022 1266 1067 1333 et,
1084 1260 1108 1317 si
1122 1259 1167 1319 ad-

175 1340 257 1400 datur
271 1350 394 1412 acetum,
410 1342 495 1401 etiam
505 1340 585 1398 ferro
599 1341 751 1417 resistunt,
769 1342 853 1401 irmno
869 1359 941 1401 vero
958 1344 1043 1403 etiam
1058 1342 1169 1418 ignibus

174 1427 331 1504 novissimo
347 1426 390 1482 sui
401 1432 600 1501 purgamento.
629 1425 736 1501 quippe
750 1427 830 1484 aenis
842 1426 1167 1503 polientiumextraotao

174 1512 204 1569 in
216 1509 334 1568 tomenti
348 1525 429 1567 usum
442 1508 559 1567 veniunt
573 1506 737 1581 Galliarum,
753 1518 784 1567 ut
794 1509 928 1585 arbitror,
944 1510 1069 1569 invento.
1079 1520 1167 1569 certe
1179 1526 1204 1566 ιι

175 1592 293 1653 Gallicis
308 1592 396 1653 hodie
415 1590 573 1649 nominibus
595 1592 783 1667 discernitur
806 1610 861 1651 nec
876 1593 962 1652 facile
979 1594 1099 1652 dixerim
1114 1612 1171 1671 qua

134 1676 218 1742 193id
240 1684 334 1736 aetate
360 1676 500 1751 coeperit
533 1676 657 1750 antiquis
678 1677 752 1735 enim
772 1684 852 1733 torus
874 1695 890 1734 e
913 1684 1069 1737 stramento
1096 1685 1169 1751 erat,

176 1758 301 1835 qualiter
316 1761 400 1819 etiam
414 1775 490 1816 nunc
513 1759 667 1817 incastris.
699 1776 827 1835 gausapa
851 1760 940 1836 patris
960 1762 1016 1817 mei
1032 1740 1225 1822 memoria
1254 1816 1255 1827 2

175 1858 305 1921 coepere
329 1841 519 1919 amphimallia
546 1850 656 1916 nostra,
681 1844 753 1901 sicut
776 1841 880 1901 villosa
907 1842 991 1901 etiam
1016 1845 1169 1904 ventralia.

172 1944 236 1986 nom
251 1930 346 1987 tunica
362 1926 412 1985 lati
429 1925 524 1984 clavi'
516 1944 544 1983 ιιι
568 1924 682 1985 modum
707 1942 853 2003 gausapae
868 1927 927 1985 texi
953 1944 1027 1986 nuno
1047 1928 1202 2003 primumao
1254 1952 1255 1961 ¹

173 2012 282 2089 incipit
312 2011 450 2071 Lanarum
467 2010 688 2087 nigraennllnm
704 2010 832 2073 colorem
848 2009 956 2069 bibunt.
990 2010 1025 2073 de
1042 2011 1169 2089 reliqua·
1251 2020 1255 2097 j

132 2092 253 2179 ⁹¹³⁴rum
264 2089 399 2155 iniectu
389 2096 448 2153 suis
464 2095 537 2154 locis
552 2095 681 2155 dicemus
696 2096 723 2154 in
735 2094 895 2169 oonqhyliis
906 2095 991 2155 maris
1002 2104 1049 2155 aut
1063 2094 1169 2155 herba·

131 2143 252 2262 ¹¹⁴?rum
269 2191 377 2240 natura

83 2282 93 2292 ’
131 2272 183 2326 194
255 2265 337 2342 (74)
354 2263 479 2322 Lanam
469 2281 498 2320 ιιι
510 2262 576 2321 colu
589 2272 618 2322 et
631 2264 697 2323 fuso
709 2262 883 2342 Tanaquilis,
897 2280 972 2341 quae
985 2262 1085 2321 eadem
1098 2262 1170 2323 Gaia

173 2345 301 2407 Gaecilia
315 2356 418 2405 vocata
434 2354 489 2420 est,
513 2346 666 2424 intemplo
682 2348 767 2407 Saaoi
780 2347 899 2406 durasse
914 2346 1056 2444 prodente
1070 2364 1101 2404 se
1118 2362 1169 2403 au·
1156 2366 1207 2407 -as

174 2442 238 2493 otor
254 2440 298 2488 est
312 2427 350 2487 Μ
367 2428 475 2502 Varro,
499 2429 662 2507 laetamque
683 2431 719 2489 ab
742 2447 776 2489 ea
799 2439 896 2506 togam
918 2431 1028 2506 regiam
1049 2428 1171 2491 undula-

172 2524 229 2573 tam
244 2515 272 2570 ln
287 2513 360 2571 aede
375 2472 536 2586 Portuhae,
559 2532 616 2592 qua
630 2515 694 2571 Ser.
711 2512 821 2573 Tullius
842 2514 935 2573 iuerat
951 2532 1028 2578 usus
1044 2502 1109 2573 inde
1125 2511 1172 2573 ia-

174 2606 249 2657 ctum
262 2605 294 2655 ut
306 2596 439 2655 nubentis
455 2598 584 2672 virgines
600 2598 785 2655 comitaretur
809 2597 891 2657 eolus
910 2607 1024 2675 compta
1040 2606 1068 2656 et
1084 2596 1173 2655 fusus

174 2696 237 2738 curn
258 2683 388 2741 stamine.
422 2698 457 2740 ea
477 2682 568 2757 prima
591 2682 683 2739 texuit
708 2689 816 2740 rectam
831 2682 970 2756 tunicam,
994 2680 1085 2759 qualis
1102 2698 1174 2739 cum

131 2772 258 2841 lostoga
273 2784 344 2843 pura
360 2766 469 2825 tirones
487 2765 638 2824 induuntur
657 2782 810 2842 novaeque
824 2774 939 2843 nuptae.
970 2764 1104 2825 undulata
1117 2782 1172 2823 ve·
1182 2780 1210 2823 ao

172 2849 225 2907 stis
247 2845 338 2929 prima
360 2866 377 2908 e
405 2848 608 2908 laudatissimis
628 2849 688 2909 luit.
732 2850 798 2909 inde
825 2848 1015 2911 sororiculata
1037 2848 1172 2907 defluxit.

173 2931 269 3011 'Pogas
283 2951 364 2992 nasas
380 2933 614 3010 Phryxianasque
636 2934 694 2992 divi
712 2932 831 3010 Augusti
851 2934 1011 2995 novissimis
1029 2933 1174 3009 tempori·

172 3016 225 3077 hus
246 3018 383 3094 coepisse
404 3018 505 3077 scribit
526 3017 700 3078 Fenestella.
737 3016 859 3077 crebrae
881 3024 1076 3095 papaveratae
1097 3017 1175 3075 anti·

87 3109 91 3118 ’
172 3104 303 3180 quiorem
319 3101 426 3161 habent
440 3103 579 3179 originem
600 3104 653 3160 iam
671 3102 723 3161 sub
739 3100 847 3161 Lucilio
873 3110 958 3180 poeta
974 3101 1002 3157 in
1018 3099 1175 3176 Torquato

171 3194 298 3247 notatae.
329 3194 499 3262 praetextae
520 3186 595 3264 apud
615 3185 755 3245 Etruscos
777 3186 916 3263 originem
937 3185 1084 3243 invenere.
1110 3193 1214 3245 tra-as
1254 3180 1255 3221 ³

172 3268 235 3328 heis
244 3270 433 3346 usosacoipio
440 3286 539 3345 reges,
555 3270 807 3347 pictasvestisiam
819 3266 1175 3346 opudHomerumiuisse‚
1254 3280 1255 3309 n

132 3350 264 3414 llldunde
278 3350 465 3428 triumphales
480 3359 573 3410 natae.
606 3370 660 3411 acu
674 3352 773 3411 iacere
795 3353 822 3411 id
839 3352 969 3428 Phryges
984 3352 1177 3425 invenerunt,

173 3433 299 3511 ideoque
318 3434 508 3509 Phrygioniae
526 3435 691 3511 appellatae
706 3444 780 3495 sunt.
814 3450 911 3497 aurum
925 3436 1056 3495 intexere
1074 3435 1104 3495 in
1121 3451 1178 3495 ea·
