2542 3842
186 123 249 186 222
527 129 558 180 c.
576 129 672 176 rums
689 127 839 176 suenum

186 292 215 350 in
228 305 281 347 nsn
297 305 381 370 qnam
397 285 535 361 odorata,
553 285 696 362 cibosque
710 281 816 342 Sabaei
826 290 932 342 cocunt
947 283 1017 341 turis
1033 281 1133 358 liguo,
1153 282 1202 342 alii

186 389 317 448 murrae,
342 371 514 452 oppidorum
528 368 717 445 vicorumque
733 383 790 425 non
810 366 868 426 alio
884 379 967 444 quarn
982 383 1020 425 er
1035 369 1099 425 aris
1116 367 1201 426 luno

188 467 273 538 atque
295 455 407 515 nidore.
437 455 473 515 ad
491 453 567 514 bunc
587 469 660 530 ergo
676 451 832 511 sanandum
855 458 999 525 styracem
1020 451 1049 508 in
1069 451 1201 510 lollibns

188 549 289 622 petunt
310 539 445 615 hircinis,
468 537 643 616 suffiuntque
662 545 751 596 tecta.
786 535 863 595 adeo
887 535 966 596 nulla
986 543 1032 594 cst
1052 535 1200 614 voluptas

189 643 263 706 qnae
279 643 335 684 non
354 623 523 684 adsiduitate
542 621 685 681 lastidinm
701 621 803 700 pariat.
826 618 957 678 linndem
973 629 1003 680 et
1016 618 1053 679 sd
1069 631 1218 698 serpeus

188 711 224 770 tis
238 709 380 788 fugandas
396 717 479 766 urunt
494 709 521 764 in
537 704 692 766 odoriferis
707 705 789 764 siluis
803 704 1063 782 frequentissimas.

137 803 181 857 '82
258 795 306 855 18.
330 793 412 874 (41.)
430 781 494 850 Non
507 799 572 850 sunt
587 800 687 848 eornm
703 790 909 847 cinanmomum
924 797 973 847 aut
989 789 1089 864 oasia,
1110 799 1147 850 et
1159 799 1198 848 ta·

189 895 254 936 men
269 877 341 937 lelix
352 875 516 954 appellatur
530 873 656 947 Arabia,
668 873 735 932 lulsi
747 881 776 931 et
789 873 893 949 ingrati
908 873 1106 949 cognominis,
1123 891 1197 952 quse

187 962 245 1022 boc
263 969 413 1040 acceptum
429 960 544 1038 superis
566 958 659 1032 leral,
681 973 743 1016 cnm
765 956 833 1034 plns
848 973 886 1015 ex
901 973 939 1016 eo
956 956 1057 1015 inieris
1072 957 1196 1018 debeat.

189 1046 302 1106 beatam
320 1044 398 1103 illam
414 1044 483 1103 lecit
500 1041 644 1103 hominnm
659 1042 745 1101 etiam
766 1042 794 1099 ln
809 1049 903 1100 morte
923 1041 1034 1100 luxuria
1051 1059 1139 1119 qnae
1158 1043 1218 1102 nina

145 1121 390 1194 &intellexerant
403 1130 499 1206 genita
514 1128 654 1187 urentium
669 1125 821 1186 defunctis.
852 1125 939 1184 Periti
954 1141 1049 1184 rerum
1065 1125 1196 1186 adseve-

189 1223 252 1274 rant
267 1229 323 1272 ncn
344 1212 423 1272 lerre
438 1221 544 1272 tantum
558 1226 654 1270 annno
668 1211 728 1270 letn
742 1219 877 1290 qnantum
891 1207 970 1269 Nero
983 1210 1134 1287 princeps
1149 1228 1194 1269 no·

189 1299 307 1358 sissimo
317 1295 474 1378 Poppaeae
485 1313 555 1356 snae
566 1295 613 1355 dle
626 1297 865 1355 concremaverit.
886 1295 1076 1353 aestimentur
1087 1305 1195 1371 postea

136 1457 139 1462 Ι
190 1392 251 1443 toto
275 1380 346 1440 orbe
371 1381 492 1458 singulis
513 1379 592 1440 annis
614 1389 658 1439 tot
672 1380 791 1454 lunera,
815 1380 1030 1456 acervatimque
1046 1388 1194 1456 congesta
1232 1382 1235 1473 'p

188 1467 291 1527 honori
314 1465 486 1524 cadaverum
510 1481 584 1541 quae
599 1464 645 1523 dis
664 1481 719 1542 per
739 1463 868 1540 singulas
882 1464 972 1522 micas
991 1461 1107 1520 dantur.
1143 1475 1215 1522 neca
1234 1492 1236 1567 q

188 1553 280 1611 minus
304 1549 420 1626 propitii
442 1555 523 1607 erant
544 1548 621 1607 mola
643 1547 720 1606 salsa
735 1547 981 1625 supplicantibus,
1004 1539 1193 1620 inmanem,

146 1641 219 1697 sunt
235 1631 328 1711 palam
343 1639 403 1705 est,
422 1629 609 1708 placationes.
646 1647 746 1688 rerum
761 1629 887 1688 Arabiae
903 1631 1055 1688 etiamnum
1074 1629 1194 1690 lelicins
1232 1584 1237 1667 1

188 1733 266 1774 mare
282 1722 337 1773 est.
369 1731 406 1772 ex
417 1711 469 1771 lllo
484 1729 606 1792 namque
623 1715 793 1790 margaritas
804 1713 897 1770 nrittit.
924 1713 1110 1794 minumaque
1123 1731 1195 1775 con·

187 1797 335 1878 putatione
352 1795 465 1856 miliens
487 1795 701 1856 centena'mrlia
716 1796 881 1855 sestertlmn
899 1797 980 1855 annis
997 1799 1132 1858 omnibus
1146 1797 1193 1857 ln·

119 1882 123 1890 “
188 1883 233 1942 dia
249 1889 278 1941 et
293 1877 382 1941 Seles
399 1881 625 1961 paeninsulaqne
641 1879 690 1940 llla
706 1881 828 1959 imperio
840 1887 942 1939 nostro
957 1880 1093 1941 adimunt.
1119 1883 1222 1949 tantia

188 1965 272 2026 nobis
284 1965 408 2026 deliciae
420 1973 449 2025 ct
463 1965 586 2025 feminac
601 1973 741 2026 constant.
775 1975 862 2043 quota
882 1967 956 2024 enim
967 1967 1063 2044 portio
1076 1983 1117 2025 ex
1131 1967 1190 2026 illis

189 2051 224 2111 ad
242 2051 314 2110 deos
332 2067 442 2130 quaeso
460 2051 514 2110 iam
535 2049 584 2108 vel
602 2049 639 2112 ad
653 2049 763 2109 inferos
780 2045 927 2127 pertinet?

145 2132 203 2199 85*
252 2133 299 2193 19.
326 2132 408 2214 (42.)
432 2131 647 2194 cinnamomum
668 2144 697 2192 et
718 2135 812 2194 casias
826 2133 960 2193 labnlose
977 2134 1103 2193 samarit
1116 2136 1191 2192 anti·

188 2219 281 2300 quitus
300 2220 496 2296 princepsque
518 2217 685 2278 llerodotns
706 2220 799 2278 avium
813 2217 888 2276 nidis
905 2227 935 2276 et
947 2217 1076 2295 privatin
1089 2217 1187 2293 pboe-

187 2303 276 2376 nicis,
300 2305 327 2360 in
345 2319 401 2380 qno
418 2303 473 2359 situ
488 2299 574 2360 Liber
589 2311 673 2380 pater
693 2301 830 2361 educatus
847 2311 943 2377 esset,
960 2318 997 2360 ex
1012 2301 1090 2360 inviis
1103 2301 1186 2379 rupi·
1197 2319 1225 2360 aa

187 2385 241 2446 bus
256 2385 464 2464 arboribusque
477 2385 574 2446 decutl
590 2386 684 2445 carnis
696 2403 780 2468 qnam
796 2388 879 2467 ipsae
895 2385 1036 2445 inferrent
1053 2384 1193 2462 pondere

188 2479 236 2530 ant
250 2467 402 2548 plumbatis
419 2465 541 2544 sagittis,
560 2471 627 2528 item
644 2471 749 2529 casiam
765 2470 843 2529 circa
857 2469 973 2548 paludis
985 2479 1195 2549 propugnante

187 2549 328 2630 unguibus
345 2551 410 2612 diro
422 2553 660 2634 vespertilionum
674 2569 783 2632 genere
799 2553 976 2634 aligerisque
988 2550 1193 2630 serpentibus,

144 2635 229 2702 salsis
246 2637 413 2695 commentis
433 2645 573 2713 augentes
593 2654 688 2696 rerum
709 2637 812 2715 pretia.
848 2639 1069 2714 comitatorem
1085 2633 1193 2697 labnla

95 2779 100 2790 ,
180 2725 231 2781 ,esi
256 2719 291 2778 ad
315 2719 464 2779 meridiani
492 2720 564 2779 solis
587 2739 778 2800 repercussus
799 2721 1018 2782 inenarrabilem
1045 2721 1221 2805 quendamn

186 2802 380 2863 universitatis
405 2803 521 2865 halitum
546 2821 562 2864 e
587 2814 648 2865 tota
671 2806 840 2884 paeninsula
866 2807 1010 2865 exsistere
1027 2812 1076 2863 tot
1095 2823 1190 2881 gene·

188 2904 249 2946 rum
264 2905 351 2946 aurae
367 2888 495 2968 spirante
510 2897 673 2966 concentu,
690 2888 843 2970 llagnlqne
867 2888 1025 2949 Alexandri
1042 2889 1191 2950 classibus

186 2971 322 3031 Arabiam
338 2971 430 3030 odore
450 2975 569 3051 primum
590 2975 744 3032 nuntiatam
759 2974 787 3032 in
808 2972 903 3034 altum.
938 2974 1031 3032 omnia
1046 2972 1134 3046 lalsa,
1152 2975 1190 3032 si-

187 3056 300 3133 qnidem
318 3056 523 3116 cinnamomum
542 3055 677 3136 idemque
701 3058 857 3118 cinnamum
874 3059 1002 3118 nascitur
1021 3059 1050 3116 in
1064 3057 1190 3118 Aethio·

143 3145 177 3201 ut
186 3141 233 3217 pia
254 3137 429 3218 Trogodytis
451 3140 575 3200 conubio
590 3143 740 3222 permixta.
771 3140 800 3200 bi
816 3151 977 3202 mercantes
991 3140 1021 3200 id
1036 3160 1052 3201 a
1070 3152 1189 3204 conten·
1200 3159 1224 3200 aa

185 3223 266 3284 minis
280 3223 388 3284 uehunt
404 3241 459 3301 per
470 3226 557 3285 maria
573 3234 654 3286 vasta
668 3226 777 3284 ratibus
794 3243 865 3304 quas
877 3245 973 3306 neque
989 3226 1191 3303 gubernacula

185 3313 287 3384 regant
301 3323 396 3385 neque
413 3309 485 3366 remi
500 3307 613 3366 trabant
627 3307 677 3367 vel
694 3309 849 3386 inpellant,
866 3327 922 3370 non
939 3309 1022 3386 vela,
1038 3326 1096 3368 non
1111 3311 1190 3370 ratio

185 3387 242 3446 ulla
258 3387 389 3463 adiuvet,
408 3391 530 3448 omniurn
545 3393 634 3450 instar
651 3391 691 3449 ibi
706 3401 771 3452 sunt
785 3393 870 3452 lromo
884 3403 992 3454 tantum
1009 3403 1040 3454 et
1052 3393 1189 3457 andacia.
