2542 3842
303 182 384 231 nau.
402 178 493 233 urar.
509 178 599 229 ιιιιι.
618 148 737 233 at-aa
756 117 921 254 (tr—aeq*
1042 158 1099 234 ιιι
1144 144 1147 155 ’

97 340 155 422 plna
176 348 248 401 tane
266 336 418 400 dicebatur
441 354 517 417 quae
538 336 584 397 bia
607 336 695 399 tineta
719 343 814 414 esset,
836 336 928 399 veluti
947 340 1102 420 magnifica

96 426 250 505 inpendio,
269 422 393 503 qualiter
411 438 486 483 uune
500 438 601 481 amnes
617 438 711 501 paene
725 422 939 483 commodiores
953 442 1101 505 purpurae

96 512 250 589 tinguntur

160 594 244 672 (64.)
273 591 305 657 ln
329 590 511 667 aonebyliata
527 598 611 651 reste
635 599 735 651 uetera
755 590 860 652 eadem
877 591 942 656 sine
964 589 1145 669 bastaniae

76 696 88 737 ι
97 687 279 759 praeterque
290 676 335 735 ius
349 683 526 755 temperatur
541 690 617 755 aqua
631 684 661 735 et
674 691 729 754 pru
747 673 880 736 indiviae
886 677 999 737 humaui
1014 686 1101 756 potus

95 770 296 825 excremento.
333 759 448 823 dimidia
468 768 498 819 et
513 750 702 820 medicamina
724 758 875 821 adduntur.
912 760 956 820 sie
975 761 1104 839 gignitur

41 919 47 931 ³
94 847 229 910 laudatus
241 842 292 905 alle
306 842 403 925 pallor
414 844 565 905 saturitate
576 843 707 905 fraudata
717 852 857 924 tantaque
867 844 984 906 dilutior
994 854 1100 924 quanto
1152 863 1159 877 ⁸

93 932 187 1011 magis
203 928 314 989 vellera
331 930 469 989 esuriunt.

157 1014 208 1075 40.
232 1012 330 1077 Pretia
347 1012 641 1074 medicamentorum
660 1010 778 1093 quidem
790 974 845 1093 pro
861 1010 1012 1076 fertilitate
1034 1014 1099 1074 litu-
1154 1083 1158 1093 1

57 1116 156 1163 tamin
173 1096 296 1177 viliora,
309 1112 368 1157 non
382 1104 478 1157 tannen
493 1111 613 1176 nsquam
630 1098 741 1177 pelagii
756 1106 895 1160 centenas
912 1096 1002 1159 libras
1020 1098 1100 1177 quin-

93 1200 245 1264 quagenos
270 1198 401 1241 nummos
427 1182 574 1243 excedere
596 1190 625 1242 et
645 1180 744 1241 bucini
768 1193 909 1243 centenus
921 1174 1028 1243 ‘suiaut
1052 1182 1101 1264 qui

92 1272 148 1329 ista
164 1276 331 1345 metuqntur
342 1266 483 1325 inmenso.

156 1352 241 1431 (65.)
271 1350 330 1411 Sed
354 1348 409 1411 alia
432 1368 448 1409 e
474 1346 530 1410 line
551 1350 648 1426 india,
671 1350 807 1429 iuvatque
826 1348 930 1411 ludere
944 1348 1143 1429 inpendium
1247 1340 1260 1390 ἵ

44 1504 47 1511 ,
92 1444 123 1497 et
148 1436 230 1496 lusus
258 1435 405 1513 geminare
431 1434 579 1495 miscendo
606 1436 769 1513 iterumque
794 1442 824 1493 et
847 1436 912 1514 ipsa
933 1434 1099 1495 adulterare
1120 1438 1127 1444 ”

56 1540 81 1581 aa
91 1519 234 1583 adulteria
253 1528 388 1594 naturae,
409 1518 484 1577 sieut
499 1516 660 1579 testudines
679 1519 828 1595 tinguere,
855 1528 1006 1596 argentum
1028 1532 1111 1577 aare·

92 1603 323 1667 confunderent
345 1601 454 1663 eleatra
476 1603 560 1679 liant,
590 1602 699 1663 addere
725 1603 770 1662 laia
798 1620 868 1663 aera
890 1612 921 1662 ιιι
940 1601 1097 1663 Corinthia.

89 1692 141 1751 41.
162 1686 238 1749 xlion
263 1693 310 1747 est
332 1687 403 1747 satis
427 1686 585 1747 abstulisse
607 1704 740 1764 gemmae
765 1702 872 1749 nomen
897 1686 1097 1764 amethystum,

28 1784 35 1799 ‘
90 1790 203 1836 rursum
228 1770 391 1832 absolutum
414 1768 572 1831 inebriatur
597 1770 703 1847 Tyrio,
728 1779 757 1831 ut
779 1772 816 1834 sit
840 1790 877 1831 ex
903 1779 1028 1853 utruque
1046 1787 1098 1830 uu·

89 1876 157 1921 men
179 1854 332 1937 inprobum
353 1854 495 1937 simulque
518 1855 630 1916 luxuria
652 1853 780 1934 duplex,
804 1863 834 1915 et
854 1872 919 1917 uum
940 1856 1099 1917 coniecere

55 1940 263 2017 aeconomia,
289 1941 413 1998 transire
436 1939 539 1999 rnelius
565 1942 594 1998 in
620 1938 736 2015 Tyrium
755 1946 864 2020 putant.
904 1940 1080 2018 paenitentia
1090 1948 1143 2003 140

89 2029 148 2089 boe
172 2026 295 2104 primurn
318 2022 406 2083 debet
429 2023 575 2083 inuenisse
596 2024 708 2083 artillue
736 2030 862 2082 mutante
884 2024 961 2102 quud
984 2024 1097 2084 damna·

87 2113 147 2173 but.
181 2109 248 2168 iude
269 2108 348 2167 ratio
364 2114 443 2181 nata,
466 2114 562 2165 vntum
586 2124 702 2186 quoque
724 2104 831 2166 iactum
854 2124 871 2165 e
890 2108 961 2167 ιιιιο
982 2117 1098 2186 purten-

30 2226 34 2233 ·
88 2196 163 2256 tusis
181 2190 305 2269 ingeniis
330 2198 361 2249 et
379 2192 494 2277 ςιιιιιιιιι
517 2189 711 2251 demonstrata
728 2190 775 2250 nia
796 2190 945 2268 luxuriae
963 2201 994 2251 ιιι
1016 2191 1099 2251 color

88 2280 163 2341 alius
180 2274 346 2355 operiretur
361 2274 418 2335 alio
437 2273 553 2334 suavior
573 2276 612 2334 ita
635 2272 699 2333 lieri
720 2273 873 2353 leniorque
893 2274 995 2335 dictus
1031 2276 1099 2354 quin

53 2374 120 2429 atet
135 2372 255 2423 terrena
270 2358 396 2421 miscere
412 2374 564 2439 uacuoque
581 2358 699 2419 tinctum
716 2356 804 2434 Tyrio
816 2362 950 2437 tinguere
968 2370 998 2419 at
1015 2360 1099 2418 lieret

88 2449 254 2550 bragmana
292 2441 419 2504 Coccum
434 2441 564 2505 Galatiae
579 2442 686 2505 rubens
701 2460 831 2520 granum,
843 2451 874 2503 ιιι
889 2441 1144 2524 dicemustti¹1ln

87 2536 116 2593 in
142 2528 347 2605 terrestribus,
375 2537 422 2591 aut
447 2529 524 2587 cirea
549 2522 705 2589 Emeritam
729 2524 931 2588 Lusitaniae
921 2548 949 2589 ιιι
968 2545 1100 2589 maxuma
1139 2549 1143 2558 ·

81 2616 175 2678 laude
192 2623 247 2675 est.
278 2630 393 2701 nemun,
410 2621 440 2671 ut
458 2612 541 2673 simul
557 2610 858 2690 peraganturuobilia
874 2612 1031 2691 pigmenta,
1050 2632 1097 2673 an·

88 2700 190 2761 niuulo
207 2713 298 2775 grano
293 2686 464 2774 languidus
476 2714 572 2771 suaua,
589 2697 665 2757 idem
681 2711 697 2755 a
714 2695 862 2776 quadrimo
880 2696 1027 2755 evanidus.
1061 2698 1098 2757 ita

51 2800 147 2845 annea
174 2782 287 2841 recenti
304 2781 382 2840 vires
391 2797 519 2859 ‚neque
546 2781 721 2841 senescenti.
760 2779 882 2839 Abunde
906 2788 1029 2839 tractata
1055 2790 1100 2841 est

86 2868 164 2931 ratio
181 2880 238 2945 qua
254 2861 287 2923 se
298 2865 424 2924 virorum
439 2866 516 2924 iuxta
530 2864 756 2943 feminarumque
772 2864 865 2923 forma
877 2862 970 2924 credit
982 2864 1097 2943 amplis·

88 2954 192 3015 simam
208 2948 281 3008 deri.

152 3034 207 3097 42.
227 3032 315 3117 (66.)
346 3029 527 3093 Gunebarum
549 3034 667 3110 generis
684 3042 712 3093 et
733 3031 800 3110 pina
821 3040 875 3092 est.
908 3033 1036 3091 nascitur
1050 3032 1140 3100 inm

88 3122 203 3181 limosis
220 3116 354 3178 subrecta
374 3132 489 3195 semper
504 3134 560 3177 nee
579 3132 711 3195 umquam
728 3118 789 3175 sine
807 3118 928 3192 comite,
953 3133 1038 3194 quem
1054 3117 1096 3194 pi-

51 3222 77 3265 at
87 3202 237 3265 notheren
247 3210 363 3275 vocant,
377 3200 426 3259 alii
437 3200 671 3281 pinophylaeem‚
683 3201 712 3262 id
724 3208 769 3261 est
782 3197 885 3281 squilla
899 3218 999 3279 parva,
1010 3198 1098 3259 aliubi

88 3304 201 3349 cancer
224 3287 307 3363 dapis
332 3284 506 3345 adsectator.
547 3286 645 3365 pandit
668 3304 701 3345 se
728 3287 795 3365 pina
819 3284 970 3345 luminibus
995 3283 1097 3343 orbum

89 3388 201 3449 corpus
216 3370 291 3428 intus
311 3370 424 3428 minutis
445 3367 573 3447 piscibus
591 3368 747 3449 praebens.
783 3369 925 3431 adsultant
947 3368 988 3428 illi
1006 3368 1096 3448 proti-

87 3470 143 3516 nus
160 3462 207 3533 et,
224 3452 272 3512 ubi
288 3452 404 3515 lieentia
420 3454 538 3514 audacia
555 3455 663 3531 erevit,
678 3450 788 3533 inple‘ut
806 3472 878 3515 eam.
909 3453 966 3512 buu
983 3461 1097 3530 tempas
