2542 3842
165 148 206 209 56
347 121 358 138 Ι
508 157 655 205 c.1>u1n1
678 157 827 205 uacuum

132 345 134 352 ·
166 329 239 391 que,
255 312 465 379 leucrocottam
485 311 712 389 pernicissimam
733 311 823 369 ieram
844 311 915 369 asini
935 310 999 369 iere
1021 314 1157 389 magnitu-

165 397 243 469 dine,
260 395 391 455 clunibus
405 396 542 469 cervinis,
560 394 655 467 collo,
680 394 795 467 cauda,
807 402 929 471 pectore
946 394 1050 467 leonis,
1068 399 1161 473 capite

165 479 291 553 melium,
308 478 550 553 bisulca'ungula,
568 494 619 535 ore
633 476 668 535 ad
681 479 756 535 auris
772 495 863 554 usquc
880 479 1019 553 rescisso,
1038 478 1161 539 dentium

124 573 159 627 73
170 564 238 623 loco
250 580 319 630 osse
331 571 484 640 perpetuo.
492 560 615 619 -hanc
626 560 716 619 ieram
728 561 862 620 humanas
875 554 966 619 voces
978 550 1091 622 tradunt
1102 566 1161 622 imi·

167 648 231 706 tari.
264 646 341 723 apud
362 645 481 705 eosdem
501 652 530 703 et
549 662 625 721 quae
646 653 768 704 vocatur
784 644 860 719 eale,
883 645 1074 721 magnitudine
1096 649 1183 724 equis

167 730 327 804 fluviatilis,
352 730 442 789 cauda
456 728 619 805 elephanti,
644 728 744 787 colore
760 730 841 803 nigra
856 729 904 787 vel
921 729 1016 803 fulva,
1039 718 1162 790 maxillis

167 815 240 891 apri,
258 816 366 876 maiora
384 811 556 873 cubitalibus
573 828 680 871 cornua
702 810 812 869 babens
828 812 945 872 mobilia
962 830 1035 890 quae
1052 814 1162 874 alterna

166 898 196 955 in
210 915 305 974 pugna
319 898 395 956 sistit
410 898 560 973 variatque
576 895 680 953 infesta
695 904 743 954 aut
761 894 895 972 obliqua,
918 906 1070 975 utcumque
1089 900 1161 957 ratio

125 969 346 1044 timonstrarit.
377 1014 418 1025 -
452 980 504 1039 sed
535 980 733 1038 atrocissimos
761 989 859 1039 tauros
897 980 1039 1040 silvestris
1075 984 1160 1042 maio·

166 1083 216 1130 res
231 1063 409 1142 agrestibus,
432 1064 588 1123 velocitate
604 1072 670 1122 ante
692 1064 801 1139 omnis,
820 1064 920 1123 colore
937 1064 1044 1137 fulvos,
1070 1067 1194 1129 oculisne

168 1149 322 1222 caeruleis,
335 1147 395 1225 pilo
407 1148 435 1205 in
446 1148 619 1207 contrarium
634 1164 737 1221 verso,
758 1148 830 1207 rictu
846 1149 880 1207 ad
892 1150 969 1208 auris
981 1148 1159 1226 dehiscente,

166 1233 246 1293 iuxta
268 1248 376 1291 cornua
389 1231 515 1291 mobilia.
542 1232 653 1306 tergori
679 1232 781 1290 duritia
804 1228 893 1291 silicis
917 1250 1001 1292 omne
1017 1252 1160 1310 respuens

166 1318 279 1377 volnus.
310 1314 388 1375 ieras
408 1318 499 1375 omnis
519 1325 674 1389 venantur,
703 1316 758 1392 ipsi
779 1332 836 1390 non
857 1317 940 1375 aliter
961 1335 1044 1394 quam
1066 1316 1160 1376 ioreis

127 1402 245 1479 incepti
276 1400 389 1458 feritate
405 1416 519 1476 semper
534 1400 686 1457 intereunt.
719 1399 803 1475 Apud
821 1401 939 1461 cosdem
955 1402 1033 1461 nasci
1050 1399 1160 1461 Ctesias

168 1484 268 1544 scribit
289 1500 373 1560 quam
398 1480 602 1545 mantichoram
629 1482 757 1560 appellat
779 1483 885 1569 triplici
911 1482 1035 1543 dentium
1061 1486 1194 1544 ordinem

170 1567 334 1646 pectinatim
349 1565 522 1640 coeuntium,
539 1565 615 1625 facie
632 1574 661 1623 et
678 1565 812 1624 auriculis
828 1566 960 1641 bominis,
976 1568 1068 1626 oculis
1081 1567 1161 1645 glau-

169 1652 222 1722 cis,
241 1648 342 1707 colore
356 1649 524 1723 sanguineo,
537 1665 662 1725 corpore
679 1648 783 1723 leonis,
797 1649 886 1709 cauda
899 1652 1061 1727 scorpionis
1074 1651 1161 1711 modo

169 1731 281 1809 spicula
302 1731 483 1806 infigentem,
506 1733 589 1790 vocis
606 1740 638 1789 ut
654 1733 677 1789 si
700 1733 854 1790 misceatur
882 1732 994 1791 fistulae
1022 1744 1051 1791 et
1073 1736 1162 1795 tubae
1215 1784 1228 1807 ,

171 1824 343 1889 concentus,
363 1814 528 1873 uelocitatis
549 1831 681 1889 magnac,
701 1814 814 1873 humani
836 1818 968 1891 corporis
983 1818 1031 1874 vel
1048 1821 1162 1893 praeci-

129 1905 162 1959 76
173 1915 231 1975 pue
240 1898 431 1976 adpetentem.
461 1897 544 1975 (31.)
566 1896 685 1958 inludia
703 1906 731 1957 et
745 1896 836 1957 boves
851 1899 950 1958 solidis
962 1901 1086 1975 ungulis,
1100 1904 1193 1963 uni-ro

170 1982 284 2055 cornis,
306 1990 335 2040 et
356 1980 447 2041 ieram
468 1982 581 2041 nomine
603 1982 663 2040 asin
682 1980 809 2040 hinnulei
831 1982 921 2059 pelle,
944 1982 1073 2061 pluribus
1094 2002 1160 2043 can·
1249 2014 1250 2067 p

171 2064 386 2142 didiorihusque
410 2065 545 2140 maculis,
562 2082 710 2125 sacrorum
731 2064 827 2125 Liberi
849 2067 947 2144 patris.
980 2064 1082 2125 Orsaei
1099 2068 1160 2127 lndi
1249 2080 1250 2151 p

171 2150 267 2211 simias
282 2150 430 2211 candentis
451 2158 512 2208 toto
533 2166 657 2227 corpore
680 2158 828 2209 venantur.
860 2153 1044 2227 asperrimam
1066 2161 1161 2210 autem
1249 2158 1250 2229 ᾗ

142 2285 144 2289 ,
170 2232 262 2293 ieram
280 2241 513 2307 monocerotem,
527 2233 641 2309 reliquo
663 2250 787 2311 corpore
809 2252 884 2311 equo
908 2235 1040 2308 similem,
1065 2236 1159 2311 capite
1249 2238 1250 2283 t

171 2334 271 2391 cervo,
288 2313 410 2394 pedibus
426 2315 597 2392 elephanto,
626 2315 717 2376 cauda
734 2334 822 2393 apro,
850 2320 955 2393 mugitu
973 2320 1074 2393 gravi,
1101 2333 1195 2377 uncas

172 2417 260 2458 cornu
280 2400 364 2472 nigro
389 2397 484 2457 media
506 2399 600 2458 ironte
622 2397 780 2458 cubitorum
798 2400 881 2458 duum
903 2402 1055 2459 eminente.
1087 2401 1162 2459 hanc
1249 2408 1250 2457 t

171 2483 261 2543 ieram
276 2481 369 2537 vivam
386 2489 492 2556 negant
510 2484 584 2559 capi.
1249 2488 1250 2493 ’

130 2570 162 2626 77
233 2561 316 2642 (32.)
335 2562 421 2640 Apud
435 2560 595 2640 Hesperios
607 2563 767 2642 Aethiopas
782 2566 847 2623 fons
864 2575 908 2624 est
923 2566 1030 2644 Nigris,
1052 2578 1081 2628 ut
1098 2568 1161 2645 ple·
1249 2572 1250 2619 ἰ

130 2647 254 2722 serique
280 2646 506 2721 existumavere,
529 2645 587 2705 Nili
612 2658 706 2725 caput.
745 2658 910 2724 argumenta
936 2669 1009 2728 quae
1038 2653 1162 2711 diximus
1249 2648 1250 2681 ³

171 2729 355 2805 persuadent.
379 2729 458 2791 iuxta
472 2732 548 2789 hunc
562 2730 624 2789 iera
653 2731 816 2808 appellatur
830 2732 1016 2812 catoblepas,
1045 2736 1196 2799 modicam

168 2812 278 2890 alioqui
299 2815 465 2892 ceterisque
488 2814 624 2873 membris
651 2816 743 2889 iners,
766 2825 851 2892 caput
873 2820 978 2875 tantum
997 2837 1163 2895 praegrave

172 2912 260 2971 aegre
278 2895 386 2959 ferens.
420 2897 448 2956 id
464 2897 619 2957 'deiectum
640 2915 755 2977 semper
780 2899 807 2955 in
832 2908 946 2958 terram.
980 2902 1050 2960 alias
1072 2904 1162 2962 inter-

171 2980 246 3039 nicio
273 2977 386 3038 humani
408 2983 524 3057 generis
548 2981 678 3041 omnibus
700 2982 864 3059 quioculos
884 2985 946 3042 eius
966 2986 1067 3043 videre
1092 3005 1163 3045 con·

170 3060 266 3124 iestim
281 3063 501 3138 exspirantibus.

130 3149 164 3205 78
232 3144 314 3221 (33.)
343 3144 451 3205 Eadem
473 3157 502 3206 et
523 3147 651 3208 basilisci
677 3150 818 3224 serpentis
847 3160 891 3208 est
912 3151 965 3208 vis.
999 3148 1199 3224 cyrenaicam
1249 3158 1250 3197 t

170 3225 245 3285 hunc
272 3236 393 3299 generat
414 3230 576 3305 provincia,
607 3231 757 3291 duodecim
779 3249 836 3291 non
865 3233 985 3311 amplius
1008 3233 1165 3309 digitorum

170 3306 372 3383 magnitudine,
390 3309 510 3369 candida
526 3312 664 3389 incapite
679 3314 789 3372 macula
810 3324 839 3374 ut
854 3317 976 3393 quodam
998 3316 1164 3378 diademate

171 3389 320 3465 insignem.
350 3388 436 3450 sibilo
457 3393 548 3452 omnis
571 3394 652 3469 fugat
674 3397 827 3473 serpentis,
846 3417 901 3457 nec
916 3400 992 3459 ilexu
1007 3400 1164 3480 multiplici
