2542 3842
306 165 386 215 unu.
405 164 495 214 mer.
511 165 550 213 11.
572 148 859 236 at-41.(st-41.)
1062 153 1102 215 87

107 321 141 382 ad
155 324 236 380 suam
253 319 357 397 cuique
374 328 502 379 naturam
515 319 630 379 fertilis.
661 319 718 379 alia
735 328 800 378 suut
814 320 843 379 iu
859 320 1002 398 liquorem
1018 320 1104 380 soluti
1181 338 1184 344 ·

107 404 211 463 umoris
226 402 369 477 fecunda,
393 402 449 461 alia
473 404 605 465 concreti
627 403 657 460 iu
676 403 795 479 pruinas
815 412 863 461 aut
889 406 984 462 coacti
1008 403 1038 462 iu
1061 405 1103 461 ui·

107 489 148 547 uis
163 495 211 547 aut
229 484 346 562 glaciati
358 486 386 545 iu
400 484 572 561 grandines,
587 485 644 545 alia
656 484 757 560 datus,
774 485 830 544 alia
841 487 962 563 teporis,
981 487 1037 546 alia
1053 504 1104 544 ua·
1152 507 1159 515 ·

108 572 202 649 poris,
224 569 282 628 alia
297 570 393 645 roris,
414 568 472 627 alia
494 569 609 644 rigoris.
639 566 704 627 Nec
718 585 792 627 vero
807 568 883 626 haec
904 578 980 629 tauta
989 569 1104 628 debent

87 652 270 713 sexistumari
294 660 398 729 quanta
420 660 588 726 cernuntur,
618 668 770 710 comesse
797 668 897 709 eorum
920 651 1026 711 nullum
1052 653 1103 711 mi·

106 756 155 797 nus
172 736 239 796 luna
263 744 322 793 tam
346 735 494 793 inmensae
514 733 670 793 altitudinis
695 736 769 793 ratio
785 734 926 793 declaret.
952 732 1041 809 Igitur
1056 738 1084 793 iu
1095 745 1147 797 106

107 837 155 879 suo
172 835 306 897 quaeque
322 826 400 895 motu
415 825 547 877 naturam⁴
559 836 638 878 suam
654 826 812 891 exercent,
830 816 909 895 quod
923 816 1104 875 manifestum

106 902 218 963 Saturni
240 918 373 959 maxume
396 900 533 959 transitus
556 900 695 959 imbribus
716 901 834 961 faciunt.
865 899 930 959 Nec
951 900 1105 959 meantium

107 984 336 1045 modo'siderum
351 982 425 1042 haec
439 984 484 1041 vis
501 991 546 1042 cst
561 984 614 1043 sed
625 984 777 1043 multorum
789 984 877 1043 etiam
888 982 1106 1043 adhaerentium

76 1086 98 1127 ro
109 1068 203 1143 caelo,
220 1067 354 1144 quotiens
372 1066 527 1125 errantium
541 1084 665 1125 accessu
680 1068 792 1145 inpulsa
804 1076 852 1126 aut
864 1068 996 1126 coniectu
1008 1066 1104 1125 radio·

105 1170 165 1213 rum
183 1150 365 1209 exstimulata
380 1158 460 1223 sunt,
486 1148 609 1226 qualiter
628 1150 658 1209 iu
678 1150 787 1209 suculis
803 1151 940 1209 sentimus
955 1149 1103 1222 accidere,

106 1252 176 1314 quas
188 1232 295 1293 Gracci
308 1231 346 1291 ob
359 1232 387 1291 id
398 1232 498 1310 pluvio
510 1232 625 1291 nomine
637 1234 794 1311 appellant.
814 1233 882 1311 quin
894 1240 923 1290 et
935 1248 987 1290 sua
1000 1240 1104 1309 sponte

106 1316 246 1398 quaedam
262 1316 400 1392 statisque
415 1314 611 1392 temporibus,
634 1325 665 1374 ut
679 1316 837 1375 haedorum
853 1324 981 1386 exortus.
998 1315 1105 1373 arcturi

105 1416 176 1461 vero
189 1399 269 1458 sidus
285 1416 343 1458 nou
359 1398 451 1457 ferme
470 1399 533 1457 sine
551 1398 721 1475 procellosa
734 1398 1019 1475 grandiue'emerqit.

74 1505 96 1546 rs
164 1483 216 1543 40.
240 1482 324 1560 (40.)
341 1480 413 1541 Nam
428 1481 578 1542 caniculae
601 1492 706 1542 exortu
726 1483 848 1542 accendi
865 1482 938 1541 solis
952 1496 1081 1559 vapores
1095 1486 1146 1542 107

105 1566 167 1645 quis
185 1566 315 1641 ignorat,
344 1565 424 1623 cuius
447 1565 551 1624 sideris
573 1565 697 1625 ellectus
717 1566 883 1643 amplissimi
898 1566 927 1623 in
943 1573 1021 1623 terra
1038 1580 1103 1622 seu·

104 1646 228 1709 tiuuturl
256 1646 384 1708 Fervent
399 1649 488 1708 maria
504 1650 657 1709 exoriente
673 1665 726 1728 eo,
737 1650 874 1708 fluctuant
888 1649 917 1706 iu
933 1646 1017 1706 cellis
1027 1647 1103 1719 uiua,

104 1742 256 1793 mouentur
273 1740 383 1807 stegua.
411 1748 531 1807 orygem
547 1732 677 1810 appellat
691 1732 846 1810 Aegyptus
868 1731 959 1791 leram
975 1748 1060 1809 quam
1075 1729 1104 1787 iu

105 1824 209 1877 exortu
225 1816 288 1874 eius
306 1823 407 1874 contra
424 1823 501 1874 stare
522 1823 552 1873 et
574 1812 706 1875 contueri
720 1816 806 1875 tradit
823 1834 857 1875 ac
871 1815 951 1874 velut
967 1814 1103 1885 adorare,

71 1916 168 1961 curcum
190 1898 354 1958 sternuerit.
384 1916 472 1959 canes
494 1899 609 1975 quidem
629 1908 692 1959 toto
716 1916 754 1958 eo
770 1900 864 1977 spatio
879 1900 1001 1958 maxime
1015 1897 1043 1955 iu
1058 1912 1103 1954 ra·

103 1982 180 2042 biem
196 1983 243 2058 agi
257 1999 315 2040 non
331 1988 376 2040 est
392 1980 516 2039 dubium.

163 2065 213 2124 41.
233 2066 318 2145 (41.)
338 2062 412 2137 Quin
428 2066 456 2123 in
471 2065 600 2142 partibus
614 2082 732 2143 quoque
747 2066 893 2142 signorum
902 2065 1082 2143 'quorundam
1094 2073 1145 2126 108

103 2166 154 2207 sua
169 2148 215 2206 vis
233 2149 317 2222 inest,
334 2156 364 2205 ut
380 2148 534 2207 autumnali
549 2150 736 2225 aequinoctio
751 2148 926 2223 brumaque,
948 2165 1012 2204 cum
1031 2156 1102 2204 tem·

102 2230 265 2309 pestatibus
290 2230 394 2290 coullci
418 2231 498 2290 sidus
520 2229 731 2305 intellegimus,
756 2241 813 2287 uec
834 2228 974 2287 imbribus
998 2236 1104 2286 tantum

69 2314 382 2391 ostempestatibusque
404 2314 458 2374 sed
481 2312 577 2373 multis
601 2321 807 2389 etcorporum
832 2320 863 2371 et
889 2312 963 2369 ruris
988 2310 1104 2387 experi-

101 2398 217 2456 mentis.
249 2396 388 2456 adilautur
403 2398 451 2458 alii
466 2397 581 2473 sidere,
608 2396 657 2457 alii
675 2404 882 2455 coumorentur
896 2396 978 2455 statis
992 2403 1103 2472 tempo·

101 2479 184 2539 ribos
206 2479 292 2555 alvo,
315 2482 429 2554 neruis,
453 2481 565 2557 capite,
588 2488 694 2539 mente.
722 2480 789 2539 olea
805 2489 835 2539 et
851 2479 977 2558 populus
992 2478 1058 2537 alba
1075 2485 1105 2536 et

101 2562 214 2622 salices
235 2563 360 2623 solstitio
379 2563 450 2623 folla
475 2566 681 2640 circumagunt.
714 2563 799 2623 lloret
820 2564 885 2642 ipso
911 2562 1032 2621 bmmali
1055 2561 1104 2619 die

103 2662 250 2723 suspensa
270 2647 299 2703 in
321 2648 409 2706 tectis
428 2648 535 2705 arentis
557 2646 650 2707 herba
670 2647 759 2724 pulei.
788 2654 953 2724 rumpuntur
975 2646 1102 2702 intentae

66 2730 207 2806 suspiritu
221 2728 416 2789 membranae.
443 2728 561 2789 Miretur
575 2729 632 2789 hoc
648 2732 696 2808 qui
712 2746 770 2799 uon
783 2729 923 2792 obseruet
938 2726 1147 2787 cotidian0109

100 2812 305 2889 experimento
317 2809 538 2887 herham‘umm,
553 2830 626 2890 quae
638 2821 759 2872 vocatur
769 2809 983 2885 heliotropium,
995 2806 1103 2866 abeun-

98 2902 161 2953 tem
183 2895 277 2954 solem
300 2896 404 2953 intueri
424 2912 542 2973 semper
566 2896 756 2971 omnibusque
776 2894 857 2953 boris
882 2908 945 2950 cum
967 2905 1003 2947 eo
1030 2889 1104 2947 verti

98 2976 151 3035 vel
167 2976 268 3036 nubilo
285 2977 492 3053 obumbrante,
515 2978 570 3036 iam
594 2977 709 3055 quidem
724 2977 815 3035 lunari
830 2981 976 3050 potestate
992 2980 1103 3031 ostrea·

99 3078 166 3118 rum
183 3060 462 3137 conchyliorumque
480 3070 509 3119 et
525 3061 701 3119 concharum
719 3059 842 3117 omnium
860 3072 984 3133 corpora
1003 3056 1104 3132 augeri

66 3159 137 3202 ssac
155 3160 256 3202 rursus
272 3144 368 3201 nriuui.
403 3143 478 3215 Quin
494 3150 522 3201 et
539 3144 664 3202 soricum
681 3141 769 3200 libras
784 3141 966 3217 respondere
984 3156 1103 3198 numero

99 3224 187 3284 lunae
205 3226 394 3304 exquisivere
411 3227 627 3301 diligentiores,
652 3226 860 3303 minumumque
876 3223 989 3297 auimal,
1005 3222 1102 3281 lormi-

99 3323 176 3381 cam,
194 3310 304 3367 seutire
319 3309 390 3366 uiris
408 3310 511 3367 sideris
523 3308 676 3368 interlunio
688 3324 806 3385 semper
819 3316 990 3367 cessantem.
1018 3303 1145 3375 Quone

97 3394 215 3471 turpior
229 3392 338 3453 homiui
351 3392 466 3452 inscitia
484 3401 528 3452 cst
542 3392 642 3453 latenti
659 3392 815 3469 praecipue
831 3393 1020 3451 iumentorum
1032 3403 1102 3464 quo·
