2542 3842
179 151 238 215 too
527 160 555 209 c.
580 162 678 211 rnrur
696 160 847 210 sucuror

177 318 295 381 charum
308 310 486 377 chaminihus
502 314 632 391 singulas
653 314 846 393 magnitudine
862 324 892 374 et
907 324 1050 375 vetustate
1065 316 1181 395 praeci-

178 421 250 482 puus
263 418 332 461 esse
348 399 439 461 veluti
453 398 543 459 duces
557 399 647 459 mirae
661 397 697 457 ad
709 399 868 460 cauendum
882 397 1042 460 sollertiae.
1058 399 1111 459 has
1122 400 1180 457 uri·

153 548 159 551 ,
177 487 301 547 nantium
324 502 393 545 cura
413 484 490 563 peti,
514 482 573 544 illis
589 484 682 562 captis
697 482 786 543 facile
803 492 920 543 ceteras
930 482 1054 562 palantis
1068 480 1180 548 retibus

177 570 292 631 includi.
320 568 410 629 multo
436 565 540 628 tunde
574 565 677 627 obruta
701 566 764 627 sale
791 567 821 625 in
850 568 928 626 rasis
955 566 1091 650 fictilibus
1110 584 1181 627 rosa

177 672 264 715 carne
281 653 357 713 omni
371 650 494 712 nucleos
509 650 651 729 quosdam
668 666 834 729 corporum,
849 651 908 711 hoc
922 660 968 711 est
984 652 1117 726 uniones,
1130 651 1205 712 dec

177 738 275 801 cidere
292 739 320 797 iu
334 738 399 797 ima.

135 833 186 889 ιη
254 821 339 900 (56.)
357 818 418 881 Usu
429 820 518 879 'atteri
533 836 592 879 non
607 817 723 879 dubium
735 826 799 894 est,
817 818 1008 898 coloremque
1028 818 1179 897 indiligen-

177 908 218 967 tia
232 914 353 965 mutare.
379 904 433 966 dos
448 903 540 963 omnir
552 904 581 962 iu
597 902 735 978 candore,
748 902 955 979 magnitudine,
968 902 1051 979 orbe,
1064 903 1177 979 levore,

176 988 399 1067 ponderephaut
411 987 552 1067 promptis
559 984 649 1047 rehus
662 988 805 1047 intantum
814 995 845 1045 ut
852 986 923 1047 nulli
929 987 987 1046 dno
996 988 1179 1066 reperiantur

175 1073 334 1149 indiscreti,
352 1071 428 1133 unde
445 1088 551 1131 nornen
573 1072 708 1131 unionum
722 1070 870 1133 Romanae
892 1071 1006 1133 scilicet
1019 1074 1210 1151 inposuerem

176 1158 310 1221 deliciae.
341 1174 406 1221 nanu
428 1155 456 1216 id
477 1156 552 1235 apud
575 1154 704 1215 Graecos
725 1163 864 1231 nonest,
886 1175 923 1215 ne
944 1156 1020 1236 apud
1036 1156 1178 1227 barbaros

134 1241 306 1321 rraqnidem
321 1240 487 1301 inventores
504 1240 566 1299 eius
586 1240 665 1302 aliud
684 1257 770 1318 quam
788 1242 970 1317 margaritae.
1002 1238 1040 1299 Et
1060 1241 1089 1298 in
1107 1243 1177 1301 'eau-

176 1328 247 1387 dore
263 1326 328 1404 ipso
343 1342 447 1401 magna
463 1322 634 1391 differentia.
672 1323 779 1384 clarior
793 1326 823 1384 in
839 1323 939 1384 Rubro
955 1326 1025 1384 mari
1037 1325 1176 1402 repertis,

174 1409 291 1473 Indicos
310 1408 505 1489 specularium
527 1408 654 1487 lapidum
675 1425 793 1485 squama
814 1408 967 1483 adsimulat
980 1408 1053 1469 alias
1068 1409 1176 1485 magni·
1250 1409 1251 1466 i

176 1495 271 1555 tudine
294 1492 511 1571 praecellentis
542 1509 650 1551 summa
677 1490 739 1552 laus
759 1492 880 1557 coloris,
896 1501 942 1553 est
970 1492 1177 1552 exaluminatos
1186 1509 1208 1551 ru

176 1577 287 1637 vocari.
318 1584 348 1635 et
363 1574 581 1655 procerioribus
602 1592 653 1634 sua
674 1576 769 1651 gratia
785 1585 839 1635 est.
862 1574 1003 1657 elenchos
1027 1576 1177 1655 appellent

176 1661 309 1736 fastigata
324 1655 729 1735 longitudine'alnbastrorum
746 1660 838 1736 ligura
852 1660 882 1717 in
897 1658 1059 1736 pleniorem
1074 1657 1177 1719 orhem

135 1743 360 1807 rrtdesicenris.
376 1742 437 1803 Hor
449 1742 546 1819 digitis
557 1741 739 1821 suspendere
750 1751 780 1801 et
795 1741 880 1801 binos
895 1760 930 1801 ac
946 1751 1046 1801 ternos
1060 1742 1176 1803 auribus

176 1826 343 1887 feminarum
356 1824 452 1903 gloria
465 1834 519 1885 est.
546 1824 671 1890 ameum
685 1824 815 1884 luxurias
831 1825 893 1885 eius
903 1827 1019 1885 uomina
1033 1836 1063 1885 et
1082 1828 1175 1889 taedia

175 1911 320 1991 exquisita
336 1910 451 1989 perdito
466 1918 621 1990 nepotata,
635 1909 790 1988 siquidem,
797 1926 862 1969 cum
876 1907 905 1969 id
921 1909 1035 1984 iecere,
1053 1912 1207 1974 crotalisso

176 1994 341 2075 appellant,
369 2012 424 2055 ceu
442 2010 514 2055 sono
531 2010 649 2073 quoque
667 1993 811 2070 madeant
832 2002 860 2053 et
884 1993 994 2053 mulisu
1014 1994 1080 2071 ipso
1103 2014 1174 2055 mar·

175 2080 340 2155 peritarum.
370 2088 549 2160 carpuntque
566 2079 665 2140 iamet
682 2096 828 2157 pauperes
854 2077 986 2139 lictorem
1006 2076 1176 2141 feminaeiu

176 2162 294 2243 publico
305 2164 445 2225 ‘unionem
463 2181 530 2223 esse
551 2162 725 2223 dictitantes.
754 2163 821 2241 quin
839 2160 1021 2241 etpedibus,
1041 2180 1098 2221 nec
1113 2179 1174 2223 ore·

130 2290 137 2303 .
176 2247 306 2325 pidarum
328 2255 436 2309 tanturn
458 2246 638 2323 obstragulis
663 2246 715 2306 sed
736 2248 804 2307 totis
830 2246 958 2305 socculis
979 2244 1094 2306 addunt.
1123 2263 1174 2305 ne·

130 2356 133 2368 ¹
176 2350 233 2411 que
251 2332 325 2393 enim
346 2340 467 2409 gestare
483 2331 540 2395 ianr
558 2332 744 2409 margaritas,
768 2329 821 2389 nisi
838 2328 953 2389 calcent
970 2347 1007 2388 ao
1025 2348 1079 2407 per
1094 2328 1208 2389 unio-as

134 2426 243 2480 nunes
260 2416 344 2475 eriam
359 2412 516 2487 arnhulent,
531 2415 602 2473 satis
620 2422 675 2473 est.
704 2412 736 2472 ln
751 2421 850 2473 nostro
869 2414 940 2473 mari
954 2413 1079 2491 reperiri
1096 2410 1174 2473 sole·

176 2498 259 2571 haut,
284 2494 416 2557 crebrius
438 2497 516 2557 circa
534 2496 696 2575 Bosporum
724 2494 891 2572 Thracium,
914 2497 966 2557 ruli
989 2494 1124 2577 anparai
1145 2497 1176 2557 in

177 2578 295 2643 conchis
312 2583 384 2673 qu*
406 2597 486 2655 rapas
508 2580 666 2659 appellant.
694 2589 722 2641 at
743 2580 772 2639 in
786 2578 949 2641 Acarnania
964 2598 1037 2660 quae
1054 2587 1176 2639 uocatur

117 2726 119 2733 ,
176 2667 241 2743 pina
257 2664 359 2743 gignit,
374 2670 429 2741 quo
445 2665 566 2741 adparet
581 2680 639 2723 non
654 2680 710 2723 uno
723 2663 852 2725 conchae
866 2682 976 2743 genere
986 2664 1073 2725 nasei.
1094 2680 1175 2723 narn·

177 2766 234 2826 quc
249 2757 279 2808 et
292 2747 363 2810 Iuba
380 2747 464 2809 tradit
480 2746 613 2809 Arabicis
630 2746 772 2808 concham
790 2766 857 2807 esse
872 2748 994 2809 similem
1009 2748 1118 2827 pectini
1133 2746 1208 2809 ium
1250 2809 1251 2816 χ

177 2840 276 2909 secto,
303 2833 440 2975 hirssrprp
461 2830 625 2901 echinorum
645 2830 749 2907 modo,
776 2828 870 2910 'ipsum
891 2832 1023 2893 unionem
1043 2834 1072 2892 in
1086 2850 1176 2895 carne
1250 2875 1251 2908 3

175 2917 305 2994 grandini
322 2916 454 2976 simiam.
491 2916 620 2991 conchae
635 2933 693 2974 non
708 2914 782 2975 tales
795 2914 833 2975 ad
850 2932 904 2975 nos
920 2916 1096 2977 adferuntur.
1119 2934 1193 2982 nec,
1250 2915 1251 2930 ¹

175 3002 202 3061 in
217 3000 378 3061 Acarnania
394 3009 489 3061 autern
506 2999 613 3061 laudati
633 3000 832 3078 reperiuntur,
856 3017 989 3062 enormes
1005 3009 1035 3061 et
1049 3000 1107 3060 ieri
1126 3017 1175 3059 co·

174 3082 303 3163 lorisque
322 3084 484 3145 marmorei.
513 3082 652 3145 meliores
669 3085 746 3145 circa
763 3083 893 3161 Actium,
916 3083 970 3145 sed
985 3094 1014 3143 et
1036 3084 1065 3145 hi
1080 3084 1175 3166 parri,

175 3178 203 3229 et
221 3170 249 3227 in
271 3165 467 3229 Mauretaniae
489 3168 646 3229 maritimis.
678 3166 846 3229 Alexander
867 3168 1030 3246 polyhistor
1045 3167 1208 3250 etSudiot

174 3271 226 3313 nes
243 3269 402 3313 senescere
421 3268 473 3311 eos
488 3260 588 3329 putant
607 3252 794 3330 coloremque
811 3251 971 3330 exspirare.

133 3345 184 3401 116
253 3335 337 3413 (57.)
361 3332 468 3405 Eorum
487 3352 594 3413 corpus
609 3335 731 3395 solidum
745 3353 813 3395 esse
828 3336 1010 3397 manifestum
1024 3345 1080 3412 est,
1094 3336 1175 3417 quod
1230 3351 1232 3357 ’
1249 3357 1252 3408 p

174 3416 251 3477 nullo
274 3417 358 3495 la‘psu
380 3416 555 3495 franguntur.
594 3434 653 3477 non
679 3428 773 3481 autem
787 3437 907 3499 semper
922 3420 951 3481 in
970 3418 1065 3481 media
1087 3438 1176 3483 carne
1250 3415 1251 3490 ξ
