2542 3842
313 214 393 261 uun.
412 213 502 262 ursa,
523 215 611 261 x1111.
634 213 722 266 3—4.
741 201 863 298 (4—6.)
1026 207 1086 272 261

25 445 28 484 ¹
87 455 163 514 omni
182 473 213 512 re
229 469 360 512 maxume
376 461 552 531 spectantur.
582 469 718 512 summam
735 470 807 531 ergo
822 454 944 534 adeptus
960 467 1005 516 est
1018 459 1082 536 plo·
1093 470 1129 526 «le

25 531 28 568 ³
86 541 155 599 riam
169 537 280 597 Acilius
296 535 451 599 Sthenelus
467 555 483 595 e
498 535 586 614 plebe
598 534 730 596 libertina
745 550 793 596 nx
813 539 943 616 iugerum
956 558 1014 601 nou
1028 559 1086 604 am-

25 615 27 654 !
86 623 161 702 plius
178 623 270 680 vineis
287 621 410 680 excultis
427 620 456 679 in
470 617 651 680 Nomentano
668 637 739 696 agro
763 631 849 702 atque
865 633 949 684 cccc
961 639 988 686 ιι
1007 644 1084 686 nnm-

60 721 160 768 smum
180 704 358 765 venundatis.
397 703 500 782 llagna
515 703 590 766 lama
612 713 642 763 et
657 703 802 764 vetuleno
818 705 943 785 Aegialo
964 711 1128 786 perindettt

25 819 26 824 ¹
86 789 221 851 libertino
247 789 299 848 fuit
322 789 350 846 in
376 786 531 867 Campania
553 806 621 847 rure
641 786 801 865 Liternino,
828 792 977 871 maiorque
1000 795 1085 854 etiam

25 871 27 910 l
85 875 188 934 lavore
208 873 368 946 bominum,
392 873 526 951 quoniam
548 873 640 949 ipsum
662 871 789 932 Africani
810 873 928 934 colebat
943 877 1083 937 exsilium.
1197 877 1200 882 ’

25 957 26 1036 l
86 957 139 1017 sed
159 972 304 1031 maxuma,
327 955 454 1015 eiusdem
469 955 600 1016 Stheneli
616 973 724 1033 opera,
746 956 895 1016 llbemrnio
909 957 1083 1040 Palaemoni,

24 1041 26 1080 f
85 1042 156 1102 alias
172 1041 356 1118 grammatica
372 1047 433 1099 arte
453 1038 580 1115 celebri,
595 1040 624 1098 iu
639 1039 721 1099 bisce
734 1053 783 1100 xx
799 1043 879 1102 annis
889 1053 1017 1104 mercato
1034 1061 1085 1103 rus

24 1159 25 1166 ι
49 1147 75 1188 ro
85 1137 131 1184 Dc
140 1138 314 1185 mnummum
324 1125 351 1182 in
361 1123 465 1183 eodem
471 1121 651 1183 Nomentano
664 1124 776 1184 desumi
787 1124 890 1202 lapidis
902 1125 938 1186 ab
949 1127 1022 1185 urbe
1034 1125 1083 1187 de·

24 1219 25 1248 t
85 1209 238 1268 verticulo.
252 1217 296 1267 est
303 1217 397 1267 autem
408 1224 618 1286 usquequaque
629 1218 697 1267 nota
707 1207 802 1268 vilitas
813 1211 919 1268 merois
927 1227 981 1288 per
989 1213 1082 1270 omnia
1091 1223 1126 1274 50

85 1291 265 1367 suburbana,
278 1291 318 1350 ibi
332 1300 427 1350 tamen
439 1308 585 1365 maxuma,
602 1293 736 1368 quoniam
748 1301 777 1351 et
787 1292 922 1369 neglecta
933 1293 1083 1371 indiligen-

84 1378 123 1438 tia
140 1375 259 1455 praedia
273 1384 444 1455 paraverat,
460 1393 495 1436 ac
509 1393 545 1434 ne
559 1377 587 1434 in
602 1376 747 1453 pessumis
766 1376 882 1453 quidem
895 1376 1081 1454 elegantioris

24 1471 25 1502 ³
85 1460 151 1520 soli.
180 1459 253 1520 baec
270 1459 428 1536 adgressus
444 1459 583 1519 excolere
598 1476 657 1518 non
667 1460 772 1518 vincte
788 1460 871 1521 animi
888 1460 941 1519 sed
956 1462 1082 1520 vanitate

48 1545 192 1623 reprimo,
211 1561 286 1622 quae
298 1553 367 1603 nota
377 1545 449 1602 mire
463 1543 492 1602 in
506 1543 556 1603 illo
572 1543 640 1619 luit,
657 1544 805 1622 pastinatis
817 1544 853 1603 de
864 1543 979 1620 integro
991 1545 1083 1604 vineis

86 1645 155 1688 eura
171 1621 318 1704 Stheneli,
342 1627 407 1688 dum
426 1627 583 1706 agricolans
598 1627 737 1703 imitatur,
760 1628 796 1687 ad
816 1629 865 1685 vix
880 1627 1020 1689 credibile
1033 1629 1082 1687 mi·

84 1711 214 1772 naculum
234 1711 386 1791 perduxit,
407 1713 480 1771 intra
506 1720 641 1771 oetavom
659 1727 761 1770 aunum
787 1721 873 1771 cccc
893 1723 920 1771 Μ
941 1728 1082 1771 nummum
1144 1772 1148 1778 ,

84 1798 207 1876 emptori
231 1796 344 1856 addicta
367 1795 512 1875 pendente
534 1795 686 1855 vindemia.
721 1790 903 1873 cucurritque
924 1811 982 1853 non
996 1812 1080 1854 uerno
1091 1807 1122 1857 51

84 1880 121 1940 ad
137 1879 309 1960 spectandas
325 1897 442 1940 uvarum
458 1881 486 1940 in
503 1881 538 1939 iis
554 1881 648 1939 vineis
668 1888 780 1956 strues,
801 1879 905 1939 litteris
922 1879 985 1939 eius
1002 1878 1082 1940 altio·

45 1963 166 2025 roribus
185 1972 284 2022 contra
304 1963 333 2023 id
350 1965 434 2041 pigra
452 1965 598 2023 vicinitate
619 1962 674 2021 sibi
691 1963 890 2038 patrocinante
896 2007 906 2040 ‚
926 1958 1082 2022 norissime

85 2046 207 2106 Annaeo
225 2045 353 2122 Seneca,
372 2046 503 2123 principe
519 2055 577 2104 tum
593 2044 760 2104 eruditionis
777 2062 812 2104 ac
828 2047 993 2123 potentiae,
1008 2061 1082 2122 quae

84 2137 235 2208 postremo
262 2130 345 2189 nimia
367 2130 423 2188 ruit
444 2146 533 2206 super
553 2130 662 2207 ipsum,
690 2127 812 2186 minume
832 2130 930 2205 utique
948 2130 1083 2188 miratore

84 2215 223 2290 inanium,
244 2223 322 2272 tanto
337 2213 438 2291 praedi
460 2212 543 2272 buius
558 2229 657 2272 amore
678 2220 765 2289 capto
780 2220 811 2270 ut
831 2227 888 2270 non
904 2211 1028 2288 puderet
1041 2213 1082 2269 in·

85 2298 153 2356 viso*
170 2296 240 2356 alias
263 2305 291 2356 et
316 2305 493 2356 ostentaturo
513 2297 630 2356 tradere
650 2295 772 2374 palmam
793 2311 874 2370 earn,
896 2295 1000 2372 emptis
1015 2311 1083 2372 qua-

44 2401 74 2442 ιι
86 2381 239 2460 driplicato
256 2381 349 2440 vineis
360 2380 418 2440 illis
432 2381 508 2455 intra
517 2381 666 2440 decumum
679 2379 743 2438 lere
755 2397 843 2439 curae
854 2395 966 2440 anuum.
995 2377 1080 2454 digna
1091 2387 1125 2438 52

23 2493 24 2498 ¹
85 2483 176 2544 opera
193 2483 267 2544 quae
289 2466 316 2524 in
334 2463 478 2524 Caecubis
493 2465 659 2542 setinisque
676 2463 754 2540 agris
773 2463 947 2541 proliceret,
970 2461 1083 2541 quarmo

85 2559 116 2610 et
130 2559 233 2628 postea
251 2566 461 2627 saepenumero
477 2557 614 2627 septenos
630 2547 743 2608 culleos
757 2547 870 2624 singula
886 2548 1004 2622 iugera,
1027 2544 1084 2603 boc

85 2642 131 2692 est
157 2634 315 2712 ampboras.
334 2630 471 2694 centenas
486 2633 703 2712 quadragenas,
722 2632 805 2690 musti
820 2629 939 2690 dedere.
978 2628 1024 2689 Ao
1046 2645 1083 2686 ue

23 2737 24 2774 l
86 2717 150 2794 quis
165 2719 269 2777 victam
291 2720 319 2776 in
336 2716 394 2777 boe
410 2716 605 2794 antiquitatem
620 2715 791 2789 arbitretur,
811 2714 886 2774 idem
901 2710 975 2771 (lato
992 2713 1083 2772 denos

23 2851 24 2860 ,
46 2798 200 2867 soculleos
217 2801 314 2860 redire
330 2819 367 2860 ex
380 2800 527 2878 iugeribus
540 2799 673 2877 scripsit,
689 2797 858 2858 ellicaoibus
875 2795 1017 2873 exemplis
1028 2811 1084 2854 nou

23 2891 25 2950 ᾗ
86 2883 175 2942 maria
192 2883 256 2961 plus
271 2893 409 2944 temerata
425 2883 560 2944 conferre
574 2883 745 2955 mercatori,
761 2883 861 2940 nonin
875 2879 1003 2940 Rubrum
1017 2877 1083 2960 litos

23 3001 26 3038 ,
85 2965 250 3027 Indicumue
265 2969 370 3028 mercis
385 2968 491 3045 petitas
502 2984 586 3046 quam
597 2965 729 3026 sedulum
743 2966 818 3024 ruris
833 2964 933 3025 larem.

23 3083 26 3116 t
151 3049 214 3129 (6.)
235 3051 310 3112 Vino
328 3051 522 3129 antiquissima
539 3051 655 3110 claritas
670 3049 810 3110 llaroueo
826 3050 855 3108 iu
870 3046 1010 3108 Thraciae
1024 3061 1081 3103 ma·
1092 3051 1127 3107 to

24 3201 25 3204 Ἴ
87 3135 196 3194 ritimae
218 3145 299 3214 parte
321 3137 438 3212 genito,
461 3143 491 3194 ut
510 3143 611 3194 auctor
631 3129 677 3193 est
699 3132 851 3193 llomerus.
892 3146 987 3207 neque
1009 3128 1085 3186 euim

23 3245 28 3294 μ
45 3219 218 3279 aslabulosa
231 3228 278 3278 aut
292 3219 328 3279 de
345 3219 457 3296 origine
473 3219 534 3278 eius
549 3218 630 3277 varie
646 3217 761 3295 prodita
772 3222 984 3287 consectamur,
1000 3227 1085 3290 prae·
1119 3214 1122 3221 '

23 3317 29 3380 ι
87 3313 218 3381 terquam
244 3302 406 3363 Aristaeum
433 3305 550 3380 primum
581 3301 703 3360 onmium
731 3301 760 3358 iu
788 3298 889 3359 eadem
916 3305 1004 3374 gente
1028 3293 1085 3354 mel

23 3420 30 3464 ,
87 3381 238 3446 miscuiss'e
252 3389 338 3466 vino,
362 3388 501 3448 suavitate
517 3385 675 3463 praecipua
689 3385 839 3461 utriusque
850 3390 969 3442 naturae
981 3387 1085 3458 sponte

88 3472 296 3551 provenientis.
324 3469 490 3532 Maroneum
511 3470 622 3529 viciens
639 3478 717 3528 tanto
741 3466 837 3527 addito
854 3481 947 3545 aquae
963 3466 1085 3522 misceo·
1173 3542 1178 3549 .

87 389 148 430 rum
165 386 200 429 eo
214 370 305 428 minus
319 369 483 444 omittenda,
499 377 530 426 ut
545 367 701 428 noscantur
716 371 801 429 etiam
816 373 954 449 praemia,
972 377 1087 454 quaein
