2542 3842
185 173 246 262 tit
329 215 357 288 μ·
462 217 464 227 ’
520 212 864 264 αιίητιθκουκυι.

186 367 238 428 sed
255 368 330 446 quod
347 369 409 447 ipsa
424 385 481 430 non
495 367 583 429 habet
597 369 661 429 aliis
675 368 818 444 tribuens,
832 369 966 446 quoniam
980 376 1026 428 est
1040 367 1186 429 naturalis

185 469 333 512 causarum
349 454 482 514 transitus
498 461 583 531 utque
600 472 616 511 e
638 452 869 532 putrescentibus
884 453 1039 513 identidem
1052 469 1184 529 genera·

143 542 178 598 80
189 544 239 610 tur·
246 535 362 615 aliquid.
391 553 463 614 ergo
479 536 587 602 culiea's
600 539 691 615 parit,
703 536 732 596 hi
746 537 868 597 fraudati
883 536 1016 597 alimento
1031 537 1061 596 in
1075 544 1183 610 matre,

185 620 261 698 putri
289 620 350 680 eius
377 620 459 695 tabe,
482 619 525 701 ‘ad
554 630 705 698 cognatam
734 621 848 694 volant,
877 638 1033 699 morsuque
1058 619 1183 678 licorum

186 701 308 779 crebro,
330 703 387 764 hoc
404 712 448 764 est
470 704 598 764 avidiore
618 714 721 783 pastu,
747 705 911 785 aperientes
933 720 985 763 ora
1005 720 1121 778 aarum,
1141 704 1208 762 itas

185 781 371 864 penetrantes
393 788 466 846 intus
489 787 581 847 solem
604 790 696 866 primo
721 805 819 880 pecum
840 787 976 863 inducunt
995 785 1183 864 cerealiaque

107 897 111 904 ·
186 887 269 931 auras
283 872 423 932 inmittunt
434 870 544 931 loribus
559 872 716 950 adapertis.
741 889 808 932 mox
821 870 946 930 lacteum
958 887 1107 944 umorem,
1123 869 1185 929 hoc

185 959 230 1013 e'st
244 955 387 1018 infantiam
402 956 497 1034 pomi,
522 953 687 1030 absumunt,
710 955 787 1034 quod
808 954 839 1014 dt
861 963 890 1014 et
906 963 1029 1032 sponte,
1051 954 1184 1031 ideoque

184 1038 277 1098 ficetis
295 1039 447 1116 caprificus
469 1038 639 1118 permittitur
654 1039 690 1100 ad
709 1039 849 1099 rationem
863 1040 942 1098 venti
957 1047 988 1098 ut
1004 1037 1089 1097 datus
1110 1053 1183 1096 avo·

109 1125 113 1132 “
141 1130 175 1184 81
185 1121 269 1183 lautis
284 1123 312 1181 in
328 1121 400 1182 licos
415 1123 498 1182 ierat.
528 1123 593 1183 inde
607 1131 754 1201 repertum
765 1130 795 1182 ut
810 1122 914 1182 inlatae
929 1139 1045 1202 quoque
1062 1121 1217 1181 aliundene

186 1214 215 1266 et
229 1206 304 1265 inter
315 1224 348 1265 se
364 1205 525 1284 conligatae
541 1207 717 1270 inicerentur
730 1207 804 1283 lico,
821 1205 899 1284 quod
910 1207 939 1264 in
954 1223 1052 1265 macro
1067 1202 1137 1265 solo
1153 1214 1184 1264 et

184 1289 328 1367 aquilonio
344 1306 402 1348 non
415 1287 612 1366 desideratur,
633 1293 767 1369 quonium
781 1299 884 1370 sponte
899 1297 1034 1352 arescunt
1049 1287 1112 1364 loci
1126 1291 1183 1348 situ

183 1373 321 1451 rimisque
338 1373 438 1434 eadem
454 1391 526 1452 qnae
543 1374 666 1436 culicum
682 1391 774 1454 opere
789 1391 885 1434 vcarrusa
901 1375 1033 1454 perlicit,
1056 1389 1116 1434 nec
1133 1371 1184 1433 uhi

183 1456 288 1517 multus
309 1457 424 1536 pulvis,
446 1457 524 1535 quod
544 1459 641 1518 evenit
656 1477 784 1520 maxume
805 1458 949 1538 frequenti
965 1459 1013 1518 via
1033 1457 1182 1536 adposita.

184 1557 306 1618 namque
330 1550 359 1600 et
381 1541 494 1618 pulveri
512 1542 557 1601 vis
572 1542 700 1603 siccandi
714 1560 872 1621 sucumque
887 1542 971 1603 laetis
990 1540 1181 1604 absorbendi.
1192 1563 1214 1606 rs

184 1641 259 1702 quae
280 1625 352 1684 ratio
377 1623 498 1702 pulvere
516 1633 546 1684 et
564 1626 779 1704 caprificatione
795 1625 852 1687 hoc
866 1643 982 1705 quoqne
996 1635 1183 1705 praestatae

184 1706 335 1783 decidant,
358 1707 508 1786 absumpto
524 1725 624 1768 umore
638 1717 740 1768 tenero
756 1719 865 1768 etcum
881 1709 1002 1788 quadam
1018 1709 1181 1786 iragditate

139 1799 174 1852 82
186 1789 362 1867 ponderoso.
398 1789 475 1850 Ficis
494 1788 593 1852 'mollis
615 1791 745 1853 omnious
765 1800 875 1868 taetus,
898 1795 1016 1853 maturis
1035 1793 1178 1852 frumenta

182 1875 272 1949 intus,
295 1892 382 1934 sucus
394 1873 651 1936 maturescentibus
670 1875 772 1952 lactis,
795 1878 943 1954 percoctis
957 1876 1062 1937 mellis.
1089 1893 1176 1934 sene·

182 1965 265 2016 scunt
285 1958 313 2016 in
329 1957 433 2019 arbore
449 1975 577 2037 aurasque
594 1958 742 2019 destillant
757 1951 906 2020 cummium
922 1959 1049 2020 lacrima.
1085 1959 1214 2020 siccatae

183 2039 276 2100 honos
291 2040 439 2117 laudatas,
457 2050 554 2102 serrat
567 2042 596 2101 in
612 2043 725 2121 capsis,
740 2039 947 2114 Ebusoiusula
963 2045 1182 2120 praestantissi-

180 2141 244 2184 rnas
260 2124 524 2210 amplissimasque,
546 2142 613 2184 mox
628 2127 657 2185 in
671 2123 862 2189 Marrucinis..
882 2134 911 2188 at
928 2125 976 2185 ubi
992 2128 1077 2205 copia
1088 2126 1183 2186 abun·

183 2207 248 2284 dat,
265 2207 409 2286 inplentur
424 2225 511 2268 orcae
526 2209 555 2268 ln
571 2206 658 2284 Asia,
674 2209 738 2269 cadi
753 2219 848 2269 autem
865 2210 894 2280 in
907 2207 1036 2288 Ruspina
1057 2208 1191 2270 Africae*

182 2291 271 2368 urbe,
284 2293 424 2372 panisque
440 2292 522 2352 simul
534 2300 563 2351 et
577 2293 680 2370 opsoni
690 2293 784 2351 vicem
797 2293 924 2353 siccatae
938 2292 1063 2370 inplent,
1076 2301 1184 2372 utpote

182 2391 247 2435 cum
262 2373 335 2436 Gato
345 2375 451 2436 cibaria
464 2376 537 2434 ruris
549 2371 691 2454 operariis
706 2375 786 2436 iusta.
795 2393 850 2436 ceu
864 2376 932 2453 lege
943 2377 1078 2436 sanciens
1091 2378 1216 2436 minuias

114 2511 119 2528 ‚
158 2452 163 2463 “
181 2458 280 2519 iubeat
290 2476 344 2537 per
359 2457 406 2518 lici
420 2459 618 2520 maturitatem.
645 2453 709 2518 cuni
724 2460 835 2521 recenti
845 2460 902 2520 lico
920 2459 989 2520 salis
1005 2461 1073 2520 rice
1087 2478 1183 2520 caseo

140 2550 175 2604 83
185 2545 268 2604 vesei
291 2558 383 2618 nuper
403 2537 598 2618 excogitatum
614 2551 669 2602 est.
699 2540 747 2604 Ex
761 2543 820 2603 lroc
834 2561 946 2620 genere
961 2553 1041 2626 sunt,
1057 2552 1089 2604 ut
1105 2545 1180 2604 dirri-

142 2624 171 2700 ’,ᾖ
183 2644 261 2700 mus,
278 2632 393 2686 cottana
408 2633 437 2686 et
454 2627 568 2686 caricae
583 2643 716 2705 quaeque
731 2625 936 2706 conscendenti
954 2643 1059 2688 narem
1074 2627 1182 2687 adver·

56 2733 62 2744 =
168 2728 232 2778 ,sus
257 2707 377 2769 Parthos
407 2714 491 2770 omen
516 2709 617 2773 iecere
643 2708 681 2770 ll.
711 2709 818 2771 Crasso
842 2710 954 2772 venalis
981 2709 1186 2787 praedicantis

181 2808 273 2868 voce,
295 2810 431 2874 carneae.
464 2794 556 2856 omnia
577 2794 651 2856 haec
668 2795 697 2853 in
716 2792 846 2855 Albense
866 2811 916 2852 rus
938 2811 957 2852 e
976 2794 1061 2868 Syria
1078 2795 1219 2856 'intulitsr

181 2873 213 2936 t.
228 2874 379 2954 Vitellius,
401 2877 450 2954 qui
465 2885 568 2956 posteo
586 2878 775 2953 censorini,
797 2895 861 2936 cum
877 2871 992 2952 legatus
1007 2877 1037 2934 in
1058 2894 1095 2938 ea
1113 2895 1187 2958 pro·

182 2960 277 3020 vincia
295 2969 375 3020 esset
406 2961 569 3022 novissinds
581 2960 681 3022 Tiberi
696 2959 830 3022 Caesaris
846 2959 1034 3037 temporibus.
1080 2999 1090 3020 ⁴·

75 3057 77 3066 ’
139 3049 175 3104 84
246 3042 296 3104 20.
314 3003 396 3121 (22.5
418 3042 558 3110 Malorum
569 3046 754 3123 pirorumque
765 3045 867 3121 generi
881 3044 1106 3106 adnumerentur
1118 3047 1189 3106 inre

180 3127 303 3205 mespila
321 3134 407 3205 atqua
427 3125 524 3188 sorba.
554 3126 684 3206 llespilis
698 3130 753 3189 tria
767 3145 891 3206 genera,
914 3125 1076 3204 anthedon,
1099 3140 1189 3190 seta·

181 3211 246 3283 nia,
275 3210 389 3280 tertium
417 3209 592 3286 degenerat,
624 3211 780 3272 anthedoni
808 3221 901 3273 nmen
927 3210 1065 3286 similius,
1098 3215 1222 3290 quoda

183 3289 324 3350 Gallicum
333 3300 452 3352 nocant.
475 3294 610 3352 'setaniae
624 3293 716 3353 maius
730 3312 845 3383 pomum
861 3293 1086 3371 candidiusque,
1104 3298 1193 3360 acini

180 3371 315 3431 molliore
330 3372 428 3448 ligno,
443 3375 548 3458 ceteris
563 3376 654 3434 minus
665 3391 798 3453 pomum,
811 3377 864 3438 sed
875 3377 966 3438 odore
981 3382 1194 3459 praestantius

182 3460 213 3534 et
235 3452 313 3529 qnod
335 3454 602 3542 diutiusserretur.
631 3457 719 3520 arbor
739 3460 857 3540 ipsa'de
879 3460 1072 3542 amplissimis.
1107 3461 1195 3526 folin
