2542 3842
144 153 205 216 220
317 126 323 132 ⁸
419 160 422 166 ·
477 124 543 213 ὀ.
562 161 659 212 eursu
678 160 828 222 suenum,

103 342 146 383 aaa
230 320 259 380 7.
285 315 488 379 lndellaeotis
502 318 582 379 lacos
599 319 628 378 iu
643 315 760 395 Europa
772 317 874 377 dictus.
902 329 925 378 ,·

105 414 140 468 19
234 403 297 482 (7.)
319 400 511 462 hCimruerio
522 401 658 461 adcolunt
669 400 820 477 Maeotici,
833 399 912 478 llali,
925 399 1143 476 Serni,Serrei,

149 485 227 562 Cizi,
250 486 354 548 Gnissi.
402 485 469 547 dein
493 484 610 545 Tanaim
636 487 747 544 amnem
769 487 883 562 gemino
907 500 959 543 ore
979 483 1146 544 influentem

147 570 275 630 incolunt
296 571 459 644 Sarmatae,
491 567 642 629 Medorum
667 569 714 645 (ut
736 567 846 648 lerunt)
870 567 1006 643 suboles,
1039 576 1068 626 et
1089 567 1147 646 ipsi

148 655 177 714 io
197 654 285 714 multa
304 671 413 730 genera
433 653 526 713 dirisi.
560 653 643 730 primi
660 652 848 712 Sauromatae
868 650 1169 726 Gynaecooratume·⁶

147 753 222 813 noe,
251 737 426 797 Amazonum
454 735 606 795 connubia.
656 734 723 795 dein
750 733 903 810 Nevaaae,
934 735 1052 809 Coitae,
1084 733 1147 794 Ciai

149 820 340 896 Messeniani,
366 817 563 894 Cotobacchi,
587 816 696 893 Cetae,
726 817 832 894 Zigae,
865 818 996 893 Tindari,
1021 817 1147 893 Thyssa-

84 965 88 971 ,
149 913 253 982 getae,
272 904 374 980 lyr-cae
385 920 477 981 usque
489 901 526 962 ad
537 901 708 962 solitudines
721 902 856 961 saltuosis
869 901 1049 962 convallibus
1062 909 1146 980 a'spe·

150 1006 215 1064 ras,
235 988 310 1048 ultra
331 1003 402 1066 quas
421 984 589 1064 Arimphaei
606 987 655 1064 qui
673 986 708 1045 ad
725 985 854 1064 Ripaeos
874 987 1018 1064 pertinent
1031 985 1147 1045 montis.

109 1070 271 1134 bohanaim
300 1073 393 1149 ipsum
415 1068 541 1144 Scythae
563 1070 661 1142 Sinum
685 1077 807 1146 vocant,
835 1068 971 1130 Maeotim
992 1068 1148 1129 Temarun·
1158 1076 1185 1118 ¹⁰

152 1155 233 1231 dam,
258 1172 316 1234 quo
345 1153 508 1230 significant
531 1163 651 1214 matrem
678 1155 781 1214 maris.¹
818 1153 955 1232 oppidum
986 1154 1015 1212 in
1045 1152 1149 1212 Tanais

152 1256 269 1318 quoque
293 1239 379 1309 ostio.
413 1236 547 1304 Tenuere
568 1237 684 1297 buitima
707 1239 798 1316 primo
824 1235 932 1314 Cares,
957 1237 1023 1297 dein
1046 1234 1149 1296 Claao·
1199 1257 1204 1271 ·

150 1325 237 1382 menii
259 1331 289 1382 et
309 1321 466 1397 Maeones,
493 1330 598 1400 postea
620 1321 867 1400 Panticapensess
898 1330 963 1380 sunt
992 1319 1040 1399 qui
1071 1321 1150 1380 circa

151 1399 286 1466 biaeotim
307 1405 344 1466 ad
361 1403 522 1466 Ceraunios
545 1406 648 1464 montis
671 1405 722 1464 has
744 1405 856 1466 tradant
876 1405 990 1482 gentis:
1024 1421 1040 1463 a
1063 1403 1149 1464 litore

153 1487 301 1568 Napitas,
328 1504 475 1568 supraque
501 1487 670 1548 Essedones
699 1486 816 1549 Colchis
849 1490 982 1564 iunctos,
1013 1489 1149 1547 montium
1159 1501 1187 1543 rs

111 1581 145 1634 al
158 1572 362 1633 cacuminibus.
396 1572 463 1632 dein
481 1571 636 1647 Camacas,
659 1570 786 1647 Oranos,
805 1572 948 1647 hutacas,
969 1571 1148 1647 Manacasos,

91 1669 98 1681 '
155 1654 371 1734 Cantiocaptas,
389 1654 574 1731 Agamathas,
590 1655 687 1730 Picos,
707 1654 885 1730 Rimosolos,
907 1655 1148 1729 Acascomaroos,

155 1748 185 1798 et
200 1739 236 1798 ad
254 1739 321 1814 iuga
341 1735 463 1797 Caucasi
485 1736 623 1812 ltacala's,
647 1737 835 1815 lmadochos,
854 1739 971 1814 Ramos,
994 1737 1149 1812 hnolacas,

154 1820 273 1896 lydios,
290 1819 489 1899 Carastaseos,
508 1821 694 1881 Anthiandas.
730 1821 856 1899 Lagnum
869 1839 981 1882 amnem
998 1839 1035 1880 ex
1049 1822 1150 1881 monti-

154 1905 208 1964 bus
226 1902 344 1964 Catheis
363 1907 393 1964 in
410 1923 494 1984 quern
510 1904 617 1973 dehuat
632 1904 780 1984 Opharus,
805 1905 845 1965 ibi
864 1906 958 1983 gentis
976 1903 1149 1981 Cauthadas,
1159 1897 1186 1962 ‘ao

155 1987 325 2066 Opharitas,
347 1989 437 2048 amnis
449 1987 656 2064 Menotharum,
677 1986 798 2064 lmityen
813 2007 851 2050 ex
865 1987 1015 2049 montibus
1037 1982 1149 2063 Cissiis,

153 2073 228 2132 inter
239 2071 372 2149 hgdeos,
391 2070 512 2148 Carnus,
529 2065 706 2149 Osoardeos,
719 2072 855 2149 licoisas,
867 2072 992 2147 Crebros,
1006 2071 1149 2150 Gogaros,
1170 2111 1175 2120 ·

112 2167 147 2221 ᾔ
160 2157 296 2234 circaque
308 2156 415 2216 iontem
429 2155 537 2232 Imityis
547 2155 666 2232 imityos
681 2165 710 2216 et
724 2157 897 2235 Apatraeos.
937 2157 985 2226 alii
1003 2157 1151 2216 influxisse

154 2256 193 2301 eo
212 2240 335 2315 Scythas
347 2240 510 2315 Auchetae,
530 2239 712 2317 Atherneos,
731 2241 920 2319 Asampatas,
943 2240 979 2300 ab
993 2239 1037 2300 his
1049 2239 1150 2300 Tanai·

154 2333 200 2384 tas
220 2331 250 2383 et
277 2322 420 2401 Inapaeos
442 2323 547 2382 viritim
568 2323 705 2385 deletos,
737 2325 826 2404 aliqui
848 2323 998 2384 Ocharium
1020 2323 1077 2384 labi
1096 2339 1187 2401 peras

156 2406 292 2466 Canticos
307 2415 336 2465 et
346 2407 476 2483 Sapeos,
489 2405 605 2465 'lanainr
615 2424 688 2466 vero
700 2409 840 2467 transisse
854 2407 1061 2482 Sarcharceos,
1078 2407 1150 2465 ller-

155 2492 261 2562 ticeos,
275 2487 480 2566 Spondolicos,
494 2488 659 2563 Synhietas,
672 2489 796 2564 dnasos,
811 2489 901 2564 lssos,
915 2488 1150 2566 Catetas,''lago·

155 2589 218 2646 ras,
240 2568 388 2646 Carouos,
405 2569 547 2648 Naripos,
563 2570 737 2648 Agandeos,
758 2571 947 2650 blandareos,
963 2574 1149 2649 Satarcheos,

107 2675 117 2690 x
157 2654 291 2733 Spaleos.
619 2687 642 2715 ,·

114 2746 150 2801 23
241 2737 271 2798 8.
302 2737 364 2818 (8.)
388 2737 509 2798 Peracta
526 2747 572 2798 est
591 2739 710 2798 interior
725 2747 783 2799 ora·
796 2757 812 2800 a
826 2738 879 2800 Cio
898 2757 979 2800 amne
993 2753 1186 2818 omnesqueao

156 2821 294 2898 adcolas,
324 2840 399 2882 nunc
425 2821 570 2882 reddatur
583 2823 685 2902 ingens
714 2824 742 2882 iu
764 2824 973 2884 mediterraneo
998 2825 1092 2900 sinus,
1122 2825 1151 2884 in

157 2923 214 2984 quo
235 2905 322 2966 multa
338 2906 423 2966 aliter
440 2924 475 2966 ac
490 2915 610 2967 veteres
631 2907 808 2987 proditurum
828 2925 874 2967 me
898 2925 955 2968 nou
977 2924 1018 2982 eo¹
1035 2907 1149 2984 infitias,
1265 2903 1266 2942 ³

157 2991 241 3050 anxia
258 2991 416 3068 perquisita
428 3007 496 3050 cura
510 2990 600 3051 rebus
613 3009 705 3070 nuper
723 2992 752 3050 in
771 3007 807 3050 eo
819 2992 875 3052 situ
889 2993 980 3068 gestis
996 3009 1012 3052 a
1024 2991 1149 3052 Domitio
1241 2997 1243 3002 “

158 3070 325 3133 Corbulone
353 3072 530 3153 regibusque
557 3075 623 3135 iude
639 3068 745 3134 'missis
775 3075 953 3153 supplicibus
979 3083 1028 3135 aut
1049 3091 1150 3152 regum

157 3154 258 3214 liberis
285 3155 442 3216 obsidibus.
491 3157 634 3218 ordiemur
660 3167 754 3218 autem
784 3175 800 3218 a
823 3157 1028 3236 Cappadocum
1050 3167 1186 3234 gentem

7 3304 10 3316 ,
115 3237 340 3314 ashongtsstme
374 3237 448 3298 haec
476 3239 655 3301 Ponticarum
686 3244 808 3301 omniurn
838 3244 977 3302 introrsus
1007 3242 1149 3302 recedens

1264 3265 1266 3316 l

157 3323 295 3381 minorem
311 3321 473 3382 Armeniam
493 3325 688 3402 maioremque
709 3333 738 3384 et
758 3323 971 3402 Commagenen
993 3327 1076 3385 laevo
1094 3339 1148 3382 suo
1265 3321 1266 3364 t

160 3403 251 3464 latere
265 3405 380 3481 transit,
401 3403 504 3494 dextro
516 3422 588 3465 uero
601 3409 691 3467 omnis
706 3409 735 3467 in
745 3407 816 3468 Asia
828 3409 919 3469 dictas
931 3409 1035 3487 gentis,
1052 3404 1149 3486 pluru-
