2542 3842
277 213 281 221 ¹
316 210 397 259 1111.
413 208 504 259 mar.
521 210 559 257 11.
574 203 696 259 ot-so.
712 195 860 281 (ae-sni
1070 197 1111 260 93

168 364 219 427 18.
230 364 316 445 (49.)
324 354 408 423 Nunc
419 364 456 425 de
468 364 629 443 repentinis
638 362 765 439 flatibus,
778 364 827 441 qui
838 363 993 425 exhalante
1004 374 1094 440 terra,
1103 376 1152 429 131

98 458 141 511 -ut
154 448 261 510 dictum
277 456 332 523 est,
350 448 459 522 coorti,
481 465 641 526 rursusque
657 446 765 505 deiecti
784 447 897 507 interim
918 446 1043 509 obducta
1059 466 1165 508 numa·

112 533 188 595 bium
212 533 287 607 cuti,
314 530 506 591 multiformes
529 532 682 590 exsistunt.
711 528 789 606 V‘agi
811 531 919 609 quippe
941 541 971 591 et
991 542 1111 592 ruentes

112 616 280 677 torrentium
295 614 381 675 modo
404 614 451 691 (ut
467 614 571 693 aliquis
593 613 716 690 placere
732 614 926 693 ostendimus)
943 616 1067 675 tonitrua
1082 625 1153 676 etia

92 700 224 777 sfulgura
239 698 335 759 edunt.
351 699 462 757 maiore
477 713 550 759 vero
566 697 647 756 inlati
663 696 796 774 pondere
810 698 997 775 incursuque,
1015 700 1039 759 si
1052 700 1111 759 late
1128 719 1139 737 ⁸

113 784 218 843 siccam
238 799 346 859 rupere
370 780 490 857 nubem,
519 780 683 858 procellam
707 781 830 858 gignunt
851 798 927 860 quae
949 791 1070 841 vocatur
1095 799 1112 841 a

114 864 232 927 Graecis
248 864 417 942 ecnephias.
446 866 490 923 sin
506 881 579 923 vero
594 864 739 941 depresso
758 864 821 923 sinu
841 864 951 925 arctius
965 866 1050 923 rotati
1069 864 1112 923 ef·

112 948 277 1025 fregerunt,
300 948 363 1009 sine
379 947 462 1024 igne,
483 948 540 1008 boc
556 956 601 1007 est
618 948 681 1007 sine
697 948 833 1022 fulmine,
848 949 990 1008 verticem
1005 947 1113 1011 faciant

113 1033 160 1111 qui
178 1031 287 1109 typhon
307 1039 443 1104 vocatur,
466 1031 498 1090 id·
512 1039 557 1089 est
571 1028 701 1089 vibratus
718 1030 886 1109 ecnephias.
919 1030 1025 1091 Defert
1045 1030 1155 1093 1111132

79 1135 104 1178 ro
114 1132 212 1175 secum
230 1113 338 1193 aliquid
354 1112 505 1191 abruptum
521 1132 537 1173 e
553 1112 629 1173 nube
645 1114 759 1189 gelida,
781 1115 962 1174 convolvens
977 1132 1110 1175 versans·
1204 1185 1209 1193 ρ

111 1214 169 1277 que
184 1205 214 1255 et
228 1199 338 1255 ruinam
354 1214 433 1257 suana
449 1197 500 1256 illo
516 1196 649 1276 pondere
665 1198 827 1272 adgravans
839 1206 869 1257 et
884 1198 981 1257 locum
993 1216 1031 1256 ex
1042 1197 1110 1257 loco

110 1290 220 1339 mutans
234 1280 337 1358 rapida
353 1282 517 1357 vertigine,
539 1280 699 1357 praecipua
713 1281 907 1357 navigantium
921 1282 1030 1357 pestis,
1054 1296 1112 1339 non

111 1372 258 1425 antemnas
278 1363 365 1422 modo
382 1380 483 1423 verum
499 1364 563 1443 ipsa
582 1364 698 1439 navigia
713 1371 846 1423 contorta
861 1363 1016 1439 frangens,
1033 1364 1111 1423 tenui

110 1447 240 1527 remedio
256 1447 333 1508 aceti
348 1448 376 1507 in
391 1446 594 1507 advenientem
610 1446 710 1522 effusi,
734 1447 780 1506 cni
800 1447 986 1525 frigidissima
1002 1455 1046 1507 est
1061 1464 1110 1506 na·

78 1540 189 1593 astura.
206 1532 282 1593 idern
297 1531 382 1591 inlisu
397 1530 460 1609 ipse
478 1548 671 1608 repercussus
684 1540 826 1609 conrepta
841 1549 942 1590 secum
956 1532 985 1589 11
999 1530 1112 1591 caelum

110 1617 201 1676 refert
217 1614 377 1693 sorbetque
392 1616 421 1673 in
439 1614 598 1674 excelsum.

171 1699 256 1778 (50.)
279 1698 404 1773 Quodsi
426 1700 535 1757 maiore
557 1698 720 1777 depressae
734 1695 821 1756 nubis
842 1695 973 1775 eruperit
988 1713 1089 1774 specu,
1103 1702 1154 1757 133

110 1783 163 1844 sed
180 1784 272 1841 minus
288 1781 347 1841 lato
363 1798 447 1859 quam
462 1781 595 1858 procella
610 1797 668 1840 nec
682 1781 744 1840 sine
759 1780 889 1856 fragore,
905 1780 1048 1842 turbinem
1059 1797 1110 1837 vo·

111 1874 176 1927 cant
190 1881 330 1943 proxuma
348 1882 482 1943 quaeque
498 1872 740 1942 prosternentem.
758 1863 835 1923 idem
846 1864 994 1923 ardentior
1006 1870 1111 1923 accen-⁴

76 1960 230 2027 aususque,
252 1948 317 2009 dum
328 1948 406 2022 furit,
423 1956 539 2024 prester
550 1957 671 2007 vocatur
681 1947 836 2007 amburens
854 1947 986 2007 contacta
1002 1949 1111 2023 pariter

112 2040 142 2091 et
157 2040 321 2109 proterens.
351 2030 403 2092 49.
419 2028 485 2089 1111
506 2030 536 2090 fit
553 2041 648 2091 autern
668 2031 832 2108 aquilonius
847 2030 974 2107 typhon,
999 2047 1056 2088 nec
1069 2031 1110 2087 ni-

110 2113 185 2173 valis
202 2122 250 2173 ant
271 2116 337 2173 nive
353 2115 466 2173 iacente
483 2114 652 2192 ecnephias.
679 2112 765 2185 Quod
782 2115 807 2170 si
826 2113 908 2171 simul
918 2113 995 2187 rupit
1006 2111 1112 2171 nubem

111 2198 279 2275 exarsitque
296 2205 325 2256 et
340 2198 435 2273 ignem
450 2196 559 2269 habuit,
576 2212 635 2253 non
649 2204 753 2271 postea
771 2194 917 2269 concepit,
934 2193 1042 2251 fulmen
1055 2202 1110 2251 est.

109 2279 205 2339 Distat
220 2287 382 2358 aprestere
395 2297 453 2359 quo
469 2279 579 2339 flamma
598 2276 634 2336 ab
650 2278 718 2353 igni.
737 2276 785 2335 hic
800 2275 857 2335 late
873 2275 999 2334 funditur
1013 2273 1090 2348 datu,
1103 2284 1155 2339 134

74 2362 182 2422 raillud
199 2362 391 2439 conglobatur
412 2365 530 2440 impetu.
560 2360 680 2426 vertex.
695 2368 791 2419 autem
812 2358 970 2418 remeando
993 2357 1111 2417 distata

108 2444 225 2505 turbine
242 2455 271 2505 et
282 2462 343 2527 quo
360 2447 466 2506 stridor
483 2462 499 2504 a
514 2444 648 2521 fragore,
666 2444 800 2523 procella
817 2443 964 2503 latitudine
981 2440 1017 2501 ab
1033 2450 1110 2501 utro·

109 2546 186 2607 que,
213 2528 334 2589 disiecta
348 2529 424 2588 nube
445 2530 543 2587 verius
558 2546 643 2607 quarn
656 2537 749 2607 rupta.
782 2526 827 2587 nn
841 2536 872 2586 et
893 2527 989 2602 caligo
1005 2525 1110 2584 belum

108 2610 197 2670 simili
211 2610 288 2670 nube
304 2612 364 2672 dira
379 2611 589 2688 navigantibus.
615 2610 746 2671 Vocatur
761 2619 791 2671 et
802 2610 944 2684 columna,
961 2626 1025 2667 cnm
1037 2609 1110 2686 spis·
1175 2633 1179 2639 ·

108 2702 190 2753 satus
206 2711 289 2754 umor
308 2695 466 2773 rigensque
487 2695 550 2772 ipse
567 2712 599 2752 se
621 2698 751 2755 sustinet.
780 2711 819 2753 ex
835 2692 939 2753 eodem
953 2707 1066 2767 genere
1081 2700 1112 2748 ct

72 2776 138 2837 coin
153 2776 273 2853 longum
287 2776 376 2836 veluti
393 2777 484 2837 fistula
502 2775 595 2837 nubes
612 2795 715 2856 aquam
731 2775 826 2836 trabit.

174 2860 225 2921 50.
243 2860 327 2937 (51.)
348 2860 450 2921 Hieme
475 2868 504 2919 et
526 2868 638 2919 aestate
663 2878 729 2920 rara
750 2859 867 2918 fulmina
886 2855 1037 2914 contrariis
1052 2853 1089 2914 de
1104 2863 1153 2917 135
1205 2880 1210 2891 ·

108 2942 225 3017 causis,
248 2943 382 3021 quoniam
404 2944 499 3003 hieme
516 2942 652 3003 densatus
668 2959 720 3020 aer
734 2941 850 2998 nubium
865 2938 1010 2996 crassiore
1030 2938 1111 2995 corio

106 3028 270 3105 spissatur,
282 3027 433 3105 omnisque
449 3034 589 3085 termnum
606 3023 751 3083 exhalatio
765 3022 864 3097 rigens
875 3036 910 3078 ac
921 3018 1019 3096 gelida
1030 3019 1111 3100 quid-

107 3108 178 3187 quid
190 3108 299 3185 accipit
310 3110 388 3185 ignei
401 3108 518 3186 vaporis
530 3107 696 3181 exstinguit.
713 3122 788 3181 qnae
800 3104 873 3162 ratio
885 3104 1027 3163 inmunem
1039 3105 1111 3176 Scy·

73 3190 197 3253 sethiani
213 3198 243 3251 et
259 3191 337 3251 circa
353 3191 477 3267 rigentia
489 3190 664 3249 afulminnrn
680 3203 750 3246 casu
764 3194 903 3265 praestat,
919 3196 949 3245 et
965 3187 1110 3245 ediverso

30 3267 34 3275 ’
105 3275 212 3333 nimius
229 3273 318 3334 ardor
334 3273 511 3351 Aegyptum,
527 3272 671 3350 siquidem
687 3268 773 3334 calidi
789 3270 919 3347 siccique
934 3268 1038 3328 halitus
1052 3277 1110 3326 ter·

105 3374 158 3417 rae
175 3349 244 3416 raro
262 3357 430 3430 admodum,
447 3356 598 3433 tenuisque
614 3362 644 3411 et
661 3351 786 3411 infirmas
801 3352 955 3413 densantur
970 3352 998 3408 11
1015 3348 1108 3408 nubis.

105 3438 187 3499 Vere
202 3448 342 3517 autemet
358 3446 490 3499 autmnno
507 3436 656 3497 crebriora
671 3434 797 3509 fulmina,
817 3434 961 3510 corruptis
972 3434 999 3490 11
1014 3440 1090 3489 utro·
1105 3436 1152 3492 136
