2542 3842
376 126 905 204 nan.ntsn.v1111.=35(55—58.)
950 158 952 160 >
1052 124 1111 188 ton

105 298 299 375 reperiuntur,
315 296 368 359 sed
382 296 448 357 aliis
463 302 551 373 atque
565 294 631 357 ιιιιι
647 294 735 370 loeis,
750 292 954 371 nemusque·
943 311 1001 358 narn
1016 292 1045 352 iu
1060 309 1109 353 ex
1159 327 1161 338 ·

47 420 53 431 ι
106 382 204 441 ιιιιιιι
216 382 301 443 etiam
317 379 495 476 marginibus
511 378 592 439 velut
608 376 721 440 concha
734 377 880 450 exeuntis,
900 385 930 435 et
947 373 975 435 ιι
986 374 1108 474 quibus·

86 461 170 526 ἰιιιιι
195 474 351 543 quaternos
374 464 547 542 quinosque.
583 462 696 540 pondos
717 462 754 526 ιιι
774 460 832 521 ιιι
853 460 918 521 aevi
941 460 1109 521 semunciae

106 550 192 627 pauci
209 548 330 627 singulis
340 547 477 625 scripulis
493 564 664 609 excessere.
693 544 724 605 lo
738 544 883 605 Britannia
899 561 1007 621 parvos
1022 553 1129 622 atque·

15 700 18 707 ⁴
77 631 263 695 ndeeolores
277 633 358 691 nasci
379 640 489 691 certum
509 639 568 705 est,
591 629 727 727 quoniam
747 628 829 689 divos
850 626 938 689 lulius
959 628 1109 690 tboraoem
1161 628 1165 635 ’

60 782 63 789 ,
107 734 193 796 quem
208 716 324 777 Veneri
337 712 511 777 Genetrici'
503 732 530 773 ιι
550 714 660 793 templo
682 714 745 773 eius
761 711 867 776 dicauit
886 730 926 774 ex
939 709 1109 777 Britannicis
1203 792 1206 795 ἡ

105 800 268 877 margaritis
283 798 390 861 iactuum
407 798 532 860 voluerit
549 797 691 875 intellegi.

169 882 254 961 (58.)
278 882 399 943 Lolliam
415 882 571 957 Paulinam,
582 900 658 959 quae
670 881 724 941 init
734 878 786 941 Gai
798 879 937 959 principis
952 886 1152 955 matronali?

105 985 142 1025 ne
165 967 242 1025 serio
266 966 382 1045 quidem
409 975 458 1029 aut
480 966 613 1027 sollemni
637 965 877 1037 caerimoniarum
902 963 1001 1043 aliquo
1020 962 1108 1041 adpa-

68 1058 169 1115 roratu
185 1051 238 1111 sed
253 1049 441 1113 mediocrium
461 1049 545 1123 etiam
560 1050 737 1127 sponsalium
759 1066 847 1123 cena,
866 1046 924 1107 uidi
948 1046 1109 1123 zmaragdis

106 1135 328 1213 margaritisque
342 1142 486 1218 opertam,
507 1133 620 1193 alterno
638 1142 718 1193 tento
734 1130 911 1209 fulgentibus
923 1140 984 1191 toto
1002 1131 1108 1209 capite,

107 1217 248 1293 crinibus,
275 1219 369 1295 spira,
385 1210 521 1293 uiribus,
548 1216 644 1291 collo,
665 1216 829 1313 monilibus,
851 1215 1019 1293 digitisque,
1033 1232 1110 1293 quae

107 1320 215 1363 ιιιιιιιιι
233 1284 488 1398 quadringentiens
502 1261 559 1360 t’ts.
578 1299 772 1377 colligebats
763 1318 827 1377 ipsa
840 1300 994 1363 confestim
1006 1306 1109 1397 parata

105 1386 356 1463 mancupationem
373 1383 477 1446 tabulis
498 1384 635 1463 probare.
663 1403 720 1445 nec
735 1383 811 1445 dona
830 1383 947 1461 prodigi
969 1383 1108 1462 principis

70 1470 231 1543 uoluerant,
249 1468 301 1527 sed
315 1470 410 1532 eritne
427 1486 511 1545 opes,
524 1469 735 1546 provinciarum
745 1467 862 1532 scilieet
876 1467 978 1545 spoliis
995 1474 1144 1545 partae

107 1553 154 1613 bic
170 1562 215 1613 ost
229 1553 392 1631 rapinarum
405 1554 515 1629 esbus,
533 1552 590 1615 boc
606 1552 659 1613 fnit
678 1550 820 1630 quarell
837 1549 948 1613 Lollius
969 1551 1085 1614 inferna·
1099 1557 1151 1611 118
1202 1620 1206 1625 g

106 1646 152 1697 tus
167 1654 269 1713 regum
284 1634 473 1697 muneribus
465 1654 493 1698 tn
504 1644 566 1719 loto
583 1636 695 1697 oriente
707 1635 860 1696 interdictu
871 1635 995 1696 amicitia
1006 1653 1023 1695 a
1036 1630 1107 1695 Gaio

108 1716 237 1781 Caesare
258 1719 383 1796 Augusti
398 1720 457 1781 ilio
480 1712 621 1781 venenum
643 1719 775 1794 biberet
795 1728 827 1779 ut
848 1720 946 1798 neptis
960 1720 1022 1780 eins
1037 1734 1106 1795 qun·

106 1803 303 1881 dringentiens
317 1802 376 1863 HS.
406 1812 507 1881 operta
529 1813 714 1883 spectaretur
737 1802 774 1866 ad
794 1803 939 1866 lucernas.
970 1809 1110 1880 conputet

68 1896 181 1947 ιιιιιι
196 1887 299 1965 aliquis
317 1906 355 1949 ex
368 1887 460 1949 altera
477 1896 558 1965 parte
572 1898 708 1967 quantum
724 1885 827 1949 Curius
850 1896 898 1948 ant
913 1885 1089 1947 Fabricius
1080 1904 1109 1945 m

107 1972 256 2048 triumphis
271 1969 399 2045 tulerint,
415 1972 586 2047 imaginetur
602 1972 718 2033 illorum
733 1970 857 2046 fercula,
871 1988 909 2030 ex
918 1970 1013 2031 altera
1021 1978 1108 2047 parte

107 2052 228 2115 bolliam
262 2070 345 2113 unam
377 2055 479 2131 imperi
500 2054 698 2115 mulierculam
719 2053 927 2115 adcubantem:
959 2071 1017 2113 non
1038 2052 1108 2113 illos

28 2141 31 2148 '
108 2154 193 2196 curru
205 2135 352 2196 detractos
369 2154 452 2213 quam
471 2137 498 2194 in
510 2136 567 2195 hoc
578 2138 685 2197 vicisse
699 2134 799 2196 malit?
814 2135 878 2197 Nec
892 2136 967 2197 haec
984 2154 1091 2198 summa
1100 2146 1151 2201 119

9 2222 11 2227 ’
107 2220 238 2281 luxuriae
256 2218 390 2296 exempla
405 2228 480 2281 sont.
514 2220 570 2280 duo
588 2220 671 2283 inere
688 2222 812 2284 maxumi
823 2222 944 2282 uniones
958 2214 1011 2297 per
1023 2237 1108 2281 omne

68 2324 98 2367 aa
107 2320 219 2367 aevom.
249 2312 399 2381 utrumque
417 2302 549 2381 possedit
563 2305 720 2383 Cleopatra
733 2303 864 2383 Aegypti
877 2304 1041 2381 reginarum
1055 2321 1107 2365 no·
1122 2366 1127 2373 ,

106 2388 222 2447 sissima
237 2404 292 2485 per
308 2404 407 2445 manns
430 2388 552 2449 orientis
573 2408 674 2467 regum
689 2389 748 2450 sibi
771 2388 902 2451 traditos.
933 2387 1019 2463 baec,
1043 2405 1107 2446 cum

34 2514 37 2519 ,
108 2471 259 2551 exquisitis
278 2470 384 2533 cotidie
399 2468 541 2533 Antonius
555 2476 738 2551 saginaretur
755 2472 861 2551 epulis,
876 2471 1008 2551 superbo
1024 2468 1108 2534 munt

107 2574 142 2615 ac
157 2574 276 2637 procacr
270 2556 374 2633 'lassu
390 2565 420 2617 ut
435 2559 535 2635 regina
547 2558 684 2621 meretrix
696 2557 875 2617 lautitiam
848 2576 911 2617 erus
928 2574 1043 2617 omnem
1057 2554 1106 2615 ad·

107 2649 294 2719 paratumque
318 2640 501 2717 obmortuos,
527 2652 685 2723 quaerente
707 2659 743 2702 eo
766 2642 835 2720 quid
850 2640 959 2701 marai
977 2636 1106 2717 magnifi-

70 2738 97 2781 ιι
108 2724 219 2783 ιιιιίιι
242 2733 343 2801 posset
361 2726 515 2802 respondit
534 2740 589 2788 nna
607 2746 640 2787 se
655 2744 729 2786 cena
747 2726 880 2788 centiens
892 2722 953 2785 HS
969 2723 1104 2801 absump-

106 2814 208 2865 turam.
239 2805 373 2885 cupiebat
388 2808 504 2869 discam
520 2809 737 2891 intorsionem
752 2809 818 2871 lieri
834 2825 924 2885 posse
938 2824 997 2869 noo
1009 2806 1085 2866 arbi·
1094 2816 1149 2876 ιιι

64 2906 66 2913 ’
105 2886 242 2950 nubatur.
274 2907 346 2967 ergo
360 2892 569 2967 sponsionibus
583 2894 669 2953 iactis
685 2901 806 2971 postero
831 2891 951 2989 dieque
971 2888 1105 2953 iodicium

106 2972 247 3049 agebatur
262 2974 442 3051 magnificam
464 2976 535 3037 alias
556 2995 673 3051 cenam,
697 2994 735 3037 ue
756 2976 822 3038 dies
837 2976 964 3053 periet,
987 2972 1040 3035 sed
1054 2990 1104 3031 co·

106 3056 255 3132 tidianam‚
280 3057 407 3135 Antonio
426 3058 565 3137 adposuit
585 3060 718 3121 inridenti
738 3059 1032 3137 amputationemque
1051 3074 1103 3127 en

9 3178 12 3187 ι
69 3149 96 3193 ιι
105 3140 271 3217 postulanti
301 3149 329 3201 at
345 3140 395 3201 illa
413 3138 597 3207 corollarium
619 3143 648 3205 id
661 3162 732 3204 esse
747 3152 779 3204 et
777 3151 1026 3240 ceunmpteram
1042 3158 1105 3208 ew
1188 3164 1193 3190 t

105 3240 206 3283 cenam
222 3226 397 3285 taxationem
413 3226 596 3302 confirmans,
618 3227 770 3325 solamque
788 3246 822 3287 se
837 3228 966 3287 cennens
981 3225 1037 3286 lss.
1055 3241 1103 3283 oe·

103 3314 241 3383 naturam,
269 3307 368 3367 inferri
383 3326 510 3369 mensam
525 3310 706 3371 secundam
697 3312 788 3373 iussit
820 3329 858 3371 ex
878 3318 1039 3391 praecepto
1054 3308 1104 3367 mi-

103 3389 185 3452 nistri
198 3408 282 3451 unonr
297 3400 404 3451 tantum
418 3411 471 3455 nas
488 3402 554 3455 ante
570 3412 776 3473 composuere
796 3395 874 3455 aceti
892 3396 976 3455 cuius
992 3391 1138 3472 aspera,
