2542 3842
255 149 346 252 'upa
363 154 453 201 mrsu.
469 150 617 205 vumer-
633 142 710 219 (se)
727 174 768 185 -
782 155 814 201 x.
832 151 857 203 3.
876 144 934 221 (3.)
1041 143 1099 203 121

101 310 162 371 'lius
177 316 293 367 senator
310 306 359 375 ille
375 308 512 367 maxumis
528 305 631 365 nabilis
648 305 787 367 doctrinis
804 307 926 367 doctore
943 307 1036 369 nullo:
1052 329 1101 370 ne·

107 395 210 453 minem
232 392 378 451 exstitisse
400 392 447 467 qui
474 390 578 449 viderit
597 398 782 464 vescentem,
807 408 921 451 sacrum
944 393 972 450 in
994 392 1102 454 Arabia

108 476 170 537 Soli
186 494 275 551 esse,
281 475 380 533 vivere
396 474 475 545 annis
490 487 572 549 Dxn,
589 482 790 533 senescentem
804 475 883 535 casia
897 478 1025 555 turisque
1041 496 1102 537 sur·

43 564 46 579 ’
108 560 180 620 culis
198 567 366 617 construere
383 557 488 632 nidum,
510 557 627 635 replere
647 557 785 617 odoribus
800 566 830 616 et
844 562 1035 636 superemori.
1066 578 1103 619 ex

6 678 7 685 κ
84 642 223 711 sossihus
239 641 342 700 deinde
361 650 390 699 et
404 640 536 702 medullis
553 643 616 701 eius
629 642 710 700 nasci
725 643 818 719 primo
835 658 890 701 ceu
905 645 1101 719 vermiculum,
1190 654 1194 664 “

107 727 173 788 inde
187 726 250 784 lieri
267 712 386 801 pullum,
405 726 606 803 principioque
621 726 694 784 iusta
710 723 811 783 lunera
829 727 918 802 priorr
911 727 1059 788 reddere
1074 735 1104 787 et

107 820 197 871 totum
218 808 335 869 deferre
357 808 452 867 nidum
469 825 561 885 prope
576 808 775 867 Panchaiam
766 825 795 866 m
818 809 895 868 Solis
917 808 1016 868 urbem
1032 821 1061 870 et
1076 811 1103 869 in

109 912 158 954 ara
174 892 213 951 ibi
229 893 387 969 deponere.
419 888 674 954 clancularius
690 894 749 970 pita
765 894 859 968 magni
873 896 1130 955 conversionemo

109 977 172 1035 anni
185 976 247 1034 heri
258 975 352 1053 prodit
365 976 440 1035 idem
455 972 604 1050 Mamilius,
617 977 777 1053 iterumque
793 977 1018 1052 significationes
1032 988 1103 1037 tem·

73 1086 99 1125 10
110 1068 255 1157 pestutum
269 1070 297 1118 et
318 1060 443 1119 siderum
462 1059 579 1118 easdem
594 1062 718 1133 reverti,
744 1060 801 1118 hoc
816 1070 911 1119 autem
926 1062 1003 1120 circa
1019 1063 1103 1121 meri·

109 1144 207 1204 diem'
190 1146 328 1240 incipere
347 1159 402 1220 quo
420 1142 466 1201 die
483 1145 592 1219 siguum
608 1145 706 1202 arietis
722 1142 767 1203 sol
783 1144 948 1218 intraverit,
968 1154 997 1202 et
1013 1145 1104 1203 luisse

109 1228 171 1287 eius
187 1224 385 1287 conversionis
403 1244 503 1285 annum
519 1225 661 1304 prodente
677 1244 710 1285 se
725 1225 755 1286 P
771 1226 879 1286 Licinio
895 1225 947 1285 Cn.
965 1227 1103 1288 Cornelio

110 1310 277 1370 consulibus
294 1312 519 1371 ducentesimum
547 1312 673 1387 quintum
689 1311 848 1371 decumum.
879 1307 1032 1371 Cornelius
1047 1311 1104 1371 Va·

108 1394 235 1454 lerianus
254 1394 426 1471 phoenicem
442 1392 648 1454 devolavisse
641 1413 669 1451 m
684 1394 850 1471 Aegyptum
867 1395 952 1454 tradit
968 1395 1003 1467 Q.
1020 1395 1102 1455 Plau·

74 1493 99 1531 15
110 1480 150 1537 tio
167 1478 237 1537 Sex.
255 1477 372 1555 Papinio
391 1476 566 1537 consulibus.
598 1477 708 1537 adlatus
723 1486 769 1535 est
785 1486 814 1536 et
833 1472 861 1537 id
882 1476 982 1537 urbam
1004 1477 1105 1537 Claudi

109 1562 247 1640 principis
261 1578 392 1636 censura,
405 1577 478 1619 anno
491 1560 571 1623 urbis
582 1573 693 1636 Doce,
706 1570 736 1619 et
752 1562 780 1619 in
796 1563 912 1621 comitio
924 1565 1104 1640 propositus,

110 1646 186 1722 quod
199 1646 271 1704 actis
281 1654 413 1705 testatum
426 1653 481 1718 est,
494 1644 547 1704 sed
559 1662 645 1722 quem
658 1644 762 1703 falsum
775 1662 843 1703 esse
854 1662 938 1704 nemo
949 1644 1103 1705 dubitaret.

79 1784 81 1789 .
172 1728 201 1789 3.
226 1727 288 1807 (3.)
312 1728 358 1810 Ea
382 1728 426 1787 his
444 1745 515 1805 quas
536 1729 666 1787 novimus
688 1727 803 1806 aquilae
826 1746 972 1788 maxumus
995 1730 1132 1802 honos,6

109 1830 238 1873 maxuma
259 1821 288 1870 et
315 1814 368 1871 vis.
403 1830 456 1871 sex
477 1830 573 1871 earum
594 1830 718 1889 genera:
750 1812 928 1873 melauaetos
948 1832 964 1873 a
987 1812 1106 1873 Graecis

73 1906 99 1947 2⁰
111 1896 187 1957 dicta
210 1893 367 1973 eademque
390 1896 513 1970 valeria,
530 1896 652 1955 minuma
671 1896 875 1971 magnitudine,
897 1896 1006 1955 virihus
1022 1913 1105 1973 prae·

110 1977 213 2057 cipua,
238 1978 339 2038 colore
356 1979 511 2055 nigricans.
541 1980 605 2037 sola
620 1979 782 2057 aquilarum
803 1978 879 2038 letus
894 1996 964 2037 suos
981 1980 1041 2052 alit,
1058 1996 1106 2037 ce·

110 2072 202 2137 torae,
217 2071 248 2121 ut
265 2062 402 2135 dicemus,
420 2061 528 2137 lugunt.
548 2062 610 2121 sola
626 2064 689 2120 siue
707 2061 859 2135 clangore,
874 2063 937 2119 siue
952 2062 1139 2121 murmura-1³

109 2149 197 2206 tione.
222 2154 409 2203 conversatur
421 2153 515 2202 autem
525 2145 553 2203 in
564 2144 717 2203 montibus.
733 2144 852 2203 secundi
867 2145 986 2220 generis
1001 2153 1134 2221 pygar·7

110 2248 164 2306 gns
183 2229 210 2287 in
229 2227 342 2305 oppidis
358 2228 488 2287 mansitat
504 2236 532 2286 et
549 2229 577 2287 in
593 2228 718 2305 campis,
741 2226 884 2287 albicante
900 2226 1000 2286 cauda.
1031 2229 1107 2286 tertii

74 2312 280 2391 ²⁵morphnos,
299 2328 382 2388 quam
398 2308 540 2369 Homerus
559 2321 587 2371 et
609 2328 747 2389 percnum
760 2320 858 2386 vocat,
880 2312 969 2388 aliqui
984 2320 1014 2370 et
1028 2310 1108 2387 plan·

111 2415 177 2475 gum
194 2404 223 2455 et
239 2394 404 2471 anatariam,
421 2395 547 2455 secunda
562 2395 755 2472 magnitudine
773 2404 802 2453 et
816 2397 855 2452 vi.
876 2396 943 2454 huic
956 2396 1014 2454 vita
1030 2396 1107 2453 circa

111 2480 201 2540 lacus.
233 2478 398 2538 Phemonoe
420 2478 566 2556 Apollinis
589 2478 666 2540 dicta
689 2478 746 2537 iilia
768 2479 861 2537 dentis
884 2480 912 2537 ei
927 2497 995 2537 esse
1010 2477 1107 2556 prodi·

112 2564 151 2623 dit
165 2572 258 2623 mutae
276 2562 347 2621 alias
365 2563 530 2640 carentique
552 2563 660 2639 lingua.
695 2562 814 2621 eandem
835 2562 992 2639 aquilarum
1012 2563 1107 2637 niger·
1127 2600 1134 2617 ,

112 2648 220 2721 rimam,
241 2646 466 2723 prominentiore
489 2647 587 2708 cauda.
618 2648 762 2707 consentit
781 2655 811 2704 et
829 2646 935 2705 Boeus.
965 2647 1109 2721 ingenium

77 2745 101 2785 ao
113 2739 159 2788 est
182 2730 389 2789 eitestudines
407 2739 505 2808 raptas
526 2730 662 2807 frangere
684 2748 700 2789 e
722 2730 837 2791 sublimi
860 2727 1008 2801 iaciendo,
1035 2746 1109 2805 qaae

113 2830 178 2871 sors
193 2815 335 2873 interemit
353 2821 468 2891 poetam
483 2812 660 2888 Aeschylum
673 2813 848 2891 praedictam
863 2812 941 2885 latis,
958 2811 1108 2886 uthrunt,
1147 2883 1149 2888 Ι

113 2898 175 2956 aius
192 2896 250 2956 diei
267 2898 375 2955 ruinam
388 2914 491 2955 secura
509 2897 582 2957 caeli
598 2895 654 2955 fide
671 2905 829 2956 caventem.
867 2895 936 2955 item
948 2896 1042 2972 quarti
1057 2902 1139 2970 ges

112 2982 189 3041 neris
206 2989 251 3039 est
267 2988 490 3058 percnopterus,
510 2979 610 3039 eadem
626 2980 822 3057 oripelargus,
838 2979 1109 3054 volterinaspecie,

112 3062 165 3123 alis
181 3065 322 3140 minumis,
341 3062 453 3141 reliqua
465 3064 659 3140 magnitudine
675 3062 865 3137 antecellens,
880 3062 934 3121 sed
946 3061 1062 3121 inbellis
1081 3069 1112 3119 et

11 3142 14 3147 ’
77 3161 102 3200 ³⁶
113 3147 253 3223 degener,
278 3156 308 3207 ut
327 3165 409 3225 quam
430 3146 567 3207 verberet
588 3164 704 3207 corvos.
736 3146 837 3207 eadem
859 3148 973 3205 ieiunae
992 3161 1110 3221 semper

114 3228 254 3291 aviditatis
282 3239 310 3289 et
336 3230 473 3310 querulae
498 3231 736 3291 murmurationis.
771 3230 834 3289 sola
859 3228 1017 3308 aquilamm
1043 3244 1111 3287 exa
1160 3266 1167 3293 ,

112 3313 187 3373 nima
202 3312 259 3373 lert
275 3331 417 3392 corpora,
439 3323 575 3389 ceterae,
592 3333 656 3373 cum
673 3314 827 3387 occidere,
850 3313 1010 3373 considunt.
1036 3310 1112 3371 haee

112 3396 184 3459 facit
199 3406 229 3459 ut
247 3399 371 3477 quintum
385 3416 478 3475 genus
493 3390 632 3479 γνήσιον
656 3407 778 3458 vocetur
792 3397 872 3457 uelut
890 3414 990 3457 verum
1004 3394 1112 3455 solum·

1162 216 1168 223 =
1259 203 1260 232 l
