2542 3842
151 163 212 226 246
473 175 503 225 c.
520 175 782 226 rnmrsncurvnr

151 330 268 411 oppidis
294 328 437 409 quondam
473 328 561 390 claris
588 347 606 390 a
632 329 819 390 Samiramide
853 329 975 391 conditis
1000 329 1150 393 Besamnis

151 424 181 474 et
208 414 348 474 Soractia.
393 431 468 472 nunc
492 422 558 472 sunt
580 412 761 473 solitudines.
804 412 917 474 Deinde
945 423 990 475 est
1011 415 1148 494 oppidum

150 497 228 594 quod
255 494 489 558 Characenorum
519 497 584 572 regi
613 505 697 575 paret
723 499 751 556 in
783 497 931 572 Pasitigris
960 498 1040 576 ripa,
1072 497 1149 560 Fora

149 581 333 655 nomine,in
359 581 475 663 quoda
501 578 587 638 Petra
616 569 805 655 conveniunt,
834 577 1051 659 Characemque
1081 582 1148 641 inde

148 662 204 723 XII
221 662 251 723 ll
269 681 405 742 passuum
424 663 552 722 secundo
571 670 655 722 aestu
676 666 820 740 navigant.
851 672 880 722 et
900 663 1033 724 Parthian
1054 673 1168 724 autemt

149 763 242 823 regno
271 743 472 824 navigantibus
491 746 573 804 vicus
594 743 739 804 Teredon.
777 746 851 806 inira
877 746 1070 807 confluentem
1090 747 1148 807 Eu·

148 830 257 908 phratis
277 839 307 889 et
322 829 417 906 Tigris
437 828 520 888 laeva
541 845 558 887 a
580 826 694 886 ilumine
715 825 854 888 Chaldaei
878 831 1021 906 optinent,
1045 830 1175 892 dextra

107 911 310 978 laoNomadea
325 912 471 974 Scenitae.
500 909 614 989 quidam
636 921 666 971 et
682 910 740 970 alia
755 910 810 972 duo
825 911 932 989 oppida
948 911 1146 990 longisiuter·

147 997 233 1057 vallis
247 996 325 1073 'l'igri
343 994 543 1074 praenavigari
557 993 681 1069 traduat,
696 991 868 1070 Barbetium,
883 1010 951 1054 mox
966 995 1146 1072 Dumatham,

81 1110 83 1115 ·
149 1079 227 1158 quod
250 1079 356 1140 abesse
377 1096 394 1138 a
415 1078 501 1137 Petra
522 1077 633 1137 dierum
654 1075 683 1138 x
702 1077 905 1154 navigatione,
928 1079 1143 1156 (negotiatores
1156 1090 1181 1134 ao

147 1164 244 1223 dicunt
261 1160 492 1221 Characenorum
514 1162 578 1238 regi
599 1164 737 1239 parere),
760 1170 791 1220 et
811 1161 969 1239 Apameam
991 1164 1073 1224 sitam
1097 1162 1146 1223 uhi

147 1247 324 1322 restagnatio
348 1243 502 1322 Euphratis
523 1262 587 1304 cum
607 1242 687 1320 Tigri
710 1243 842 1304 couiluat.
880 1247 978 1324 itaque
999 1246 1147 1306 molientis

147 1331 339 1390 incursionem
363 1327 485 1388 Parthos
512 1327 650 1405 operibus
679 1327 801 1388 obiectis
827 1327 1009 1389 inundatione
1038 1330 1143 1389 arceri.
1167 1334 1181 1346 '

105 1421 155 1477 lit
164 1411 245 1471 Nunc
259 1431 280 1471 a
294 1409 425 1470 Gharace
440 1411 562 1472 diximus
578 1427 657 1470 oram
668 1408 810 1488 Epiphanl
824 1412 944 1488 primunr
962 1413 1142 1490 exquisitam.

55 1527 60 1533 ·
146 1496 240 1554 Locus
254 1493 303 1552 ubi
317 1492 472 1572 Euphratis
486 1494 590 1552 ostium
607 1493 675 1566 iuit,
698 1492 804 1552 humen
827 1493 940 1552 Salsum
947 1503 1143 1573 ,p-romonto
1132 1505 1179 1548 -as

145 1581 218 1637 rium
234 1574 399 1652 Chaldone,
422 1576 552 1651 voragini
574 1575 695 1634 similius
717 1592 801 1653 quam
817 1577 887 1636 mari
908 1593 963 1654 per
982 1575 1049 1636 hll
1062 1593 1142 1655 pass.

147 1676 226 1732 orae,
249 1657 353 1716 flumen
368 1657 529 1735 Achenum,
547 1658 666 1718 deserta
682 1654 704 1716 G
722 1656 842 1735 llpass.
864 1675 957 1740 usque
972 1660 1008 1720 ad
1023 1659 1144 1719 insulam

146 1702 265 1814 Baruhu,
294 1741 372 1799 sinus
394 1738 510 1818 Capeus
530 1757 615 1819 quem
642 1740 777 1800 adcolaut
798 1733 945 1818 Gaulopes
969 1751 999 1802 et
1019 1740 1142 1818 Gattaei,

147 1825 225 1882 siaua
241 1783 405 1898 Gerraicus,
427 1824 563 1901 oppidum
578 1822 669 1884 Gerra
683 1822 749 1882 Vll
765 1841 844 1901 pass
857 1824 1041 1902 amplitudine
1055 1826 1142 1915 turris

104 1915 155 1970 146
162 1903 249 1964 hahet
264 1923 302 1965 ex
317 1905 388 1966 salis
402 1907 532 1984 quadrati
545 1904 678 1965 molibus
701 1906 728 1964 Α
745 1907 830 1966 litore
842 1905 900 1967 Lll
913 1925 1047 1986 passuum
1058 1903 1176 1985 regiam

145 1988 263 2049 Attene.
306 2006 345 2047 ex
367 1990 490 2050 adverso
507 1989 601 2065 Tyros
623 1989 717 2050 insula
736 1990 855 2050 totidem
876 1991 989 2050 milibus
1011 1991 1140 2067 alitore,

144 2071 282 2150 plurumis
298 2073 460 2150 margaritis
482 2072 673 2132 celeberrima
694 2090 758 2132 cum
773 2074 882 2152 oppido
902 2075 1031 2135 ciusdem
1050 2076 1140 2134 nomi·

143 2155 206 2230 uis,
228 2157 364 2233 iuxtaque
379 2157 472 2217 altera
486 2157 578 2216 minor
594 2173 610 2216 a
625 2158 822 2234 promontorio
839 2158 901 2216 eins
915 2156 969 2216 Xll
986 2157 1015 2216 ll
1032 2155 1057 2216 D
1075 2175 1140 2235 pas·
1156 2179 1164 2188 ’

145 2256 234 2298 suum.
273 2239 347 2300 ultra
364 2257 481 2316 magnas
501 2239 613 2317 adspici
633 2240 740 2299 insulas
757 2240 869 2301 tradunt
891 2240 927 2300 ad
946 2258 1016 2318 quas
1031 2256 1089 2298 nou
1104 2241 1142 2299 sit

145 2331 325 2399 perventum,
347 2322 431 2380 huiua
447 2320 552 2381 ambitu
568 2319 647 2380 cxii
661 2322 730 2382 ΜΒ
747 2339 892 2410 passuum.
913 2322 1060 2382 aPerside
1076 2322 1138 2382 lon·
1127 2341 1174 2383 ·as

144 2405 208 2480 gius
224 2421 309 2478 esse,
333 2404 405 2463 adiri
426 2421 481 2462 uno
504 2402 589 2462 alveo
612 2414 743 2478 angusto.
782 2403 878 2463 lusula
896 2402 1012 2480 Aaclie,
1034 2413 1140 2480 gentes

143 2486 285 2558 Nocheti,
309 2485 426 2559 Eurazi,
447 2485 590 2560 Burgodi,
610 2483 776 2560 Catharrei,
793 2484 948 2561 Nomades,
967 2483 1139 2560 llumenOy·

102 2578 153 2633 149
162 2586 225 2626 nos
255 2529 340 2626 llltra
361 2529 572 2642 navigationem
588 2530 785 2649 inconpertarh
800 2566 837 2627 al)
858 2586 893 2627 eo
910 2530 1002 2628 lalere
1018 2577 1139 2647 propter

111 2705 114 2711 .
143 2649 283 2728 scopulos
294 2650 379 2710 tradit
389 2649 459 2709 luha
473 2650 678 2728 praetermissa
693 2650 837 2710 mentione
852 2651 952 2729 oppidi
966 2650 1139 2711 Omanorum

143 2732 351 2794 Batrasavaves
378 2741 408 2793 et
428 2732 571 2807 Omanae,
604 2733 682 2813 quod
710 2735 823 2811 priores
849 2734 997 2793 celebrem
1023 2741 1174 2812 portumao

145 2813 312 2876 Oarmauiae
327 2816 445 2891 iecere,
466 2818 534 2876 hem
548 2815 676 2875 Homnae
697 2825 726 2874 et
740 2816 881 2892 Attanae,
905 2834 979 2895 quae
994 2835 1069 2876 nunc
1084 2834 1137 2895 op·

142 2898 209 2975 pida
221 2917 352 2958 maxume
369 2898 513 2959 celebrari
528 2917 545 2958 a
560 2898 679 2958 Persico
694 2900 765 2957 mari
780 2901 871 2958 nostri
886 2901 1085 2978 negotiatores
1098 2901 1139 2959 di·

144 2990 221 3039 cunt.
244 2981 402 3041 Adumine
419 2979 516 3057 Oanis,
539 2991 570 3040 ut
584 2981 666 3057 luha,
681 2999 762 3041 mons
781 2982 882 3044 adusto
901 2982 1011 3042 similis.
1035 2991 1139 3060 gentes

31 3072 33 3076 ·
143 3061 371 3140 Epimaranitae,
393 3082 461 3123 mox
481 3063 706 3143 Ichthyophagi,
728 3065 821 3125 insula
842 3065 974 3140 deserta,
998 3083 1071 3141 gens
1085 3064 1138 3124 Ba·

142 3143 241 3218 thymi
279 3143 403 3206 Ehlitaei
419 3156 541 3222 montes,
564 3148 656 3207 insula
671 3147 826 3221 Omoemus,
849 3156 952 3226 portus
968 3147 1173 3244 Mochorhe,ar

102 3226 271 3292 150insulae
291 3226 447 3304 Etaxalos,
475 3229 664 3304 lnchohrice,
687 3248 760 3305 gens
784 3227 902 3290 Cadaei.
940 3231 1051 3290 insulae
1075 3231 1138 3289 sine

143 3309 303 3368 nominihus
317 3309 435 3406 multae,
457 3311 592 3371 celebres
604 3329 676 3372 vero
694 3310 785 3387 Isura,
808 3310 938 3373 Rhiunea
954 3324 983 3374 et
999 3329 1138 3410 proxuma

143 3393 171 3448 iu
202 3408 258 3468 qua
289 3392 414 3470 scriptae
446 3402 511 3453 sunt
541 3393 634 3453 stelae
665 3389 799 3474 lapideae
832 3394 936 3456 litteris
971 3396 1137 3474 incognitis,
