2542 3842
311 127 391 177 nar.
406 126 497 175 ausu.
514 127 589 174 x111.
615 120 736 215 15-719.
762 114 910 198 (oo-as.)
1042 117 1103 179 247
1230 81 1236 88 ’

25 342 27 350 ,
106 284 241 344 arborem
256 283 336 342 loton
352 283 459 360 gignit,
481 298 565 360 ιιιιιιιι
579 290 666 343 vocat
684 281 816 358 crithino,
839 292 869 341 et
890 283 982 361 ipsam
1004 284 1103 345 ltaliae
1228 300 1234 311 ²

105 368 274 429 familiarem
291 366 345 425 sed
358 375 436 426 terra
447 375 589 426 mutatam.
618 367 777 466 praecipua
792 374 838 424 est
854 367 932 426 circa
945 368 1041 442 Syrtis
1061 378 1102 429 at

26 473 28 480 ·
105 471 163 531 que
184 450 371 510 Nasamonas.
412 449 576 550 magnitudo
599 453 675 529 quae
697 451 781 528 piro,
810 467 980 528 quamquam
1002 450 1124 530 Nepos.
1247 472 1248 475 ¹

24 527 28 600 l
105 531 263 596 Cornelius
277 533 397 594 brevem
418 535 512 594 tradit
542 535 686 594 incisurae
701 533 774 594 lolio
790 533 957 593 crebriores
966 535 1103 614 ‚alioqui

77 621 180 680 silicis
200 617 375 678 viderentur.
398 618 578 678 differentiae
590 619 707 696 plures,
729 635 842 695 eaeque
855 634 987 678 maxume
1002 619 1101 678 fructi·

24 699 25 732 ³
103 705 157 764 bus
173 703 250 766 fiunt.
285 681 451 779 magnitudo
466 702 533 763 lruic
546 701 648 778 labae,
665 701 749 763 color
763 703 861 776 croci,
877 702 931 761 sed
945 712 1010 762 ante
1025 721 1083 762 ma·
1094 714 1144 768 lod

103 788 249 846 turitatem
267 785 340 845 aliua
356 795 441 865 atque
458 787 547 861 alius,
563 788 636 846 sicut
650 780 723 846 uvis.
753 746 879 846 nasciair
893 785 1023 846 densus
1014 805 1042 845 ιιι
1056 803 1101 846 ra·

103 870 157 930 mis
172 871 255 944 myrti
269 870 367 946 modo,
382 887 440 930 non
451 880 481 930 ut
494 872 521 929 in
533 869 613 931 ltalia
629 869 974 944 correspondentiam
990 870 1056 930 cilto
1070 879 1102 930 ut

103 971 209 1014 nomen
225 955 309 1013 etiam
325 955 405 1031 genti
422 963 577 1033 terraeque
594 954 710 1015 dederit
727 955 809 1012 nimis
825 952 961 1031 hospitali
978 954 1101 1016 advenu-

63 1046 94 1101 ιιι
105 1057 166 1098 rum
183 1037 330 1098 oblivione
341 1039 462 1116 patriae
491 1037 587 1097 ierunt
599 1039 708 1097 ventris
723 1038 902 1097 consentire
917 1037 1035 1096 morbos
1053 1040 1145 1117 qui·

105 1139 169 1182 eum
181 1121 322 1182 mandant.
345 1122 484 1182 melior
460 1139 522 1181 stne
533 1122 672 1181 interiore
682 1122 798 1197 nucleo,
815 1139 862 1199 (ιιιι
854 1121 913 1181 dc
924 1122 1017 1181 altero
1030 1139 1080 1198 ge·
1092 1132 1144 1187 10⁶

104 1225 175 1267 nere
197 1223 301 1265 osseus
329 1205 451 1267 uidetur.
495 1207 589 1266 vinum
614 1223 731 1284 quotpre
758 1206 927 1285 exprimitur
946 1204 987 1264 illi
1007 1206 1100 1266 simile

103 1290 213 1366 mulso,
230 1291 307 1368 quod
321 1290 395 1350 ultra
413 1290 502 1349 denos
518 1289 581 1350 dies
600 1300 687 1366 negat
702 1290 805 1349 durare
819 1289 905 1360 idem
909 1288 1026 1366 Nepos,
1050 1288 1099 1349 ba·

105 1391 214 1450 casque
229 1373 362 1434 concisas
378 1392 440 1434 cum
454 1373 527 1434 alica
540 1372 574 1432 ad
587 1371 670 1432 cibos
681 1372 767 1433 doliis
779 1373 875 1432 condi.
898 1375 1004 1450 quinat
1017 1389 1101 1432 exer·

67 1455 95 1525 15'
107 1461 179 1518 citus
209 1467 309 1536 pastos
330 1475 367 1516 eo
389 1457 553 1536 accepimus
579 1457 656 1517 ultro
682 1458 813 1535 citroque
841 1457 1017 1516 commeantis
1048 1473 1102 1534 per

105 1541 242 1601 Africam.
284 1541 363 1623 ligno
390 1541 472 1601 colos
496 1542 588 1618 niger.
626 1539 662 1600 ad
681 1538 812 1600 tibiarum
832 1549 932 1599 mutus
947 1541 1100 1617 expetitur.

47 1671 49 1678 ,
105 1645 122 1684 e
143 1625 242 1685 radice
265 1625 390 1685 cultellis
413 1625 533 1704 capulos
555 1625 713 1702 brevisque
734 1624 808 1684 alios
828 1641 897 1682 usus
924 1623 1099 1700 excogitant
1133 1683 1136 1695 ,

103 1709 184 1769 llaec
205 1709 244 1768 ilti
260 1717 358 1769 natura
373 1709 496 1769 arboris.
528 1717 572 1768 est
587 1718 682 1769 autem
697 1708 800 1769 eodem
814 1708 929 1766 nonme
944 1706 1141 1769 etuneroruot

104 1804 134 1854 et
148 1795 176 1852 in
192 1794 329 1873 Aegypto
342 1793 432 1853 caulis
444 1795 472 1852 iu
487 1793 655 1872 palustrium
665 1808 786 1870 genera.
810 1790 1015 1850 recedentibus
1027 1791 1101 1849 cuim

65 1879 186 1955 eoaquis
201 1876 258 1935 Nili
279 1878 369 1953 riguis
393 1879 527 1955 provenit
545 1874 644 1938 similis
661 1877 748 1938 labae
761 1876 846 1935 caule
859 1875 995 1955 foliisque
1012 1875 1102 1934 densa

105 1961 244 2036 congerie
268 1961 395 2036 stipatis,
418 1959 602 2019 brevioribus
623 1969 729 2020 tautum
749 1957 1030 2036 gracilioribuuque‚
1056 1957 1101 2016 eni

104 2043 214 2102 tructus
226 2043 254 2101 in
268 2044 365 2120 capite
378 2045 517 2120 papaveri
532 2043 631 2102 similis
643 2043 780 2114 incisuris,
787 2042 921 2118 omnique
934 2041 992 2102 alio
1003 2040 1100 2116 modo,

104 2128 179 2185 intus
198 2143 286 2202 grana
303 2141 357 2184 ceu
373 2125 489 2184 milium.
523 2125 642 2185 Incolae
663 2120 758 2203 capita
778 2125 806 2182 in
826 2125 941 2184 acerris
954 2124 1144 2200 putrem-108

106 2211 201 2284 ciant,
222 2226 290 2267 mox
307 2218 442 2287 separant
464 2209 586 2269 lavando
602 2219 633 2268 et
651 2211 760 2269 siccata
776 2207 897 2266 tundunt
916 2223 1012 2284 eapte
1025 2223 1101 2285 pane

68 2301 228 2354 esutuutur.
260 2291 361 2352 Mirum
384 2301 430 2353 est
451 2292 527 2371 quod
553 2301 672 2372 praeter
689 2291 764 2352 lraec
785 2290 921 2366 traditur,
942 2291 1008 2349 sole
1022 2289 1101 2350 occi.-

105 2380 192 2438 deute
212 2393 358 2456 papavera
379 2393 413 2436 ea
429 2377 568 2455 conprimi
584 2385 614 2437 et
630 2377 721 2453 integi
735 2373 830 2450 loliis,
846 2376 882 2435 ad
901 2383 993 2434 ortum
1006 2383 1102 2433 actem

105 2462 227 2540 aperiri,
259 2460 354 2520 donec
378 2469 570 2521 maturescant
593 2460 707 2541 llosque
727 2463 777 2540 qai
796 2467 842 2518 est
863 2457 1002 2518 candidat
1023 2458 1101 2517 dccl⁶

103 2547 161 2605 dat.
194 2543 242 2604 18.
270 2541 334 2604 lloc
350 2543 470 2623 amplius
489 2546 518 2604 in
533 2544 682 2624 Euphrate
696 2543 812 2603 tradunt
833 2551 864 2602 et
879 2548 966 2620 eaput
985 2541 1078 2621 ipsum
1088 2548 1144 2604 109

105 2637 135 2686 et
155 2629 257 2688 liorem
277 2645 402 2707 vespera
420 2630 512 2706 mergi
527 2631 620 2707 usque'
641 2630 670 2688 in
688 2628 799 2688 medias
820 2627 929 2700 noctis,
950 2633 1100 2702 totumque

24 2727 25 2744 ι
67 2712 186 2788 molire
204 2713 232 2770 in
249 2711 352 2789 altum,
373 2722 404 2771 ut
425 2729 462 2771 ne
483 2710 607 2772 demissa
624 2709 739 2790 quidem
759 2724 844 2770 mauu
861 2709 955 2787 possit
969 2708 1101 2784 inueniri,

24 2797 25 2842 l
106 2795 179 2854 verti
201 2793 304 2854 deinde
326 2795 519 2872 paulatimque
535 2795 660 2874 subrigi,
684 2805 715 2854 et
735 2793 772 2855 ad
786 2801 906 2853 eronus
923 2792 996 2851 eolis
1009 2807 1102 2852 emer·

24 2889 26 2930 ι
106 2895 177 2956 gere
200 2885 281 2937 extra
301 2895 403 2955 aquam
424 2877 574 2939 ardorem
591 2878 760 2956 patefacere
782 2886 869 2956 atque
896 2876 1047 2935 etiamnum
1061 2878 1102 2934 irs

24 2973 26 3016 ι
106 2977 244 3038 surgere,
267 2969 297 3020 ut
312 2962 397 3040 plane
418 2961 454 3021 ab
475 2978 548 3041 aqua
563 2961 640 3022 absit
653 2962 722 3022 alte.
753 2960 894 3020 Radicem
909 2959 989 3020 lotos
1006 2958 1083 3019 lraea
1095 2967 1146 3021 llo

24 3051 26 3096 1
105 3044 193 3106 habet
204 3044 271 3103 mali
283 3048 398 3105 cotonei
409 3046 615 3122 magnitudine‚'
629 3053 761 3124 opertam
771 3046 856 3122 nigro
871 3044 993 3118 cortice,
1009 3041 1103 3121 qmlit

24 3139 27 3186 ι
70 3138 137 3192 sset
156 3137 306 3188 castaneas
327 3129 409 3206 tegit.
439 3129 559 3189 interius
579 3128 729 3190 candidum
749 3143 872 3206 corpas,
893 3135 1007 3203 ιιηιιιιιι
1030 3125 1102 3185 cilis

108 3221 137 3274 ct
158 3210 291 3288 crudum,
314 3215 423 3290 gratius
450 3213 602 3273 decoctum
618 3213 682 3272 sire
702 3213 855 3290 aquariae
869 3227 970 3289 pruuu.
1005 3223 1103 3288 neque

24 3305 29 3354 t
106 3293 221 3358 aliunde
235 3297 327 3373 magis
343 3311 425 3376 quam
443 3299 639 3374 purgamentis
658 3297 720 3355 eius
735 3311 804 3355 suet
818 3305 1012 3368 amarescunt.

24 3389 29 3438 t
171 3381 218 3441 ta,
242 3377 326 3460 (33.)
351 3378 510 3455 Cyrenaica
524 3381 608 3458 regio
622 3381 703 3440 loton
715 3396 786 3440 suae
797 3378 946 3458 postponit
959 3377 1082 3456 paliuro.
1094 3385 1145 3439 111
1241 3364 1247 3378 “

24 3554 30 3604 1
62 3531 64 3540 s
107 3462 273 3528 fruticosior
292 3465 367 3525 lrreo
382 3464 536 3544 fructuque
550 3465 642 3568 megia
657 3464 783 3540 rubens,
804 3462 886 3522 caint
906 3460 1027 3522 nucleus
1047 3477 1104 3521 nou
