<?xml version="1.0" encoding="UTF-8"?>
<!DOCTYPE html PUBLIC "-//W3C//DTD XHTML 1.0 Transitional//EN"
    "http://www.w3.org/TR/xhtml1/DTD/xhtml1-transitional.dtd">
<html xmlns="http://www.w3.org/1999/xhtml" xml:lang="en" lang="en">
 <head>
  <title>
</title>
<meta http-equiv="Content-Type" content="text/html;charset=utf-8" />
  <meta name='ocr-system' content='tesseract 3.04.00' />
  <meta name='ocr-capabilities' content='ocr_page ocr_carea ocr_par ocr_line ocrx_word'/>
</head>
<body>
  <div class='ocr_page' id='page_1' title='image "./cplinisecundina25plingoog_0383.png"; bbox 0 0 2542 3842; ppageno 0'>
   <div class='ocr_carea' id='block_1_1' title="bbox 351 146 1107 227">
    <p class='ocr_par' dir='ltr' id='par_1_1' title="bbox 351 146 1107 227">
     <span class='ocr_line' id='line_1_1' title="bbox 351 146 1107 227; baseline 0 -18"><span class='ocrx_word' id='word_1_1' title='bbox 351 162 432 209; x_wconf 80' lang='lat' dir='ltr'><strong>nun.</strong></span> <span class='ocrx_word' id='word_1_2' title='bbox 449 160 541 208; x_wconf 79' lang='lat' dir='ltr'><strong>mss.</strong></span> <span class='ocrx_word' id='word_1_3' title='bbox 557 160 633 208; x_wconf 89' lang='lat' dir='ltr'>v111.</span> <span class='ocrx_word' id='word_1_4' title='bbox 651 154 736 211; x_wconf 73' lang='lat' dir='ltr'><strong>t-t.</strong></span> <span class='ocrx_word' id='word_1_5' title='bbox 757 146 875 227; x_wconf 83' lang='lat'>(5-—7.)</span> <span class='ocrx_word' id='word_1_6' title='bbox 1067 148 1107 209; x_wconf 81' lang='lat'><strong>45</strong></span> 
     </span>
    </p>
   </div>
   <div class='ocr_carea' id='block_1_2' title="bbox 63 310 1223 902">
    <p class='ocr_par' dir='ltr' id='par_1_2' title="bbox 63 310 1223 902">
     <span class='ocr_line' id='line_1_2' title="bbox 101 310 1223 396; baseline -0.003 -16"><span class='ocrx_word' id='word_1_7' title='bbox 101 319 191 381; x_wconf 82' lang='lat' dir='ltr'>tradit</span> <span class='ocrx_word' id='word_1_8' title='bbox 208 311 333 396; x_wconf 88' lang='lat' dir='ltr'><strong>agnitum</strong></span> <span class='ocrx_word' id='word_1_9' title='bbox 352 320 381 377; x_wconf 92' lang='lat' dir='ltr'><strong>in</strong></span> <span class='ocrx_word' id='word_1_10' title='bbox 396 326 515 376; x_wconf 75' lang='lat' dir='ltr'><strong>senecta</strong></span> <span class='ocrx_word' id='word_1_11' title='bbox 531 316 637 375; x_wconf 91' lang='lat' dir='ltr'><strong>multos</strong></span> <span class='ocrx_word' id='word_1_12' title='bbox 655 326 721 395; x_wconf 90' lang='lat' dir='ltr'><strong>post</strong></span> <span class='ocrx_word' id='word_1_13' title='bbox 737 333 827 377; x_wconf 87' lang='lat' dir='ltr'><strong>annos</strong></span> <span class='ocrx_word' id='word_1_14' title='bbox 842 317 891 395; x_wconf 81' lang='lat' dir='ltr'><strong>qui</strong></span> <span class='ocrx_word' id='word_1_15' title='bbox 908 310 1013 379; x_wconf 84' lang='lat' dir='ltr'><strong>rector</strong></span> <span class='ocrx_word' id='word_1_16' title='bbox 1023 318 1052 377; x_wconf 94' lang='lat' dir='ltr'><strong>in</strong></span> <span class='ocrx_word' id='word_1_17' title='bbox 1067 320 1109 377; x_wconf 86' lang='lat' dir='ltr'><strong>iu·</strong></span> <span class='ocrx_word' id='word_1_18' title='bbox 1222 341 1223 348; x_wconf 36' lang='grc' dir='ltr'>ι</span> 
     </span>
     <span class='ocr_line' id='line_1_3' title="bbox 101 402 1108 478; baseline 0 -15"><span class='ocrx_word' id='word_1_19' title='bbox 101 412 192 463; x_wconf 85' lang='lat' dir='ltr'><strong>venta</strong></span> <span class='ocrx_word' id='word_1_20' title='bbox 217 404 329 462; x_wconf 87' lang='lat' dir='ltr'><strong>luisset.</strong></span> <span class='ocrx_word' id='word_1_21' title='bbox 370 402 447 461; x_wconf 88' lang='lat' dir='ltr'><strong>idem</strong></span> <span class='ocrx_word' id='word_1_22' title='bbox 476 402 678 460; x_wconf 81' lang='lat' dir='ltr'><strong>divinationem</strong></span> <span class='ocrx_word' id='word_1_23' title='bbox 705 402 846 478; x_wconf 86' lang='lat' dir='ltr'><strong>quandam</strong></span> <span class='ocrx_word' id='word_1_24' title='bbox 871 402 1005 463; x_wconf 86' lang='lat' dir='ltr'><strong>iustitiae.</strong></span> <span class='ocrx_word' id='word_1_25' title='bbox 1044 421 1108 463; x_wconf 90' lang='lat' dir='ltr'><strong>curn</strong></span> 
     </span>
     <span class='ocr_line' id='line_1_4' title="bbox 102 484 1107 563; baseline -0.001 -16"><span class='ocrx_word' id='word_1_26' title='bbox 102 488 240 548; x_wconf 86' lang='lat' dir='ltr'><strong>Bocchus</strong></span> <span class='ocrx_word' id='word_1_27' title='bbox 262 504 314 545; x_wconf 84' lang='lat' dir='ltr'><strong>rex</strong></span> <span class='ocrx_word' id='word_1_28' title='bbox 333 488 449 562; x_wconf 86' lang='lat' dir='ltr'><strong>triginta</strong></span> <span class='ocrx_word' id='word_1_29' title='bbox 470 484 633 563; x_wconf 89' lang='lat' dir='ltr'><strong>elephantis</strong></span> <span class='ocrx_word' id='word_1_30' title='bbox 660 486 779 545; x_wconf 87' lang='lat' dir='ltr'><strong>totidem</strong></span> <span class='ocrx_word' id='word_1_31' title='bbox 801 487 918 562; x_wconf 81' lang='lat' dir='ltr'><strong>inques</strong></span> <span class='ocrx_word' id='word_1_32' title='bbox 935 487 1049 545; x_wconf 86' lang='lat' dir='ltr'><strong>saevire</strong></span> <span class='ocrx_word' id='word_1_33' title='bbox 1065 489 1107 547; x_wconf 92' lang='lat' dir='ltr'><strong>iu-</strong></span> 
     </span>
     <span class='ocr_line' id='line_1_5' title="bbox 102 568 1108 649; baseline 0 -18"><span class='ocrx_word' id='word_1_34' title='bbox 102 574 238 631; x_wconf 86' lang='lat' dir='ltr'><strong>stituerat</strong></span> <span class='ocrx_word' id='word_1_35' title='bbox 259 570 404 648; x_wconf 89' lang='lat' dir='ltr'><strong>stipitibus</strong></span> <span class='ocrx_word' id='word_1_36' title='bbox 419 568 563 645; x_wconf 76' lang='lat' dir='ltr'><strong>adligatos</strong></span> <span class='ocrx_word' id='word_1_37' title='bbox 578 568 754 645; x_wconf 87' lang='lat' dir='ltr'><strong>obiecisset,</strong></span> <span class='ocrx_word' id='word_1_38' title='bbox 771 569 1007 649; x_wconf 70' lang='lat' dir='ltr'><strong>procursantibus</strong></span> <span class='ocrx_word' id='word_1_39' title='bbox 1032 573 1108 631; x_wconf 90' lang='lat' dir='ltr'><strong>inter</strong></span> 
     </span>
     <span class='ocr_line' id='line_1_6' title="bbox 76 652 1108 733; baseline 0.001 -19"><span class='ocrx_word' id='word_1_40' title='bbox 76 674 158 723; x_wconf 55' lang='lat' dir='ltr'><strong>¹,eos</strong></span> <span class='ocrx_word' id='word_1_41' title='bbox 174 656 222 733; x_wconf 89' lang='lat' dir='ltr'><strong>qui</strong></span> <span class='ocrx_word' id='word_1_42' title='bbox 238 655 430 729; x_wconf 81' lang='lat' dir='ltr'><strong>lacesserent,</strong></span> <span class='ocrx_word' id='word_1_43' title='bbox 446 671 504 712; x_wconf 90' lang='lat' dir='ltr'><strong>uon</strong></span> <span class='ocrx_word' id='word_1_44' title='bbox 521 655 652 730; x_wconf 90' lang='lat' dir='ltr'><strong>potuisse</strong></span> <span class='ocrx_word' id='word_1_45' title='bbox 668 652 746 713; x_wconf 82' lang='lat' dir='ltr'><strong>elbai</strong></span> <span class='ocrx_word' id='word_1_46' title='bbox 757 664 787 713; x_wconf 92' lang='lat' dir='ltr'><strong>ut</strong></span> <span class='ocrx_word' id='word_1_47' title='bbox 802 654 979 715; x_wconf 74' lang='lat' dir='ltr'><strong>crudelitatis</strong></span> <span class='ocrx_word' id='word_1_48' title='bbox 995 654 1108 716; x_wconf 88' lang='lat' dir='ltr'><strong>alienae</strong></span> 
     </span>
     <span class='ocr_line' id='line_1_7' title="bbox 63 740 972 821; baseline -0.003 -22"><span class='ocrx_word' id='word_1_49' title='bbox 63 766 69 771; x_wconf 95' lang='lat'>·</span> <span class='ocrx_word' id='word_1_50' title='bbox 102 740 264 799; x_wconf 88' lang='lat' dir='ltr'><strong>ministerio</strong></span> <span class='ocrx_word' id='word_1_51' title='bbox 281 741 477 815; x_wconf 85' lang='lat' dir='ltr'><strong>iungerentur.</strong></span> <span class='ocrx_word' id='word_1_52' title='bbox 968 812 972 821; x_wconf 37' lang='grc' dir='ltr'>Ι</span> 
     </span>
     <span class='ocr_line' id='line_1_8' title="bbox 169 821 1149 902; baseline 0.006 -20"><span class='ocrx_word' id='word_1_53' title='bbox 169 824 199 882; x_wconf 83' lang='grc'><strong>6.</strong></span> <span class='ocrx_word' id='word_1_54' title='bbox 216 823 278 902; x_wconf 87' lang='grc'>(6.)</span> <span class='ocrx_word' id='word_1_55' title='bbox 302 822 482 900; x_wconf 84' lang='lat' dir='ltr'><strong>Elephantos</strong></span> <span class='ocrx_word' id='word_1_56' title='bbox 495 823 577 883; x_wconf 85' lang='lat' dir='ltr'><strong>ltalia</strong></span> <span class='ocrx_word' id='word_1_57' title='bbox 599 826 720 901; x_wconf 90' lang='lat' dir='ltr'><strong>primum</strong></span> <span class='ocrx_word' id='word_1_58' title='bbox 741 822 811 883; x_wconf 84' lang='lat' dir='ltr'><strong>vidit</strong></span> <span class='ocrx_word' id='word_1_59' title='bbox 834 822 916 896; x_wconf 73' lang='lat' dir='ltr'><strong>Pyrri</strong></span> <span class='ocrx_word' id='word_1_60' title='bbox 931 822 1011 899; x_wconf 87' lang='lat' dir='ltr'><strong>regis</strong></span> <span class='ocrx_word' id='word_1_61' title='bbox 1023 821 1103 884; x_wconf 86' lang='lat' dir='ltr'><strong>bello</strong></span> <span class='ocrx_word' id='word_1_62' title='bbox 1116 832 1149 889; x_wconf 79' lang='lat'><strong>16</strong></span> 
     </span>
    </p>
   </div>
   <div class='ocr_carea' id='block_1_3' title="bbox 68 906 1216 3492">
    <p class='ocr_par' dir='ltr' id='par_1_3' title="bbox 68 906 1149 1989">
     <span class='ocr_line' id='line_1_9' title="bbox 103 906 1107 984; baseline 0 -17"><span class='ocrx_word' id='word_1_63' title='bbox 103 918 135 967; x_wconf 88' lang='lat' dir='ltr'><strong>et</strong></span> <span class='ocrx_word' id='word_1_64' title='bbox 150 907 244 965; x_wconf 86' lang='lat' dir='ltr'><strong>boves</strong></span> <span class='ocrx_word' id='word_1_65' title='bbox 260 906 355 965; x_wconf 88' lang='lat' dir='ltr'><strong>Lucas·</strong></span> <span class='ocrx_word' id='word_1_66' title='bbox 370 907 530 984; x_wconf 83' lang='lat' dir='ltr'><strong>appellavit</strong></span> <span class='ocrx_word' id='word_1_67' title='bbox 555 910 583 965; x_wconf 86' lang='lat' dir='ltr'><strong>ia</strong></span> <span class='ocrx_word' id='word_1_68' title='bbox 605 906 728 966; x_wconf 87' lang='lat' dir='ltr'><strong>Lucanis</strong></span> <span class='ocrx_word' id='word_1_69' title='bbox 749 907 830 965; x_wconf 88' lang='lat' dir='ltr'><strong>visos</strong></span> <span class='ocrx_word' id='word_1_70' title='bbox 846 923 920 967; x_wconf 90' lang='lat' dir='ltr'><strong>auno</strong></span> <span class='ocrx_word' id='word_1_71' title='bbox 943 906 1021 965; x_wconf 90' lang='lat' dir='ltr'><strong>urbis</strong></span> <span class='ocrx_word' id='word_1_72' title='bbox 1038 924 1107 983; x_wconf 86' lang='lat' dir='ltr'><strong>qua·</strong></span> 
     </span>
     <span class='ocr_line' id='line_1_10' title="bbox 102 989 1106 1069; baseline 0 -18"><span class='ocrx_word' id='word_1_73' title='bbox 102 991 330 1067; x_wconf 88' lang='lat' dir='ltr'><strong>dringentesimo</strong></span> <span class='ocrx_word' id='word_1_74' title='bbox 343 992 557 1069; x_wconf 88' lang='lat' dir='ltr'><strong>septuagesimo</strong></span> <span class='ocrx_word' id='word_1_75' title='bbox 569 991 710 1065; x_wconf 88' lang='lat' dir='ltr'><strong>secundo,</strong></span> <span class='ocrx_word' id='word_1_76' title='bbox 723 989 814 1049; x_wconf 87' lang='lat' dir='ltr'><strong>lloma</strong></span> <span class='ocrx_word' id='word_1_77' title='bbox 826 991 1106 1069; x_wconf 85' lang='lat' dir='ltr'><strong>autemiutriumpbo</strong></span> 
     </span>
     <span class='ocr_line' id='line_1_11' title="bbox 68 1073 1106 1153; baseline -0.001 -19"><span class='ocrx_word' id='word_1_78' title='bbox 68 1084 220 1153; x_wconf 82' lang='lat' dir='ltr'><strong>roseptem</strong></span> <span class='ocrx_word' id='word_1_79' title='bbox 238 1077 317 1132; x_wconf 90' lang='lat' dir='ltr'><strong>anuis</strong></span> <span class='ocrx_word' id='word_1_80' title='bbox 338 1073 372 1132; x_wconf 92' lang='lat' dir='ltr'><strong>ad</strong></span> <span class='ocrx_word' id='word_1_81' title='bbox 389 1076 570 1151; x_wconf 88' lang='lat' dir='ltr'><strong>superiorem</strong></span> <span class='ocrx_word' id='word_1_82' title='bbox 590 1092 738 1134; x_wconf 90' lang='lat' dir='ltr'><strong>numerum</strong></span> <span class='ocrx_word' id='word_1_83' title='bbox 755 1074 869 1150; x_wconf 87' lang='lat' dir='ltr'><strong>additis,</strong></span> <span class='ocrx_word' id='word_1_84' title='bbox 893 1074 994 1133; x_wconf 89' lang='lat' dir='ltr'><strong>eadem</strong></span> <span class='ocrx_word' id='word_1_85' title='bbox 1010 1074 1106 1151; x_wconf 85' lang='lat' dir='ltr'><strong>pluru-</strong></span> 
     </span>
     <span class='ocr_line' id='line_1_12' title="bbox 103 1157 1106 1236; baseline 0 -19"><span class='ocrx_word' id='word_1_86' title='bbox 103 1174 170 1218; x_wconf 92' lang='lat' dir='ltr'><strong>mos</strong></span> <span class='ocrx_word' id='word_1_87' title='bbox 186 1176 259 1217; x_wconf 91' lang='lat' dir='ltr'><strong>anuo</strong></span> <span class='ocrx_word' id='word_1_88' title='bbox 278 1159 506 1235; x_wconf 87' lang='lat' dir='ltr'><strong>quingentesimo</strong></span> <span class='ocrx_word' id='word_1_89' title='bbox 529 1158 659 1217; x_wconf 89' lang='lat' dir='ltr'><strong>secundo</strong></span> <span class='ocrx_word' id='word_1_90' title='bbox 682 1159 803 1217; x_wconf 82' lang='lat' dir='ltr'><strong>uictoria</strong></span> <span class='ocrx_word' id='word_1_91' title='bbox 820 1157 850 1217; x_wconf 86' lang='lat' dir='ltr'><strong>h.</strong></span> <span class='ocrx_word' id='word_1_92' title='bbox 866 1158 977 1217; x_wconf 82' lang='lat' dir='ltr'><strong>Metelli</strong></span> <span class='ocrx_word' id='word_1_93' title='bbox 994 1158 1106 1236; x_wconf 81' lang='lat' dir='ltr'><strong>pontid·</strong></span> 
     </span>
     <span class='ocr_line' id='line_1_13' title="bbox 105 1240 1106 1320; baseline -0.002 -19"><span class='ocrx_word' id='word_1_94' title='bbox 105 1244 150 1301; x_wconf 89' lang='lat' dir='ltr'><strong>cis</strong></span> <span class='ocrx_word' id='word_1_95' title='bbox 173 1243 326 1301; x_wconf 76' lang='lat' dir='ltr'><strong>in&#39;Sicilia</strong></span> <span class='ocrx_word' id='word_1_96' title='bbox 350 1242 388 1299; x_wconf 93' lang='lat' dir='ltr'><strong>de</strong></span> <span class='ocrx_word' id='word_1_97' title='bbox 418 1240 524 1300; x_wconf 88' lang='lat' dir='ltr'><strong>Poenis</strong></span> <span class='ocrx_word' id='word_1_98' title='bbox 550 1250 662 1320; x_wconf 82' lang='lat' dir='ltr'><strong>captos.</strong></span> <span class='ocrx_word' id='word_1_99' title='bbox 696 1249 809 1301; x_wconf 85' lang='lat' dir='ltr'><strong>centum</strong></span> <span class='ocrx_word' id='word_1_100' title='bbox 835 1242 1031 1319; x_wconf 75' lang='lat' dir='ltr'><strong>quadraginin</strong></span> <span class='ocrx_word' id='word_1_101' title='bbox 1049 1241 1106 1300; x_wconf 89' lang='lat' dir='ltr'><strong>duo</strong></span> 
     </span>
     <span class='ocr_line' id='line_1_14' title="bbox 105 1325 1107 1402; baseline -0.001 -16"><span class='ocrx_word' id='word_1_102' title='bbox 105 1325 190 1386; x_wconf 89' lang='lat' dir='ltr'><strong>luere</strong></span> <span class='ocrx_word' id='word_1_103' title='bbox 212 1335 273 1400; x_wconf 83' lang='lat' dir='ltr'><strong>aot,</strong></span> <span class='ocrx_word' id='word_1_104' title='bbox 290 1334 320 1384; x_wconf 92' lang='lat' dir='ltr'><strong>ut</strong></span> <span class='ocrx_word' id='word_1_105' title='bbox 336 1326 460 1402; x_wconf 86' lang='lat' dir='ltr'><strong>quidam,</strong></span> <span class='ocrx_word' id='word_1_106' title='bbox 480 1338 547 1385; x_wconf 77' lang='lat' dir='ltr'><strong>exn</strong></span> <span class='ocrx_word' id='word_1_107' title='bbox 566 1329 724 1386; x_wconf 83' lang='lat' dir='ltr'><strong>transvecti</strong></span> <span class='ocrx_word' id='word_1_108' title='bbox 747 1325 856 1385; x_wconf 85' lang='lat' dir='ltr'><strong>ratibus</strong></span> <span class='ocrx_word' id='word_1_109' title='bbox 880 1343 950 1402; x_wconf 91' lang='lat' dir='ltr'><strong>quas</strong></span> <span class='ocrx_word' id='word_1_110' title='bbox 965 1325 1107 1385; x_wconf 86' lang='lat' dir='ltr'><strong>doliorum</strong></span> 
     </span>
     <span class='ocr_line' id='line_1_15' title="bbox 106 1408 1149 1487; baseline 0.005 -18"><span class='ocrx_word' id='word_1_111' title='bbox 106 1412 251 1469; x_wconf 87' lang='lat' dir='ltr'><strong>consertis</strong></span> <span class='ocrx_word' id='word_1_112' title='bbox 268 1408 414 1469; x_wconf 90' lang='lat' dir='ltr'><strong>ordinibus</strong></span> <span class='ocrx_word' id='word_1_113' title='bbox 425 1412 602 1487; x_wconf 89' lang='lat' dir='ltr'><strong>inposuerat.</strong></span> <span class='ocrx_word' id='word_1_114' title='bbox 623 1410 747 1469; x_wconf 56' lang='lat' dir='ltr'><strong>Verrius*</strong></span> <span class='ocrx_word' id='word_1_115' title='bbox 760 1426 812 1469; x_wconf 92' lang='lat' dir='ltr'><strong>eos</strong></span> <span class='ocrx_word' id='word_1_116' title='bbox 826 1426 971 1487; x_wconf 81' lang='lat' dir='ltr'><strong>pugnasse</strong></span> <span class='ocrx_word' id='word_1_117' title='bbox 983 1411 1012 1469; x_wconf 89' lang='lat' dir='ltr'><strong>in</strong></span> <span class='ocrx_word' id='word_1_118' title='bbox 1026 1411 1105 1469; x_wconf 80' lang='lat' dir='ltr'><strong>circo</strong></span> <span class='ocrx_word' id='word_1_119' title='bbox 1115 1418 1149 1474; x_wconf 86' lang='grc'><strong>17</strong></span> 
     </span>
     <span class='ocr_line' id='line_1_16' title="bbox 70 1491 1107 1572; baseline 0.001 -20"><span class='ocrx_word' id='word_1_120' title='bbox 70 1512 97 1553; x_wconf 83' lang='lat'><strong>15</strong></span> <span class='ocrx_word' id='word_1_121' title='bbox 104 1494 338 1570; x_wconf 80' lang='lat' dir='ltr'><strong>interfectosque</strong></span> <span class='ocrx_word' id='word_1_122' title='bbox 356 1491 458 1551; x_wconf 90' lang='lat' dir='ltr'><strong>iaculis</strong></span> <span class='ocrx_word' id='word_1_123' title='bbox 473 1495 559 1552; x_wconf 79' lang='lat' dir='ltr'><strong>tradit</strong></span> <span class='ocrx_word' id='word_1_124' title='bbox 575 1496 714 1572; x_wconf 89' lang='lat' dir='ltr'><strong>paenuria</strong></span> <span class='ocrx_word' id='word_1_125' title='bbox 731 1493 844 1566; x_wconf 86' lang='lat' dir='ltr'><strong>consili,</strong></span> <span class='ocrx_word' id='word_1_126' title='bbox 862 1495 994 1570; x_wconf 89' lang='lat' dir='ltr'><strong>quoniam</strong></span> <span class='ocrx_word' id='word_1_127' title='bbox 1010 1510 1107 1571; x_wconf 84' lang='lat' dir='ltr'><strong>neque</strong></span> 
     </span>
     <span class='ocr_line' id='line_1_17' title="bbox 106 1576 1149 1655; baseline 0.001 -19"><span class='ocrx_word' id='word_1_128' title='bbox 106 1576 145 1636; x_wconf 90' lang='lat' dir='ltr'><strong>ali</strong></span> <span class='ocrx_word' id='word_1_129' title='bbox 161 1576 320 1655; x_wconf 83' lang='lat' dir='ltr'><strong>placuisset</strong></span> <span class='ocrx_word' id='word_1_130' title='bbox 341 1592 437 1654; x_wconf 89' lang='lat' dir='ltr'><strong>neque</strong></span> <span class='ocrx_word' id='word_1_131' title='bbox 460 1578 560 1636; x_wconf 88' lang='lat' dir='ltr'><strong>donari</strong></span> <span class='ocrx_word' id='word_1_132' title='bbox 577 1578 707 1654; x_wconf 89' lang='lat' dir='ltr'><strong>regibus.</strong></span> <span class='ocrx_word' id='word_1_133' title='bbox 730 1576 761 1635; x_wconf 90' lang='lat' dir='ltr'><strong>L.</strong></span> <span class='ocrx_word' id='word_1_134' title='bbox 783 1577 849 1637; x_wconf 88' lang='lat' dir='ltr'><strong>Piso</strong></span> <span class='ocrx_word' id='word_1_135' title='bbox 872 1578 1005 1637; x_wconf 89' lang='lat' dir='ltr'><strong>inductos</strong></span> <span class='ocrx_word' id='word_1_136' title='bbox 1028 1579 1105 1639; x_wconf 93' lang='lat' dir='ltr'><strong>dum·</strong></span> <span class='ocrx_word' id='word_1_137' title='bbox 1142 1608 1149 1615; x_wconf 98' lang='lat'>-</span> 
     </span>
     <span class='ocr_line' id='line_1_18' title="bbox 106 1662 1105 1739; baseline 0 -20"><span class='ocrx_word' id='word_1_138' title='bbox 106 1662 230 1719; x_wconf 87' lang='lat' dir='ltr'><strong>taxatio</strong></span> <span class='ocrx_word' id='word_1_139' title='bbox 246 1662 354 1725; x_wconf 88' lang='lat' dir='ltr'><strong>circum</strong></span> <span class='ocrx_word' id='word_1_140' title='bbox 369 1662 466 1737; x_wconf 79' lang='lat' dir='ltr'><strong>atque,</strong></span> <span class='ocrx_word' id='word_1_141' title='bbox 491 1671 521 1719; x_wconf 94' lang='lat' dir='ltr'><strong>ut</strong></span> <span class='ocrx_word' id='word_1_142' title='bbox 537 1670 718 1739; x_wconf 86' lang='lat' dir='ltr'><strong>contemptus</strong></span> <span class='ocrx_word' id='word_1_143' title='bbox 741 1676 841 1720; x_wconf 88' lang='lat' dir='ltr'><strong>eorum</strong></span> <span class='ocrx_word' id='word_1_144' title='bbox 855 1663 1044 1735; x_wconf 82' lang='lat' dir='ltr'><strong>incresceret,</strong></span> <span class='ocrx_word' id='word_1_145' title='bbox 1069 1662 1105 1720; x_wconf 89' lang='lat' dir='ltr'><strong>ab</strong></span> 
     </span>
     <span class='ocr_line' id='line_1_19' title="bbox 106 1743 1106 1823; baseline 0.007 -22"><span class='ocrx_word' id='word_1_146' title='bbox 106 1746 250 1822; x_wconf 90' lang='lat' dir='ltr'><strong>operariis</strong></span> <span class='ocrx_word' id='word_1_147' title='bbox 268 1743 372 1804; x_wconf 78' lang='lat' dir='ltr'><strong>‘hastas</strong></span> <span class='ocrx_word' id='word_1_148' title='bbox 397 1745 573 1822; x_wconf 85' lang='lat' dir='ltr'><strong>praepilatas</strong></span> <span class='ocrx_word' id='word_1_149' title='bbox 602 1744 774 1804; x_wconf 84' lang='lat' dir='ltr'><strong>habentibus</strong></span> <span class='ocrx_word' id='word_1_150' title='bbox 800 1762 855 1823; x_wconf 92' lang='lat' dir='ltr'><strong>per</strong></span> <span class='ocrx_word' id='word_1_151' title='bbox 883 1746 990 1805; x_wconf 88' lang='lat' dir='ltr'><strong>circum</strong></span> <span class='ocrx_word' id='word_1_152' title='bbox 1017 1754 1106 1809; x_wconf 87' lang='lat' dir='ltr'><strong>totam</strong></span> 
     </span>
     <span class='ocr_line' id='line_1_20' title="bbox 106 1827 1107 1907; baseline 0.004 -22"><span class='ocrx_word' id='word_1_153' title='bbox 106 1837 199 1886; x_wconf 93' lang='lat' dir='ltr'><strong>actos.</strong></span> <span class='ocrx_word' id='word_1_154' title='bbox 219 1841 275 1886; x_wconf 89' lang='lat' dir='ltr'><strong>nec</strong></span> <span class='ocrx_word' id='word_1_155' title='bbox 296 1828 364 1905; x_wconf 89' lang='lat' dir='ltr'><strong>quid</strong></span> <span class='ocrx_word' id='word_1_156' title='bbox 379 1827 484 1887; x_wconf 89' lang='lat' dir='ltr'><strong>deinde</strong></span> <span class='ocrx_word' id='word_1_157' title='bbox 502 1830 538 1887; x_wconf 92' lang='lat' dir='ltr'><strong>iis</strong></span> <span class='ocrx_word' id='word_1_158' title='bbox 552 1828 659 1888; x_wconf 88' lang='lat' dir='ltr'><strong>lactum</strong></span> <span class='ocrx_word' id='word_1_159' title='bbox 681 1830 718 1887; x_wconf 93' lang='lat' dir='ltr'><strong>sit</strong></span> <span class='ocrx_word' id='word_1_160' title='bbox 741 1838 876 1890; x_wconf 85' lang='lat' dir='ltr'><strong>auctores</strong></span> <span class='ocrx_word' id='word_1_161' title='bbox 893 1828 1041 1907; x_wconf 80' lang='lat' dir='ltr'><strong>explicant</strong></span> <span class='ocrx_word' id='word_1_162' title='bbox 1057 1831 1107 1907; x_wconf 84' lang='lat' dir='ltr'><strong>qui</strong></span> 
     </span>
     <span class='ocr_line' id='line_1_21' title="bbox 68 1912 475 1989; baseline 0.002 -20"><span class='ocrx_word' id='word_1_163' title='bbox 68 1928 98 1969; x_wconf 79' lang='lat' dir='ltr'><strong>ao</strong></span> <span class='ocrx_word' id='word_1_164' title='bbox 108 1930 165 1969; x_wconf 92' lang='lat' dir='ltr'><strong>non</strong></span> <span class='ocrx_word' id='word_1_165' title='bbox 182 1920 282 1989; x_wconf 90' lang='lat' dir='ltr'><strong>putant</strong></span> <span class='ocrx_word' id='word_1_166' title='bbox 296 1912 475 1970; x_wconf 86' lang='lat' dir='ltr'><strong>interlectos.</strong></span> 
     </span>
    </p>

    <p class='ocr_par' dir='ltr' id='par_1_4' title="bbox 106 1992 1149 2323">
     <span class='ocr_line' id='line_1_22' title="bbox 171 1992 1149 2072; baseline 0.007 -19"><span class='ocrx_word' id='word_1_167' title='bbox 171 1997 199 2053; x_wconf 87' lang='lat'><strong>7.</strong></span> <span class='ocrx_word' id='word_1_168' title='bbox 219 1996 282 2072; x_wconf 87' lang='lat'><strong>(7.)</strong></span> <span class='ocrx_word' id='word_1_169' title='bbox 301 1992 387 2055; x_wconf 77' lang='lat' dir='ltr'><strong>Clara</strong></span> <span class='ocrx_word' id='word_1_170' title='bbox 403 2004 447 2052; x_wconf 86' lang='lat' dir='ltr'><strong>est</strong></span> <span class='ocrx_word' id='word_1_171' title='bbox 462 1997 542 2053; x_wconf 90' lang='lat' dir='ltr'><strong>unius</strong></span> <span class='ocrx_word' id='word_1_172' title='bbox 555 2014 571 2053; x_wconf 88' lang='lat' dir='ltr'><strong>e</strong></span> <span class='ocrx_word' id='word_1_173' title='bbox 583 1995 720 2053; x_wconf 85' lang='lat' dir='ltr'><strong>Romanis</strong></span> <span class='ocrx_word' id='word_1_174' title='bbox 732 1996 877 2055; x_wconf 86' lang='lat' dir='ltr'><strong>dimicatio</strong></span> <span class='ocrx_word' id='word_1_175' title='bbox 888 1996 1031 2057; x_wconf 88' lang='lat' dir='ltr'><strong>adversus</strong></span> <span class='ocrx_word' id='word_1_176' title='bbox 1044 1997 1105 2057; x_wconf 89' lang='lat' dir='ltr'><strong>ele·</strong></span> <span class='ocrx_word' id='word_1_177' title='bbox 1115 2006 1149 2060; x_wconf 84' lang='grc'><strong>18</strong></span> 
     </span>
     <span class='ocr_line' id='line_1_23' title="bbox 106 2076 1105 2157; baseline 0.002 -20"><span class='ocrx_word' id='word_1_178' title='bbox 106 2078 253 2157; x_wconf 84' lang='lat' dir='ltr'><strong>phantom,</strong></span> <span class='ocrx_word' id='word_1_179' title='bbox 273 2096 335 2136; x_wconf 91' lang='lat' dir='ltr'><strong>cum</strong></span> <span class='ocrx_word' id='word_1_180' title='bbox 351 2076 490 2137; x_wconf 88' lang='lat' dir='ltr'><strong>llanuibal</strong></span> <span class='ocrx_word' id='word_1_181' title='bbox 515 2080 645 2154; x_wconf 86' lang='lat' dir='ltr'><strong>captivos</strong></span> <span class='ocrx_word' id='word_1_182' title='bbox 662 2086 779 2137; x_wconf 86' lang='lat' dir='ltr'><strong>nostros</strong></span> <span class='ocrx_word' id='word_1_183' title='bbox 795 2078 932 2138; x_wconf 88' lang='lat' dir='ltr'><strong>dimicare</strong></span> <span class='ocrx_word' id='word_1_184' title='bbox 948 2082 1022 2139; x_wconf 89' lang='lat' dir='ltr'><strong>iuter</strong></span> <span class='ocrx_word' id='word_1_185' title='bbox 1036 2096 1105 2139; x_wconf 86' lang='lat' dir='ltr'><strong>sese</strong></span> 
     </span>
     <span class='ocr_line' id='line_1_24' title="bbox 107 2160 1105 2239; baseline 0.001 -18"><span class='ocrx_word' id='word_1_186' title='bbox 107 2164 267 2238; x_wconf 88' lang='lat' dir='ltr'><strong>coegisset.</strong></span> <span class='ocrx_word' id='word_1_187' title='bbox 298 2179 419 2238; x_wconf 86' lang='lat' dir='ltr'><strong>namque</strong></span> <span class='ocrx_word' id='word_1_188' title='bbox 436 2180 522 2220; x_wconf 92' lang='lat' dir='ltr'><strong>uuum</strong></span> <span class='ocrx_word' id='word_1_189' title='bbox 536 2162 584 2238; x_wconf 82' lang='lat' dir='ltr'><strong>qui</strong></span> <span class='ocrx_word' id='word_1_190' title='bbox 602 2170 754 2238; x_wconf 90' lang='lat' dir='ltr'><strong>supererat</strong></span> <span class='ocrx_word' id='word_1_191' title='bbox 772 2160 881 2220; x_wconf 90' lang='lat' dir='ltr'><strong>obiecit</strong></span> <span class='ocrx_word' id='word_1_192' title='bbox 896 2160 1062 2239; x_wconf 82' lang='lat' dir='ltr'><strong>elephanto,</strong></span> <span class='ocrx_word' id='word_1_193' title='bbox 1076 2172 1105 2223; x_wconf 88' lang='lat' dir='ltr'><strong>et</strong></span> 
     </span>
     <span class='ocr_line' id='line_1_25' title="bbox 107 2243 1104 2323; baseline 0 -20"><span class='ocrx_word' id='word_1_194' title='bbox 107 2246 158 2305; x_wconf 91' lang='lat' dir='ltr'><strong>ille</strong></span> <span class='ocrx_word' id='word_1_195' title='bbox 175 2246 274 2304; x_wconf 90' lang='lat' dir='ltr'><strong>dimitti</strong></span> <span class='ocrx_word' id='word_1_196' title='bbox 293 2254 405 2323; x_wconf 91' lang='lat' dir='ltr'><strong>pactus,</strong></span> <span class='ocrx_word' id='word_1_197' title='bbox 430 2246 454 2302; x_wconf 91' lang='lat' dir='ltr'><strong>si</strong></span> <span class='ocrx_word' id='word_1_198' title='bbox 468 2246 673 2318; x_wconf 84' lang='lat' dir='ltr'><strong>interemisset,</strong></span> <span class='ocrx_word' id='word_1_199' title='bbox 700 2245 781 2303; x_wconf 90' lang='lat' dir='ltr'><strong>solus</strong></span> <span class='ocrx_word' id='word_1_200' title='bbox 797 2246 826 2302; x_wconf 92' lang='lat' dir='ltr'><strong>in</strong></span> <span class='ocrx_word' id='word_1_201' title='bbox 842 2243 949 2305; x_wconf 87' lang='lat' dir='ltr'><strong>harena</strong></span> <span class='ocrx_word' id='word_1_202' title='bbox 964 2261 1104 2320; x_wconf 92' lang='lat' dir='ltr'><strong>congres-</strong></span> 
     </span>
    </p>

    <p class='ocr_par' dir='ltr' id='par_1_5' title="bbox 72 2327 1200 2741">
     <span class='ocr_line' id='line_1_26' title="bbox 72 2327 1105 2405; baseline -0.003 -15"><span class='ocrx_word' id='word_1_203' title='bbox 72 2348 157 2390; x_wconf 69' lang='lat' dir='ltr'><strong>sssus</strong></span> <span class='ocrx_word' id='word_1_204' title='bbox 172 2344 275 2405; x_wconf 87' lang='lat' dir='ltr'><strong>magno</strong></span> <span class='ocrx_word' id='word_1_205' title='bbox 291 2328 452 2389; x_wconf 85' lang='lat' dir='ltr'><strong>Poenorum</strong></span> <span class='ocrx_word' id='word_1_206' title='bbox 469 2329 572 2388; x_wconf 90' lang='lat' dir='ltr'><strong>dolore</strong></span> <span class='ocrx_word' id='word_1_207' title='bbox 590 2328 726 2387; x_wconf 82' lang='lat' dir='ltr'><strong>coniecit.</strong></span> <span class='ocrx_word' id='word_1_208' title='bbox 759 2327 910 2403; x_wconf 81' lang='lat' dir='ltr'><strong>Hannibal,</strong></span> <span class='ocrx_word' id='word_1_209' title='bbox 928 2346 992 2395; x_wconf 87' lang='lat' dir='ltr'><strong>oum</strong></span> <span class='ocrx_word' id='word_1_210' title='bbox 1002 2328 1105 2389; x_wconf 84' lang='lat' dir='ltr'><strong>lamam</strong></span> 
     </span>
     <span class='ocr_line' id='line_1_27' title="bbox 109 2412 1104 2489; baseline 0 -18"><span class='ocrx_word' id='word_1_211' title='bbox 109 2414 171 2471; x_wconf 88' lang='lat' dir='ltr'><strong>eius</strong></span> <span class='ocrx_word' id='word_1_212' title='bbox 189 2412 376 2470; x_wconf 86' lang='lat' dir='ltr'><strong>dimicationis</strong></span> <span class='ocrx_word' id='word_1_213' title='bbox 399 2421 592 2489; x_wconf 87' lang='lat' dir='ltr'><strong>contemptum</strong></span> <span class='ocrx_word' id='word_1_214' title='bbox 610 2412 767 2472; x_wconf 91' lang='lat' dir='ltr'><strong>adlaturam</strong></span> <span class='ocrx_word' id='word_1_215' title='bbox 790 2412 884 2473; x_wconf 88' lang='lat' dir='ltr'><strong>beluis</strong></span> <span class='ocrx_word' id='word_1_216' title='bbox 906 2412 1104 2489; x_wconf 78' lang='lat' dir='ltr'><strong>intellegeret,</strong></span> 
     </span>
     <span class='ocr_line' id='line_1_28' title="bbox 109 2495 1104 2576; baseline 0.002 -21"><span class='ocrx_word' id='word_1_217' title='bbox 109 2498 222 2576; x_wconf 83' lang='lat' dir='ltr'><strong>equites</strong></span> <span class='ocrx_word' id='word_1_218' title='bbox 242 2497 317 2553; x_wconf 85' lang='lat' dir='ltr'><strong>misit</strong></span> <span class='ocrx_word' id='word_1_219' title='bbox 338 2497 385 2573; x_wconf 86' lang='lat' dir='ltr'><strong>qui</strong></span> <span class='ocrx_word' id='word_1_220' title='bbox 409 2496 560 2555; x_wconf 89' lang='lat' dir='ltr'><strong>abeuntem</strong></span> <span class='ocrx_word' id='word_1_221' title='bbox 580 2495 786 2555; x_wconf 76' lang='lat' dir='ltr'><strong>interficerent.</strong></span> <span class='ocrx_word' id='word_1_222' title='bbox 821 2496 1026 2574; x_wconf 73' lang='lat' dir='ltr'><strong>proboscidem</strong></span> <span class='ocrx_word' id='word_1_223' title='bbox 1055 2514 1104 2557; x_wconf 86' lang='lat' dir='ltr'><strong>eo·</strong></span> 
     </span>
     <span class='ocr_line' id='line_1_29' title="bbox 107 2574 1200 2659; baseline 0.002 -22"><span class='ocrx_word' id='word_1_224' title='bbox 107 2598 168 2638; x_wconf 92' lang='lat' dir='ltr'><strong>rum</strong></span> <span class='ocrx_word' id='word_1_225' title='bbox 187 2578 325 2638; x_wconf 86' lang='lat' dir='ltr'><strong>facillime</strong></span> <span class='ocrx_word' id='word_1_226' title='bbox 338 2582 476 2656; x_wconf 86' lang='lat' dir='ltr'><strong>amputari</strong></span> <span class='ocrx_word' id='word_1_227' title='bbox 492 2580 573 2654; x_wconf 77' lang='lat' dir='ltr'><strong>Pyrri</strong></span> <span class='ocrx_word' id='word_1_228' title='bbox 587 2574 765 2657; x_wconf 88' lang='lat' dir='ltr'><strong>proeliorum</strong></span> <span class='ocrx_word' id='word_1_229' title='bbox 782 2582 987 2658; x_wconf 82' lang='lat' dir='ltr'><strong>experimentis</strong></span> <span class='ocrx_word' id='word_1_230' title='bbox 1005 2582 1103 2659; x_wconf 72' lang='lat' dir='ltr'><strong>patant.</strong></span> <span class='ocrx_word' id='word_1_231' title='bbox 1193 2627 1200 2633; x_wconf 87' lang='lat'><strong><em>.</em></strong></span> 
     </span>
     <span class='ocr_line' id='line_1_30' title="bbox 108 2658 1147 2741; baseline 0.005 -19"><span class='ocrx_word' id='word_1_232' title='bbox 108 2660 218 2722; x_wconf 86' lang='lat' dir='ltr'><strong>Romae</strong></span> <span class='ocrx_word' id='word_1_233' title='bbox 243 2680 388 2740; x_wconf 90' lang='lat' dir='ltr'><strong>pugnasse</strong></span> <span class='ocrx_word' id='word_1_234' title='bbox 410 2662 576 2722; x_wconf 83' lang='lat' dir='ltr'><strong>Fenestella</strong></span> <span class='ocrx_word' id='word_1_235' title='bbox 596 2664 681 2723; x_wconf 89' lang='lat' dir='ltr'><strong>tradit</strong></span> <span class='ocrx_word' id='word_1_236' title='bbox 703 2666 822 2741; x_wconf 87' lang='lat' dir='ltr'><strong>primum</strong></span> <span class='ocrx_word' id='word_1_237' title='bbox 843 2665 966 2722; x_wconf 88' lang='lat' dir='ltr'><strong>omniurn</strong></span> <span class='ocrx_word' id='word_1_238' title='bbox 981 2665 1010 2723; x_wconf 91' lang='lat' dir='ltr'><strong>in</strong></span> <span class='ocrx_word' id='word_1_239' title='bbox 1024 2658 1104 2723; x_wconf 80' lang='lat' dir='ltr'><strong>circo</strong></span> <span class='ocrx_word' id='word_1_240' title='bbox 1115 2672 1147 2727; x_wconf 83' lang='lat'><strong>19</strong></span> 
     </span>
    </p>

    <p class='ocr_par' dir='ltr' id='par_1_6' title="bbox 73 2744 1147 3159">
     <span class='ocr_line' id='line_1_31' title="bbox 73 2744 1102 2809; baseline -0.003 -1"><span class='ocrx_word' id='word_1_241' title='bbox 73 2768 99 2809; x_wconf 84' lang='lat' dir='ltr'><strong>ao</strong></span> <span class='ocrx_word' id='word_1_242' title='bbox 109 2744 208 2805; x_wconf 78' lang='lat' dir='ltr'><strong>Claudi</strong></span> <span class='ocrx_word' id='word_1_243' title='bbox 224 2745 338 2805; x_wconf 85' lang='lat' dir='ltr'><strong>Pulchri</strong></span> <span class='ocrx_word' id='word_1_244' title='bbox 354 2746 501 2807; x_wconf 87' lang='lat' dir='ltr'><strong>aedi-litate</strong></span> <span class='ocrx_word' id='word_1_245' title='bbox 517 2747 607 2806; x_wconf 91' lang='lat' dir='ltr'><strong>curuli</strong></span> <span class='ocrx_word' id='word_1_246' title='bbox 623 2746 661 2806; x_wconf 87' lang='lat' dir='ltr'><strong>bl.</strong></span> <span class='ocrx_word' id='word_1_247' title='bbox 674 2747 798 2807; x_wconf 78' lang='lat' dir='ltr'><strong>Antonio</strong></span> <span class='ocrx_word' id='word_1_248' title='bbox 815 2747 851 2806; x_wconf 78' lang='lat' dir='ltr'><strong>A.</strong></span> <span class='ocrx_word' id='word_1_249' title='bbox 865 2746 1010 2807; x_wconf 85' lang='lat' dir='ltr'><strong>Postumio</strong></span> <span class='ocrx_word' id='word_1_250' title='bbox 1026 2766 1102 2807; x_wconf 86' lang='lat' dir='ltr'><strong>coss.</strong></span> 
     </span>
     <span class='ocr_line' id='line_1_32' title="bbox 109 2829 1105 2909; baseline 0.004 -21"><span class='ocrx_word' id='word_1_251' title='bbox 109 2839 181 2889; x_wconf 86' lang='lat' dir='ltr'><strong>auno</strong></span> <span class='ocrx_word' id='word_1_252' title='bbox 207 2829 288 2888; x_wconf 90' lang='lat' dir='ltr'><strong>urbis</strong></span> <span class='ocrx_word' id='word_1_253' title='bbox 313 2834 526 2890; x_wconf 86' lang='lat' dir='ltr'><strong>sexcentesimo</strong></span> <span class='ocrx_word' id='word_1_254' title='bbox 553 2832 789 2909; x_wconf 84' lang='lat' dir='ltr'><strong>quinquagesimo</strong></span> <span class='ocrx_word' id='word_1_255' title='bbox 817 2832 925 2907; x_wconf 85' lang='lat' dir='ltr'><strong>quinto,</strong></span> <span class='ocrx_word' id='word_1_256' title='bbox 955 2830 1023 2888; x_wconf 89' lang='lat' dir='ltr'><strong>item</strong></span> <span class='ocrx_word' id='word_1_257' title='bbox 1038 2840 1105 2909; x_wconf 93' lang='lat' dir='ltr'><strong>post</strong></span> 
     </span>
     <span class='ocr_line' id='line_1_33' title="bbox 108 2912 1147 2979; baseline 0.002 -6"><span class='ocrx_word' id='word_1_258' title='bbox 108 2932 198 2973; x_wconf 89' lang='lat' dir='ltr'><strong>annos</strong></span> <span class='ocrx_word' id='word_1_259' title='bbox 215 2926 265 2973; x_wconf 83' lang='lat' dir='ltr'><strong>xx</strong></span> <span class='ocrx_word' id='word_1_260' title='bbox 279 2912 461 2973; x_wconf 89' lang='lat' dir='ltr'><strong>Lucullorum</strong></span> <span class='ocrx_word' id='word_1_261' title='bbox 477 2914 624 2973; x_wconf 89' lang='lat' dir='ltr'><strong>aedilitate</strong></span> <span class='ocrx_word' id='word_1_262' title='bbox 641 2914 733 2973; x_wconf 92' lang='lat' dir='ltr'><strong>curuli</strong></span> <span class='ocrx_word' id='word_1_263' title='bbox 745 2914 884 2973; x_wconf 79' lang='lat' dir='ltr'><strong>adversus</strong></span> <span class='ocrx_word' id='word_1_264' title='bbox 896 2924 1005 2973; x_wconf 83' lang='lat' dir='ltr'><strong>tauros.</strong></span> <span class='ocrx_word' id='word_1_265' title='bbox 1018 2914 1100 2975; x_wconf 83' lang='lat' dir='ltr'><strong>Pom·</strong></span> <span class='ocrx_word' id='word_1_266' title='bbox 1111 2926 1147 2979; x_wconf 77' lang='lat'><strong>20</strong></span> 
     </span>
     <span class='ocr_line' id='line_1_34' title="bbox 109 2995 1103 3077; baseline 0.003 -21"><span class='ocrx_word' id='word_1_267' title='bbox 109 3000 156 3075; x_wconf 89' lang='lat' dir='ltr'><strong>pei</strong></span> <span class='ocrx_word' id='word_1_268' title='bbox 168 3015 285 3077; x_wconf 80' lang='lat' dir='ltr'><strong>quoque</strong></span> <span class='ocrx_word' id='word_1_269' title='bbox 300 2999 392 3057; x_wconf 89' lang='lat' dir='ltr'><strong>altero</strong></span> <span class='ocrx_word' id='word_1_270' title='bbox 411 2998 571 3070; x_wconf 88' lang='lat' dir='ltr'><strong>consulatu,</strong></span> <span class='ocrx_word' id='word_1_271' title='bbox 588 2995 769 3057; x_wconf 87' lang='lat' dir='ltr'><strong>dedicatione</strong></span> <span class='ocrx_word' id='word_1_272' title='bbox 784 2996 884 3075; x_wconf 76' lang='lat' dir='ltr'><strong>templi</strong></span> <span class='ocrx_word' id='word_1_273' title='bbox 898 2996 1024 3057; x_wconf 86' lang='lat' dir='ltr'><strong>Veneris</strong></span> <span class='ocrx_word' id='word_1_274' title='bbox 1036 2997 1103 3059; x_wconf 73' lang='lat' dir='ltr'><strong>vie-</strong></span> 
     </span>
     <span class='ocr_line' id='line_1_35' title="bbox 108 3081 1101 3159; baseline 0.002 -20"><span class='ocrx_word' id='word_1_275' title='bbox 108 3083 198 3157; x_wconf 82' lang='lat' dir='ltr'><strong>tricis,</strong></span> <span class='ocrx_word' id='word_1_276' title='bbox 209 3084 309 3159; x_wconf 87' lang='lat' dir='ltr'><strong>viginti</strong></span> <span class='ocrx_word' id='word_1_277' title='bbox 326 3100 493 3158; x_wconf 85' lang='lat' dir='ltr'><strong>pugnavere</strong></span> <span class='ocrx_word' id='word_1_278' title='bbox 507 3082 536 3138; x_wconf 88' lang='lat' dir='ltr'><strong>in</strong></span> <span class='ocrx_word' id='word_1_279' title='bbox 546 3081 625 3138; x_wconf 90' lang='lat' dir='ltr'><strong>circo</strong></span> <span class='ocrx_word' id='word_1_280' title='bbox 643 3090 700 3154; x_wconf 88' lang='lat' dir='ltr'><strong>aut,</strong></span> <span class='ocrx_word' id='word_1_281' title='bbox 716 3082 1101 3158; x_wconf 82' lang='lat' dir='ltr'><strong>utquidamtraduut,xvt1.</strong></span> 
     </span>
    </p>

    <p class='ocr_par' dir='ltr' id='par_1_7' title="bbox 73 3163 1216 3492">
     <span class='ocr_line' id='line_1_36' title="bbox 73 3163 1102 3241; baseline 0 -16"><span class='ocrx_word' id='word_1_282' title='bbox 73 3184 100 3225; x_wconf 80' lang='lat' dir='ltr'><strong>se</strong></span> <span class='ocrx_word' id='word_1_283' title='bbox 111 3164 237 3224; x_wconf 85' lang='lat' dir='ltr'><strong>Gaetulis</strong></span> <span class='ocrx_word' id='word_1_284' title='bbox 254 3182 291 3223; x_wconf 83' lang='lat' dir='ltr'><strong>ex</strong></span> <span class='ocrx_word' id='word_1_285' title='bbox 306 3163 429 3224; x_wconf 78' lang='lat' dir='ltr'><strong>adverso</strong></span> <span class='ocrx_word' id='word_1_286' title='bbox 445 3163 644 3238; x_wconf 84' lang='lat' dir='ltr'><strong>iaculantibus,</strong></span> <span class='ocrx_word' id='word_1_287' title='bbox 666 3164 787 3224; x_wconf 87' lang='lat' dir='ltr'><strong>mirabili</strong></span> <span class='ocrx_word' id='word_1_288' title='bbox 808 3168 890 3227; x_wconf 90' lang='lat' dir='ltr'><strong>unlus</strong></span> <span class='ocrx_word' id='word_1_289' title='bbox 911 3167 1102 3241; x_wconf 78' lang='lat' dir='ltr'><strong>dimicatione,</strong></span> 
     </span>
     <span class='ocr_line' id='line_1_37' title="bbox 110 3246 1103 3329; baseline 0.005 -25"><span class='ocrx_word' id='word_1_290' title='bbox 110 3250 157 3329; x_wconf 87' lang='lat' dir='ltr'><strong>qui</strong></span> <span class='ocrx_word' id='word_1_291' title='bbox 183 3248 307 3325; x_wconf 91' lang='lat' dir='ltr'><strong>pedibus</strong></span> <span class='ocrx_word' id='word_1_292' title='bbox 332 3247 475 3306; x_wconf 75' lang='lat' dir='ltr'><strong>confossis</strong></span> <span class='ocrx_word' id='word_1_293' title='bbox 498 3248 590 3325; x_wconf 90' lang='lat' dir='ltr'><strong>repsit</strong></span> <span class='ocrx_word' id='word_1_294' title='bbox 613 3246 737 3323; x_wconf 85' lang='lat' dir='ltr'><strong>genibus</strong></span> <span class='ocrx_word' id='word_1_295' title='bbox 763 3251 790 3307; x_wconf 90' lang='lat' dir='ltr'><strong>in</strong></span> <span class='ocrx_word' id='word_1_296' title='bbox 810 3259 957 3323; x_wconf 84' lang='lat' dir='ltr'><strong>catervas,</strong></span> <span class='ocrx_word' id='word_1_297' title='bbox 983 3249 1103 3326; x_wconf 80' lang='lat' dir='ltr'><strong>abrepta</strong></span> 
     </span>
     <span class='ocr_line' id='line_1_38' title="bbox 110 3330 1102 3413; baseline 0.006 -24"><span class='ocrx_word' id='word_1_298' title='bbox 110 3339 191 3389; x_wconf 88' lang='lat' dir='ltr'><strong>scuta</strong></span> <span class='ocrx_word' id='word_1_299' title='bbox 206 3332 315 3391; x_wconf 90' lang='lat' dir='ltr'><strong>iaciens</strong></span> <span class='ocrx_word' id='word_1_300' title='bbox 332 3332 360 3390; x_wconf 88' lang='lat' dir='ltr'><strong>iu</strong></span> <span class='ocrx_word' id='word_1_301' title='bbox 375 3330 513 3406; x_wconf 90' lang='lat' dir='ltr'><strong>sublime,</strong></span> <span class='ocrx_word' id='word_1_302' title='bbox 540 3349 615 3409; x_wconf 85' lang='lat' dir='ltr'><strong>quae</strong></span> <span class='ocrx_word' id='word_1_303' title='bbox 629 3332 791 3393; x_wconf 85' lang='lat' dir='ltr'><strong>decidentia</strong></span> <span class='ocrx_word' id='word_1_304' title='bbox 808 3335 948 3413; x_wconf 83' lang='lat' dir='ltr'><strong>voluptati</strong></span> <span class='ocrx_word' id='word_1_305' title='bbox 969 3340 1102 3411; x_wconf 83' lang='lat' dir='ltr'><strong>spectan-</strong></span> 
     </span>
     <span class='ocr_line' id='line_1_39' title="bbox 109 3412 1216 3492; baseline 0.005 -18"><span class='ocrx_word' id='word_1_306' title='bbox 109 3412 185 3474; x_wconf 92' lang='lat' dir='ltr'><strong>tibus</strong></span> <span class='ocrx_word' id='word_1_307' title='bbox 198 3416 317 3474; x_wconf 87' lang='lat' dir='ltr'><strong>erautiu</strong></span> <span class='ocrx_word' id='word_1_308' title='bbox 332 3415 432 3474; x_wconf 89' lang='lat' dir='ltr'><strong>orbem</strong></span> <span class='ocrx_word' id='word_1_309' title='bbox 444 3418 627 3492; x_wconf 87' lang='lat' dir='ltr'><strong>circumacta,</strong></span> <span class='ocrx_word' id='word_1_310' title='bbox 643 3415 795 3477; x_wconf 79' lang='lat' dir='ltr'><strong>volutante</strong></span> <span class='ocrx_word' id='word_1_311' title='bbox 810 3434 868 3478; x_wconf 85' lang='lat' dir='ltr'><strong>noa</strong></span> <span class='ocrx_word' id='word_1_312' title='bbox 883 3418 982 3479; x_wconf 72' lang='lat' dir='ltr'><strong>imore</strong></span> <span class='ocrx_word' id='word_1_313' title='bbox 997 3414 1103 3479; x_wconf 71' lang='lat' dir='ltr'><strong>belnae</strong></span> <span class='ocrx_word' id='word_1_314' title='bbox 1214 3438 1216 3452; x_wconf 69' lang='lat'><strong><em>⁴</em></strong></span> 
     </span>
    </p>
   </div>
   <div class='ocr_carea' id='block_1_4' title="bbox 0 0 1283 3842">
    <p class='ocr_par' dir='ltr' id='par_1_8' title="bbox 0 0 1283 3842">
     <span class='ocr_line' id='line_1_40' title="bbox 0 0 1283 3842; baseline 0 0"><span class='ocrx_word' id='word_1_315' title='bbox 0 0 1283 3842; x_wconf 95' lang='lat' dir='ltr'><strong> </strong></span> 
     </span>
    </p>
   </div>
  </div>
 </body>
</html>
