2542 3842
89 170 105 185 ²
160 171 200 219 lv
469 168 634 219 emporus
649 169 857 220 PRAEFATIO.

160 327 335 384 easnominum
346 329 434 385 formas
447 344 506 401 quas
517 327 657 383 exhiberent
665 328 794 385 velGracoi
803 331 939 399 scriptores,
947 328 986 384 rel
996 323 1161 400 inscriptiones,
1254 377 1255 382 ,

159 412 238 476 tituli,
255 413 335 474 numi.
352 428 496 485 quamquam
510 414 562 483 ipse
580 412 604 466 in
622 412 769 481 praefatione
787 427 811 481 p.
823 412 1051 469 LXVlllnotaritin
1062 404 1162 486 Pintiano

160 510 266 549 errorem
276 495 350 565 ipsius
361 496 430 551 Plinii
441 495 589 552 emendandi.
622 508 670 565 ego
682 510 740 549 uero
750 496 803 549 illas
814 486 903 551 donnas
916 512 965 551 non
975 496 1071 560 admisi,
1086 498 1163 551 nisica
1254 563 1255 568 ἵ

159 592 221 649 quae
232 578 369 649 legerentur
379 580 404 634 in
415 578 539 653 codicibus
551 579 582 632 ex
597 578 625 631 iis
636 577 773 633 viderentur
783 594 836 633 esse
847 585 971 649 cormpta,
990 586 1032 634 aut
1047 580 1163 635 edivers's

159 660 271 715 codicum
278 662 402 732 scripturis
412 664 509 718 omnino
520 660 579 715 nihil
590 667 654 714 essct
664 661 815 716 eliciendum.
826 663 907 732 putaui
917 663 989 730 enim,
1001 662 1041 733 qui
1051 662 1171 718 bosPlinii·

136 761 149 787 ··
159 743 234 799 libros
249 745 371 817 legerent,
395 761 438 801 eos
454 760 507 800 *non
523 750 573 798 tam
595 757 625 796 en
641 743 671 797 iis
684 743 881 825 ,solis'quaerere
902 746 990 800 veteris
1007 746 1164 817 geographiae

158 828 297 893 scientiam,
315 844 386 899 quam
399 829 461 883 velle
471 828 533 882 scire
544 840 604 898 quae
617 826 658 880 ille
674 826 744 881 nobis
756 829 891 883 tradidisset
906 829 1016 896 nomina,
1033 829 1163 899 ideoqucin
1254 861 1256 876 ι

107 911 115 917 “
159 910 258 965 Graecis
275 911 412 967 nominibus
429 911 514 965 admisi
535 909 651 981 quaedam
668 910 694 964 in
712 910 799 981 quibus
814 912 910 968 codices
931 911 1067 967 viderentur
1083 912 1164 972 docere

66 1007 70 1013 ·
157 992 262 1049 Plinium
274 995 354 1065 ipsum
366 994 502 1050 confudisse
513 992 616 1048 Graecas
625 992 717 1047 litteras
726 994 789 1048 inter
798 1010 825 1048 sc
834 995 924 1049 similes
933 1001 961 1049 ut
973 994 1001 1049 T
1011 1003 1036 1049 et
1046 994 1085 1061 Γ,
1101 996 1132 1050 A
1141 1003 1164 1051 et
1254 1037 1255 1040 ,

160 1076 189 1131 Δ
198 1084 224 1131 et
233 1076 281 1132 Aa
293 1076 342 1133 Sed
352 1077 398 1133 hac
409 1078 466 1132 inita
475 1077 567 1131 ratione
577 1090 609 1130 nc
623 1076 734 1147 legentes
742 1078 767 1132 in
779 1084 874 1147 apertos
886 1065 1055 1135 induceremur
1066 1092 1163 1146 encres,
1254 1105 1255 1140 3

151 1174 257 1215 necesse
268 1168 319 1215 erat
329 1168 357 1216 ut
368 1167 490 1216 notaretur
499 1160 631 1229 scripturae
641 1160 806 1229 discrepantia,
818 1161 882 1233 quod
897 1162 944 1217 leci
955 1162 986 1217 ad
996 1162 1087 1216 calcem
1097 1161 1165 1218 buius
1254 1191 1255 1218 r

156 1244 310 1314 praelationis
323 1245 355 1299 ita
373 1252 400 1299 ut
418 1243 507 1315 ubique
521 1248 630 1298 notmcm
648 1241 788 1315 Silligianae
806 1245 1121 1315 editionisdiscrepantiam,
1141 1253 1165 1300 et
1254 1301 1255 1318 ἶ

157 1328 251 1387 codicis,
262 1328 383 1383 Leidensis
400 1329 421 1383 Α
438 1328 586 1398 aliorumque
601 1326 726 1391 codicum,
749 1342 851 1397 quorum
866 1342 1000 1397 premerem
1016 1328 1165 1397 potissimum
1254 1351 1255 1356 ¹

156 1410 271 1481 uestigia,
288 1410 365 1465 sicubi
375 1411 400 1466 in
410 1412 440 1466 iis
449 1411 572 1482 legeretur
581 1410 685 1464 nominis
695 1410 781 1473 iomra,
797 1410 822 1464 in
832 1425 891 1481 qua,
908 1411 1045 1479 etsiaperte
1055 1419 1165 1481 corrupta
1254 1413 1255 1420 ’

156 1510 206 1549 non
216 1502 299 1563 posset
312 1494 399 1564 recipi,
418 1496 519 1551 fortasse
530 1492 617 1562 aliquid
629 1492 718 1545 inesse
727 1492 826 1563 uulgato
836 1493 932 1549 rectius.
956 1491 998 1547 Sic
1008 1494 1032 1547 in
1043 1492 1081 1548 bis
1090 1494 1163 1561 libris,

156 1578 180 1631 in
201 1577 287 1647 quibus
306 1576 413 1649 Silligius
435 1583 557 1647 praeterea
575 1575 640 1630 iusto
661 1574 756 1644 saepius
775 1581 873 1630 secutus
893 1583 930 1630 cet
951 1576 1049 1631 alteram
1068 1592 1165 1632 manum

156 1658 247 1714 codicis
258 1658 411 1715 Riccardiani
426 1656 495 1729 (1³2)
514 1664 539 1713 ct
553 1656 692 1713 Parisicnsis
702 1658 773 1726 primi
784 1656 860 1727 (ιῖ),
876 1659 953 1714 multo
971 1659 1039 1729 plora
1053 1660 1165 1730 quamiu
1254 1689 1255 1696 ι

144 1744 242 1813 ,ceteris
255 1743 474 1799 erantadnotanda.
624 1744 629 1755 '
904 1801 906 1804 ,

216 1826 244 1881 ln
261 1827 409 1882 emendando
426 1826 485 1881 libro
498 1824 529 1890 l..
549 1826 590 1897 qui
606 1825 714 1881 continet
729 1830 864 1879 ceterorum
880 1825 996 1889 iudicem,
1012 1832 1041 1881 ut
1056 1825 1164 1898 Silligius
1254 1865 1255 1890 ,

156 1909 215 1963 nibil
232 1908 282 1963 iere
297 1911 377 1980 recepi
397 1910 455 1981 quin
470 1910 616 1964 inveniretur
633 1910 658 1964 in
678 1907 855 1977 exemplaribus
872 1909 1069 1979 manuscriptis,
1091 1910 1165 1965 sede
1254 1941 1256 1952 ·

156 1991 279 2047 codicibus
289 1993 329 2063 qui
339 1992 404 2047 bunc
414 1992 501 2047 librum
512 1992 636 2047 continent
650 1992 691 2046 ille
700 1991 779 2063 magis
789 1996 886 2045 secutus
897 1998 935 2046 est
946 1990 1128 2047 Riccardianum
1140 2000 1165 2047 et

154 2074 311 2129 Parisicnscm
323 2076 426 2145 primum
438 2074 514 2145 (lla),
532 2089 580 2147 ego
591 2075 733 2130 Toletanum
747 2080 772 2129 et
781 2073 939 2133 Parisicnsem
949 2076 1081 2131 secundnm
1091 2075 1163 2144 (ld),

79 2166 84 2175 ·
154 2164 182 2211 ut
193 2158 323 2231 quimagis
333 2160 496 2213 consentirent
512 2173 568 2214 cum
578 2160 636 2229 ipsis
647 2165 782 2213 ceterorum
796 2156 912 2213 librorum
921 2158 1007 2214 verbis.
1030 2157 1164 2224 Praeterea,
1254 2202 1256 2210 ,

154 2237 179 2295 id
196 2242 260 2312 qrrod
277 2243 351 2297 sensit
366 2244 417 2313 ipse
428 2240 670 2314 Silligius(vid.eius
686 2241 759 2311 prael.
771 2256 795 2311 p.
808 2240 933 2310 LXXIX),
953 2258 982 2297 eo
999 2242 1100 2295 meliore
1115 2256 1165 2313 ego
1189 2310 1192 2315 ι

154 2324 189 2379 lui
205 2323 355 2390 conditione,
371 2325 437 2395 quod
452 2326 560 2394 exceptis
575 2325 642 2379 libris
651 2322 943 2379 XXlIl-XXXl.'reteri
953 2326 1001 2378 iam
1011 2324 1042 2377 ab
1052 2322 1093 2378 illo
1104 2324 1165 2379 editi

154 2420 218 2461 amc
235 2412 365 2475 potueruut
380 2407 409 2462 ad
425 2407 529 2475 primum
543 2406 632 2461 libmm
648 2405 821 2460 emendandum
837 2406 956 2469 adbiberi,
973 2404 1093 2476 aSilligio
1109 2407 1165 2476 ipso

153 2490 321 2545 tantummodo
333 2489 391 2551 =libri
404 2488 654 2547 XXXll-XXXVlI.
683 2487 802 2543 Numeros
820 2485 991 2542 medicidarum
1009 2489 1033 2542 iu
1043 2489 1166 2545 indicibus

136 2577 141 2581 ’
154 2572 212 2627 libb.
227 2571 344 2629 XXllllll.
356 2578 381 2626 et
390 2570 466 2628 XXX.
478 2572 520 2628 illc
533 2572 630 2627 omnino
640 2586 689 2627 non
701 2570 789 2641 attigit,
802 2583 850 2641 ego
861 2571 907 2636 ita,
920 2575 947 2625 ut
959 2572 1020 2627 ratio
1032 2578 1165 2636 remcaret,

154 2661 255 2709 conatus
264 2670 319 2709 sum
335 2654 461 2709 ennendare
471 2655 563 2710 ratione
578 2654 660 2710 hahita
670 2654 790 2709 facilitatis
804 2668 849 2724 qua
861 2668 975 2708 numerus
991 2655 1017 2708 in
1033 2670 1165 2711 nnmerum

86 2776 88 2779 -
152 2738 271 2805 potuisset
281 2738 356 2793 abire.
374 2753 488 2793 numeros
499 2754 512 2791 a
524 2752 564 2792 me
579 2743 685 2793 mutmos
695 2736 815 2791 asteriscis
825 2737 913 2792 notari
947 2735 1015 2801 Quae
1028 2738 1053 2792 in
1064 2738 1166 2807 supple-

151 2827 261 2875 mentum
272 2820 350 2876 addidi
360 2822 509 2890 paucissima,
517 2836 544 2875 ea
556 2822 624 2875 uncis
636 2822 648 2889 [
655 2821 666 2888 ]
679 2820 769 2875 inclusa
779 2819 930 2888 scriptasunt
940 2820 1057 2875 distinctis
1066 2820 1167 2877 litteris.

154 2903 222 2967 Quos
239 2903 373 2959 llarduinus
388 2904 490 2976 singulis
504 2898 623 2959 lemmatis
639 2903 729 2959 addidit
741 2916 867 2969 numeros,
886 2917 929 2957 eos
939 2901 1049 2975 Silligius
1060 2905 1166 2959 omnino
1254 2917 1255 2920 ’

152 2986 247 3054 deleuit,
260 2986 324 3056 quod
334 2988 360 3041 in
370 2979 493 3043 codicibus
503 2986 546 3041 BR
555 2988 615 3042 blla
625 2986 719 3041 nullum
729 3000 812 3040 eorum
822 2992 885 3039 emet
896 2986 1033 3057 vestigium.
1050 3001 1100 3057 ego
1111 3003 1166 3042 non

151 3068 207 3123 illos
218 3069 313 3140 quidem
324 3070 434 3140 sinfflrlos
452 3070 554 3141 nugulis
564 3070 683 3124 lemmatis
698 3069 841 3137 praemissos
854 3068 964 3123 revocari
974 3084 1100 3136 numeros,
1116 3072 1182 3145 scd,
1254 3059 1256 3063 ἱ

105 3194 109 3198 .
151 3151 246 3206 uncinis
265 3152 310 3219 ()‚
324 3158 351 3207 ut
366 3153 391 3208 in
405 3153 463 3221 ipsis
476 3154 542 3207 libris
553 3153 652 3218 ceteris,
669 3151 776 3206 inclmos
791 3152 938 3219 sectionum,
955 3168 1014 3224 quas
1024 3152 1166 3207 llardmnus

45 3276 54 3297 ι
152 3233 211 3289 lecit
226 3234 256 3289 ad
276 3233 321 3289 bos
340 3232 432 3289 indices
449 3236 590 3304 respiciens,
614 3235 702 3289 inserui
722 3249 836 3289 numeros
855 3235 889 3290 ita
910 3240 938 3289 ut
958 3236 1077 3291 lemmatis
1096 3252 1165 3305 quac

152 3318 289 3387 complures
305 3318 521 3387 complecterentur
538 3320 658 3373 sectiones
682 3331 740 3372 suos
758 3318 838 3373 darem
860 3332 988 3383 numeros,
1008 3326 1036 3371 ut
1053 3318 1095 3373 lib.
1114 3317 1163 3373 Xl.

152 3406 285 3475 (al-23.)
310 3404 348 3461 De
363 3405 462 3477 opibus,
480 3402 556 3471 iisque
566 3402 738 3472 subiungercm
748 3401 842 3454 uncinis
856 3400 947 3479 inclusa
962 3399 1058 3471 singula
1069 3398 1165 3457 additis

151 3490 239 3545 iterum
250 3490 433 3555 suis'numeris,
450 3496 478 3543 ut
494 3483 583 3539 ibidem
595 3486 632 3552 (5.
645 3485 687 3558 qro'
700 3484 758 3538 ordo
775 3484 802 3537 iu
817 3499 886 3555 opere
900 3498 1003 3538 corion.
1069 3484 1114 3538 23.
1127 3484 1164 3540 dc
