2542 3842
341 160 421 206 ιιιι.
438 159 529 206 urar.
545 159 635 207 vnn.
651 116 737 211 ossa·
756 148 875 229 (tt-e.)
1063 150 1104 215 89

104 318 214 397 piscem
228 315 333 376 diutius
344 315 480 395 spiritum
501 316 670 377 continuere
686 323 715 375 ut
733 326 795 377 arte
809 318 888 377 missi
904 318 940 379 aul
957 322 1102 399 respiran-

105 401 170 465 dunr
180 401 303 459 emicant
305 409 465 477 ,tantaque
479 418 508 459 vr
501 400 659 459 exsiliunt
678 409 707 460 ut
722 400 892 480 plerumque
907 403 975 463 vela
990 406 1103 465 navium
1189 418 1192 423 ’

103 484 290 547 transvolent.
321 491 461 560 vagantur
476 484 541 545 fere
558 485 703 561 coniugia,
720 486 833 563 pariunt
848 470 959 546 catulo's
979 488 1100 549 decumo
1111 500 1145 554 al

102 587 200 631 mense
212 569 325 629 aestivo
340 577 483 645 tempore,
507 570 619 627 interim
634 577 666 628 et
681 568 774 627 binos
808 570 931 629 nutriunt
953 570 1102 649 uberibus,

82 655 178 715 usicut
191 652 313 713 balaena
317 662 425 730 ,atque
436 653 520 713 etiam
532 661 648 729 gestant
663 652 739 713 letus
750 652 866 714 infantia
880 652 1014 715 infirmos.
1037 658 1104 737 quin

102 747 132 797 et
144 736 259 799 adultos
273 736 320 797 diu
339 738 511 797 comitantur
528 755 631 814 magna
651 754 720 813 erga
737 746 848 814 partum
865 740 1001 803 caritate.
1032 742 1099 801 ariu-
1110 751 1145 804 ιι

101 822 216 883 lescuut
231 821 379 897 celeriter,
391 821 495 881 elecem
512 822 592 880 annis
607 830 741 899 putantur
757 822 792 883 ad
808 838 944 881 summam
963 826 1101 901 maguitu-

102 905 196 967 dinem
212 907 376 984 pervenire.
406 906 507 965 vivont
521 914 551 965 et
565 906 694 979 tricenis,
711 906 788 983 quod
804 907 949 982 cognitum
968 910 1101 985 praecisa

103 989 193 1051 cauria
207 990 237 1049 in
252 991 489 1068 experimentum.
520 988 662 1049 abduntur
675 990 794 1049 tricenis
810 990 912 1050 diebus
930 991 1008 1051 circa
1024 994 1102 1053 canis

66 1075 196 1136 bortum
206 1074 445 1151 occultanturque
466 1075 613 1150 incognito
628 1072 726 1148 morlo,
749 1075 827 1152 quod
843 1090 879 1135 eo
896 1076 988 1151 magis
1003 1078 1103 1135 mirum

101 1167 166 1233 est,
187 1159 211 1217 si
232 1161 343 1237 spirare
364 1160 393 1217 in
408 1176 481 1236 aqua
495 1153 553 1234 non
570 1168 686 1235 queunt.
713 1158 809 1219 solent
831 1160 986 1219 interram
1009 1178 1100 1219 erum-

100 1261 174 1322 pere
193 1244 305 1303 ineerta
328 1243 365 1302 ue
387 1260 491 1319 causa,
513 1260 575 1303 nec
595 1244 690 1302 statim
711 1240 817 1303 tellure
837 1252 913 1303 taeta
933 1244 1101 1320 moriuntur,

101 1327 249 1406 multoque
264 1329 347 1387 ocius
372 1327 467 1387 listula
482 1327 591 1388 clausa.
619 1327 718 1404 linqua
732 1334 777 1386 est
792 1326 836 1387 bis
854 1330 953 1387 eontra
969 1336 1096 1389 naturam
1108 1337 1144 1393 23
1236 1402 1241 1409 ἱ

100 1412 266 1489 aquatilium
280 1410 410 1486 mobilis,
426 1411 524 1471 breuis
541 1420 627 1488 atque
649 1412 723 1485 lata,
744 1410 812 1471 baut
835 1410 973 1471 differens
988 1410 1100 1471 suillae.

67 1510 155 1573 repro
167 1512 243 1555 voce
257 1497 381 1572 gemitus
395 1495 518 1555 burnano
535 1496 646 1569 similis,
662 1496 779 1555 dorsum
794 1494 961 1573 repandum,
978 1502 1103 1555 rostrum

101 1582 211 1641 simum.
229 1598 284 1657 qua
298 1580 335 1641 (le
351 1597 440 1639 eausa
456 1596 560 1639 nomen
575 1580 693 1639 simonis
709 1596 809 1639 ornnes
823 1580 895 1663 miro
911 1579 998 1640 ruodo
1013 1596 1100 1657 agno·

100 1672 184 1723 scunt
197 1666 362 1743 maluntque
377 1666 416 1723 ita
431 1664 585 1743 appellari.

162 1743 226 1827 ¹(8.)
255 1748 418 1827 Delphinus
441 1766 499 1808 ιιοιι
513 1748 740 1809 bonrinitautum
763 1750 882 1809 amicum
904 1746 1024 1823 animal,
1050 1756 1145 1815 vett

100 1849 162 1891 rum
177 1841 207 1891 et
225 1834 352 1893 musicae
370 1834 441 1908 arti,
460 1833 604 1893 mulcetur
622 1832 813 1911 symphoniae
825 1840 919 1893 ¹cautu
945 1842 974 1891 et
989 1833 1101 1909 praeei-

63 1915 306 1993 ²⁰pue1bydrauli
319 1934 403 1976 sono.
435 1917 577 1977 bominem
592 1934 650 1977 non
673 1918 844 1996 expavescit
858 1927 889 1975 ut
900 1916 1032 1989 alienum,
1050 1914 1101 1975 ob·

100 2001 175 2059 viam
187 2001 309 2076 navigiis
322 2001 411 2072 venit,
424 2001 534 2061 adludit
549 2001 707 2074 exsultans,
720 2008 813 2060 certat
832 2001 916 2059 etiam
929 2008 957 2058 et
973 2000 1101 2077 quamvis
1202 2009 1210 2017 ·

99 2083 187 2161 plena
199 2084 339 2161 praeterit
349 2084 427 2142 vela.
457 2084 533 2143 Divo
547 2084 679 2160 Augusto
693 2084 825 2161 principe
840 2082 990 2143 Lucrinum
1006 2083 1099 2143 lacum
1109 2091 1145 2147 ιδ

98 2169 232 2227 invectus
247 2168 385 2244 pauperis
400 2168 547 2226 cuiusdam
558 2184 679 2245 puerum
690 2184 728 2225 ex
742 2165 850 2225 baiano
862 2166 999 2226 Puteolos
1015 2168 1043 2225 in
1059 2167 1100 2227 lu·

99 2253 165 2312 dum
181 2251 338 2310 literarium
359 2252 493 2326 itantem,
515 2268 579 2311 cunr
594 2250 752 2310 meridiano
768 2252 912 2309 inmorans
924 2250 1101 2329 appellatum

59 2350 88 2392 ae
99 2351 166 2396 eum
188 2335 307 2393 aimonis
330 2335 445 2395 nornine
468 2337 585 2414 saepius
600 2336 770 2411 fragmentis
792 2335 874 2413 panis
890 2350 976 2413 quem
992 2333 1030 2392 ob
1046 2335 1102 2393 iter

98 2417 216 2480 ferebat
229 2418 401 2494 allexisset,
419 2420 492 2479 rniro
507 2419 606 2479 arbore
621 2414 732 2479 dilexit.
749 2452 792 2463 -
806 2420 922 2497 pigeret
937 2418 1062 2492 referre,
1073 2418 1101 2477 ui

97 2521 148 2563 res
171 2501 350 2563 Maecenatis
372 2514 404 2563 et
417 2503 535 2564 Fabiani
554 2510 584 2563 et
610 2502 692 2563 Flavi
716 2502 776 2563 Alb
794 2504 1005 2581 multorumque
1022 2510 1102 2561 esset

96 2587 203 2647 litteris
214 2587 1100 2666 mandata,-quocurnqueulieitemporeinclamatusapuero

96 2673 229 2748 quamuis
243 2672 378 2733 occultus
396 2682 483 2751 atque
501 2671 613 2732 absitus
631 2691 669 2731 ex
689 2673 746 2731 iuro
768 2670 925 2732 advolabat
942 2680 1101 2749 pastusque

55 2768 85 2809 ao
97 2773 117 2813 e
132 2770 216 2813 manu
240 2756 402 2833 praebebat
416 2756 594 2817 adscensuro
610 2756 744 2830 domurn,
763 2757 868 2835 pinnae
883 2753 1004 2813 aculeos
1021 2754 1101 2814 velut

93 2840 202 2915 vagina
217 2841 357 2913 condens,
371 2850 582 2918 receptumque
605 2839 744 2899 Puteolos
766 2857 820 2916 per
839 2854 972 2937 magnum
991 2852 1102 2914 aequor
1190 2836 1196 2851 '

93 2924 125 2982 in
141 2922 238 2983 ludum
249 2924 363 2984 lerebat
383 2923 468 2983 simili
483 2924 569 2983 modo
587 2924 733 2982 revebens
751 2921 882 2999 pluribus
897 2922 988 2994 annis,
1007 2920 1101 2981 donee

94 3006 202 3067 morbo
217 3010 361 3067 exstincto
373 3023 466 3085 puero
479 3006 603 3067 subinde
617 3006 654 3065 ad
667 3012 835 3065 consuetum
847 3004 942 3065 locum
956 2998 1101 3063 ventitans

92 3092 188 3151 tristis
201 3100 232 3151 et
245 3092 384 3151 maerenti
398 3091 523 3151 similia
513 3108 580 3169 rpse
597 3104 726 3167 quoque,
749 3089 826 3166 quod
842 3104 927 3148 nemo
945 3087 1099 3161 dubitaret,

54 3174 244 3245 aedesiderio
267 3175 436 3252 exspiravit.
466 3174 551 3233 Alius
571 3174 646 3233 lutra
666 3174 720 3233 bos
736 3188 826 3233 annos
842 3175 870 3232 in
889 3172 991 3232 Africo
1011 3172 1142 3235 litorett

12 3282 13 3288 ¹
91 3257 239 3336 Hipponis
264 3258 391 3332 Diarryti
425 3258 510 3317 simili
536 3258 623 3317 rnotlo
645 3276 684 3316 ex
706 3256 849 3317 bominum
870 3274 953 3317 manu
973 3272 1100 3317 vescens

90 3342 300 3422 praebensque
323 3358 357 3401 se
371 3342 550 3403 ιιιιιιιιιιιι
575 3351 606 3400 et
627 3342 768 3401 alludens
789 3340 922 3403 nantibus
942 3341 1100 3417 inpositos·

92 3443 154 3506 que
170 3436 289 3504 portam
311 3434 458 3503 unguento
473 3434 631 3504 perunctus
646 3443 663 3485 a
678 3424 816 3487 Flauiano
827 3424 1005 3507 proconsule
1023 3423 1099 3484 Airi-
