2542 3842
333 186 415 235 uxr.
431 153 522 234 ursrss
540 186 576 234 11.
594 174 719 237 15—16.
736 176 887 255 (ru—13.)
974 200 978 204 ’
1095 182 1134 241 77

137 359 250 403 conexa
270 341 445 403 latitudinum
472 341 603 417 signiferi
626 340 859 422 obliquitatisque
885 361 971 404 causa
997 353 1051 404 est.
1078 345 1134 407 Per

134 426 212 486 hunc
239 424 342 485 stellae
365 444 436 503 quas
458 425 578 485 diximus
599 425 744 500 leruutur,
767 444 822 485 nec
843 426 918 489 aliud
939 428 1081 491 habitatur
1104 433 1171 523 ἰιιξζ

135 512 223 571 terris
240 527 323 587 quam
341 509 418 588 quod
434 509 475 568 illi
491 508 632 585 subiacet,
649 508 761 587 reliqua
776 527 793 568 u
806 510 887 588 polis.
898 512 1039 589 squalent.
1073 514 1130 574 Ve-

136 595 216 653 neris
230 601 337 653 tautum
358 593 444 654 stella
464 592 579 653 excedit
603 611 667 652 eum
684 592 758 652 binis
775 593 921 671 partibus,
948 614 1021 673 quae
1046 616 1133 660 causa

116 677 314 754 sintellegitur
332 677 451 737 ellicere
466 686 497 735 ut
512 677 651 755 quaedum
668 676 798 737 animalia
815 686 844 737 et
859 679 886 736 in
902 677 1024 739 desertis
1038 683 1133 743 mundi

136 770 299 821 nascantur.
329 759 406 821 Luna
425 778 540 840 quoque
557 778 611 840 per
629 769 717 821 totam
732 761 908 845 latitudinem
924 763 985 821 eius
1002 776 1131 842 vagatur,

137 846 190 906 sed
207 846 321 905 omnino
338 862 395 904 non
411 845 558 905 excedens
574 862 647 905 eam.
682 845 728 904 Ab
746 845 791 904 his
806 844 933 906 blercuri
947 846 1031 906 stella
1047 848 1132 909 laxis-

137 932 220 1005 sime,
236 937 267 987 ut
280 939 375 989 tamen
390 947 406 987 e
423 929 562 989 duodenis
580 929 709 1007 partibus
727 930 786 1008 (tot
801 932 875 990 euim
886 938 951 990 sunt
961 930 1132 1011 latitudinis)

137 1022 195 1072 no'n
209 1012 329 1091 amplius
344 1023 464 1072 octonas
476 1022 619 1092 pererret,
637 1032 733 1093 neque
745 1014 796 1073 has
811 1014 981 1094 aequaliter,
998 1017 1051 1076 sed
1062 1018 1132 1077 duas

102 1099 232 1163 remedio
249 1098 310 1157 eius
331 1106 359 1157 et
377 1114 464 1175 supra
483 1104 615 1174 quattuor
633 1098 708 1157 infra
727 1098 807 1158 duas.
838 1098 891 1158 Sol
908 1099 1012 1159 deiude
1037 1102 1132 1161 medio
1140 1109 1174 1165 dl

138 1183 231 1243 lertur
246 1182 320 1241 inter
335 1181 405 1241 duas
423 1182 513 1259 partis
529 1178 662 1241 llexuoso
684 1182 840 1241 draconum
853 1191 947 1242 meatu
962 1184 1131 1263 inaequalis,
1205 1232 1209 1235 .

137 1264 238 1327 Martis
253 1264 337 1326 stella
356 1272 490 1344 quattuor
507 1263 618 1340 mediis,
636 1264 714 1323 lovis
727 1265 820 1325 media
838 1275 867 1325 et
883 1284 972 1344 super
986 1285 1049 1327 earn
1065 1268 1132 1329 dua-

137 1350 209 1427 bus,
234 1350 347 1411 Saturni
368 1348 477 1411 duabus
495 1356 526 1405 ut
547 1348 601 1408 sol.
632 1348 713 1409 llaec
737 1350 791 1408 erit
812 1350 986 1410 latitudinum
1007 1352 1081 1411 ratio
1097 1354 1133 1413 ad

138 1444 263 1496 austrum
285 1434 518 1494 descendentium
545 1440 594 1491 aut
616 1433 652 1493 ad
673 1433 836 1512 aquilonem
859 1434 1048 1496 subeuntium.
1077 1436 1132 1499 bac

103 1526 272 1579 usconstare
294 1528 322 1579 et
343 1520 454 1581 tertiam
476 1518 555 1577 illam
577 1534 593 1578 a
613 1525 692 1583 terra
709 1518 888 1578 subeuntium
903 1520 931 1578 in
953 1521 1080 1598 caelum,
1103 1532 1133 1582 et

136 1604 246 1683 pariter
262 1602 362 1663 scandi
378 1620 440 1663 eam
461 1620 577 1681 quoque
596 1604 806 1663 existumavere
821 1604 954 1683 plerique
970 1604 1054 1664 falso.
1084 1607 1131 1685 qui

136 1697 167 1747 ut
181 1696 385 1765 coarguantur,
401 1686 558 1765 aperienda
575 1695 619 1746 est
634 1687 914 1764 subtilitasinmeosa
929 1697 958 1748 et
978 1690 1068 1749 omnis
1081 1708 1131 1750 eas

138 1771 281 1849 conplexa
298 1788 410 1831 causas.
438 1768 579 1831 Convenit
594 1770 695 1831 stellas
709 1772 738 1829 in
756 1789 863 1831 occasu
877 1776 1044 1852 vespertino
1065 1784 1173 1852 pro-68

137 1874 237 1915 xumas
253 1871 320 1914 esse
333 1848 428 1915 terrae
442 1864 470 1921 et
486 1854 632 1916 altitudine
649 1864 679 1915 ct
693 1855 860 1931 latitudine,
879 1866 1057 1936 exortusque
1072 1875 1129 1917 ma·
1152 1869 1155 1875 '

101 1961 129 2002 ro
137 1940 242 1999 tutinus
257 1940 285 1998 in
299 1939 378 1998 initio
395 1940 533 2018 cuiusque
548 1939 621 2015 lieri,
637 1941 777 2002 stationes
791 1942 820 1999 iu
835 1942 938 2002 mediis
955 1941 1130 2002 latitudinum

138 2023 283 2099 articulis,
302 2040 376 2102 quae
392 2032 497 2083 vocant
514 2023 659 2102 ecliptica.
689 2023 811 2084 Perinde
828 2026 994 2084 confessum
1010 2035 1055 2085 est
1066 2042 1130 2100 'mo-

138 2116 198 2165 tum
219 2109 317 2182 augeri
339 2108 471 2185 quamdiu
490 2108 519 2166 in
534 2101 628 2165 ¹vicino
646 2108 701 2165 siut
715 2117 828 2181 terrac,
852 2126 916 2165 cum
932 2108 1089 2165 abscedant
1103 2111 1131 2167 in

140 2189 329 2267 altitudinem,
351 2192 446 2249 minui.
480 2207 553 2267 quac
569 2190 642 2247 ratio
664 2187 748 2246 lunae
764 2206 894 2246 maxume
912 2188 1131 2248 sublimitatibus

140 2272 324 2352 adprobatur.
356 2274 460 2353 deque
484 2290 543 2331 non
567 2280 612 2330 est
632 2269 747 2330 dubium
768 2272 796 2329 in
818 2268 966 2329 exortibus
989 2272 1130 2329 matutinis

102 2360 291 2421 asetiamnum
313 2361 411 2437 augeri
433 2358 519 2436 alque
542 2375 558 2417 a
578 2354 747 2415 stationibus
766 2355 863 2435 primis
888 2354 939 2414 tris
964 2355 1131 2433 superiores

139 2442 254 2502 diminui
269 2461 359 2521 usque
376 2443 412 2503 ad
428 2444 566 2503 stationes
582 2440 734 2501 secundas.
757 2440 843 2514 v(luae
860 2458 923 2501 curn
940 2440 978 2499 ita
994 2440 1060 2516 sint,
1075 2453 1173 2509 ιιι-69

74 2567 85 2577 κ
138 2527 273 2586 nifastum
291 2528 346 2586 erit
361 2527 396 2586 ab
417 2536 520 2587 exortu
535 2528 671 2587 matutino
687 2526 849 2586 latitudines
865 2525 981 2599 scandi,
999 2527 1131 2603 quoniam

139 2612 168 2669 in
185 2627 221 2669 eo
238 2613 357 2689 primum
372 2610 469 2672 habitu
484 2613 599 2689 incipiat
613 2611 729 2689 parcius
744 2610 817 2671 adici
831 2620 941 2684 motus,
957 2611 986 2667 in
1004 2611 1130 2669 stationi·

139 2694 193 2754 bus
210 2712 282 2754 vero
298 2698 395 2774 primis
414 2705 443 2755 et
458 2695 640 2756 altitudinem.
649 2693 763 2770 subire,
792 2696 925 2771 quoniam
938 2701 995 2751 tum
1010 2694 1131 2768 primum

104 2780 277 2858 soincipiaut
292 2780 403 2840 detrahi
418 2781 526 2839 numeri
545 2778 706 2856 stellaeque
724 2780 857 2838 retroire.
887 2776 967 2834 cuius
990 2775 1034 2833 rei
1057 2777 1130 2835 ratio

140 2864 271 2940 privatim
292 2862 440 2923 reddenda
463 2873 515 2923 est.
546 2863 706 2922 Percussae
725 2863 755 2921 in
776 2879 830 2939 qua
856 2860 977 2919 diximus
998 2866 1080 2936 parte
1102 2869 1132 2919 et

141 2947 283 3024 triangulo
296 2947 367 3007 solis
378 2947 458 3006 radio
471 2946 632 3005 inhibentur
644 2954 753 3005 rectum
763 2956 853 3021 agere
866 2960 989 3017 cursum,
1006 2950 1035 3001 et
1046 2942 1130 3019 ignea

139 3032 168 3088 ri
184 3031 315 3091 levantur
328 3033 356 3091 in
373 3030 503 3089 sublime.
525 3030 589 3089 Hoc
603 3046 660 3088 non
675 3030 804 3106 protinus
819 3025 1058 3105 intellegipotest
1068 3029 1173 3087 visulo

139 3123 257 3191 nostro,
276 3115 401 3194 ideoque
412 3110 621 3173 'existumentur
640 3121 733 3187 stare,
760 3110 835 3170 uude
853 3118 883 3171 et
897 3129 1001 3172 nomen
1018 3112 1132 3190 accepit

103 3214 130 3255 ss
140 3200 237 3257 statio.
264 3197 452 3277 Progreditur
466 3198 570 3258 deinde
585 3197 712 3258 eiusdem
727 3195 788 3255 radi
802 3195 949 3272 violentia,
966 3205 995 3255 et
1008 3195 1131 3255 retroire

139 3283 221 3357 cogit
234 3280 539 3360 vapor‘repercussas.
564 3258 652 3341 blulto
670 3281 698 3340 id
712 3281 803 3356 magis
818 3282 845 3340 in
855 3282 1023 3359 vespertino
1036 3296 1132 3338 earum
1204 3281 1206 3286 '

139 3375 255 3442 exortu,
270 3374 333 3427 toto
346 3367 411 3426 sole
425 3365 547 3425 adverso
561 3384 623 3426 curn
635 3366 664 3423 iu
676 3381 797 3425 summas
809 3364 924 3443 apsidas
938 3361 1131 3440 expelluntur,

137 3450 338 3529 minumaeque
356 3459 520 3527 cernuntur,
537 3450 669 3530 quoniam
686 3449 822 3510 altissime
837 3446 950 3519 absunt,
967 3455 996 3504 et
1010 3446 1131 3503 minume
