2542 3842
163 177 234 238 *236
520 185 821 233 oemmsucuum

129 351 220 406 ittae
236 349 393 420 quaternae
409 340 587 400 coalescunt.
620 341 715 400 multis
738 337 923 418 candidisque
944 338 1051 416 lignum
1073 337 1142 397 boc
1172 357 1192 398 a

172 424 305 485 carnibus
321 423 492 484 discernitur
507 426 621 500 tunicis,
634 425 698 484 aliis
710 422 827 502 corpori
841 420 1076 497 adhaerentibus,
1092 421 1189 480 laxe-

173 525 230 587 que
249 504 358 568 distans
378 515 484 567 tautum
511 510 665 567 cacuminis
687 508 735 567 tilo
762 506 909 566 adhaeret.
954 522 1022 564 caro
1046 515 1187 564 mature-

172 593 227 652 scit
248 607 330 651 anno.
366 592 533 670 quibusdam
554 601 649 652 tamen
670 594 698 649 tn
721 591 810 666 locis,
832 598 863 648 ut
884 592 912 648 in
927 585 1042 666 Cypro,
1073 606 1186 666 quam·

173 673 307 755 quemad
324 677 513 734 muturitatem
527 693 583 735 non
600 677 766 754 pervoniat,
781 682 863 752 grato
881 691 987 751 sapore
1003 671 1099 732 dulcis
1120 681 1209 737 ests

170 759 270 819 folium
287 759 326 818 ibi
341 759 443 846 lfflus,
466 759 575 818 fructus
591 773 675 837 quam
687 759 807 836 reliquis
822 757 988 831 rotundior,
1004 775 1061 815 neo
1074 766 1109 815 ut
1126 758 1182 817 de-

172 851 290 902 voretur
310 859 432 920 corpus,
458 859 555 901 verum
582 853 612 902 ut
632 851 788 920 exspuatur
809 858 879 900 suco
901 840 987 899 modo
1012 858 1179 918 expresso.

129 935 203 990 ittet
222 927 250 984 iu
266 927 372 985 Arabia
392 926 525 1002 languide
546 926 647 985 dulces
669 925 816 985 traduntur
834 943 900 984 esse
917 924 1047 1001 palmae,
1071 941 1180 1002 quam·

172 1023 255 1090 quarn
271 1009 340 1069 luba
353 1009 427 1087 apud
442 1011 573 1089 Scenitas
588 1008 702 1069 Arabas
718 1009 848 1087 praefert
862 1007 992 1066 omnibus
1013 1009 1180 1085 saporibus

171 1109 254 1173 qnam
268 1101 373 1153 vocant
387 1083 500 1152 dablan.
533 1103 632 1152 cetero
649 1095 711 1152 sine
725 1092 851 1152 maribus
870 1109 928 1150 non
948 1091 1070 1168 gignere
1088 1093 1177 1151 femi·
1190 1115 1210 1153 o

171 1195 223 1236 nus
239 1185 342 1255 sponte
358 1176 435 1236 edito
449 1193 567 1236 nemore
584 1178 766 1250 confirmant,
784 1177 918 1253 circaque
935 1175 1063 1250 singulos
1078 1175 1177 1254 pluris

129 1270 163 1324 35
175 1270 275 1320 nutare
291 1262 318 1318 in
331 1277 395 1318 eum
409 1276 515 1338 pronas
528 1260 724 1320 blandioribus
740 1260 840 1318 comis.
867 1257 945 1316 illum
961 1260 1069 1316 erectis
1081 1257 1176 1338 bispi-

174 1345 238 1404 dum
254 1344 357 1404 addatu
373 1345 495 1421 visuque
512 1346 575 1422 ipso
596 1353 623 1402 et
640 1344 761 1422 pulvere
775 1345 861 1402 etiam
877 1343 1004 1419 reliquos
1018 1342 1176 1418 maritare,

172 1429 253 1488 buius
269 1427 373 1486 arbore
392 1430 491 1487 excisa
505 1428 620 1486 viduvio
637 1437 704 1506 post
717 1428 903 1485 sterilescere
919 1425 1048 1484 deminus.
1081 1426 1175 1486 adeo·

172 1529 228 1590 que
243 1519 287 1570 est
302 1513 418 1570 veneris
436 1511 600 1570 intellectus
615 1520 646 1570 ut
662 1513 753 1569 coitus
772 1511 858 1570 etiam
877 1508 1059 1585 excogitatus
1076 1512 1119 1568 sit
1136 1512 1173 1570 ab
1184 1530 1204 1569 rs

170 1596 283 1654 lromlne
306 1603 322 1653 c
344 1595 469 1654 maribus
495 1593 567 1652 llore
589 1610 623 1654 ao
645 1595 796 1671 lanugine,
812 1593 941 1652 iuterim
962 1610 1034 1651 vero
1060 1603 1175 1654 tantum

173 1679 293 1756 pulvere
309 1677 441 1755 insperso
457 1677 579 1736 leminis.

127 1771 161 1824 36
238 1759 288 1837 (8)
314 1760 453 1818 Secuntur
476 1769 570 1819 autern
592 1761 705 1839 palmae
731 1769 761 1819 et
783 1769 883 1820 trunco
905 1760 989 1820 duum
1006 1757 1171 1820 cubitorum

74 1845 83 1856 '
170 1841 362 1918 longitudine,
386 1859 401 1902 a
417 1842 540 1902 cerebro
560 1846 624 1922 ipso
638 1840 751 1903 arboris
770 1843 880 1903 lissuris
899 1843 991 1903 diviso
1013 1851 1103 1920 atque
1116 1844 1166 1904 de-

168 1926 261 1985 fosso.
293 1935 322 1985 et
337 1927 372 1985 ab
387 1928 485 1987 radice
501 1928 618 1987 avolsae
638 1928 740 1987 uitalis
754 1936 799 1986 est
820 1936 899 1987 satos
918 1936 947 1986 et
964 1944 1109 1986 ramorum
1125 1937 1202 1988 teuc

170 2011 312 2070 nerrimis.
343 2012 372 2070 in
387 2010 506 2086 Assyria
524 2013 588 2089 ipsa
601 2028 717 2090 quoque
736 2012 823 2070 arbor
839 2020 926 2070 stratu
945 2011 974 2068 in
988 2010 1054 2069 solo
1069 2013 1169 2082 umido

127 2099 161 2156 at
173 2101 232 2153 totu
248 2093 406 2170 radicatur,
432 2094 483 2156 sed
503 2097 531 2153 in
546 2096 682 2172 trutioes,
708 2113 765 2154 non
780 2097 808 2153 in
820 2094 963 2154 arborem.
996 2111 1068 2170 crgo
1083 2095 1169 2172 plan-

169 2179 239 2237 taria
264 2177 411 2238 instituunt
443 2179 647 2258 anniculasque
674 2179 849 2238 transferunt
874 2188 903 2236 et
933 2179 1037 2236 iterum
1061 2177 1167 2238 blinas.

169 2259 297 2338 gaudent
310 2264 384 2320 enim
403 2263 557 2322 mutetlone
573 2263 671 2338 sedis,
687 2279 776 2320 verna
790 2261 875 2336 alibi,
891 2262 920 2319 in
935 2261 1054 2335 Assyria
1070 2271 1164 2321 autem

169 2345 246 2404 circa
261 2346 339 2403 oanis
355 2353 444 2403 ortus.
471 2359 526 2402 uec
541 2345 620 2405 terro
641 2348 781 2422 attingunt
801 2345 841 2404 lbi
855 2345 1003 2419 novellas,
1025 2345 1078 2404 sed
1096 2346 1198 2404 reli-us

140 2481 143 2488 r
170 2437 239 2504 gant
252 2443 349 2486 comas
364 2429 433 2485 utin
448 2425 623 2488 altitudinem
640 2427 916 2488 exeant.1robustas
932 2427 1069 2505 deputant
1085 2447 1167 2488 cras-

172 2511 300 2570 situdinis
319 2511 427 2585 grutia,
450 2511 636 2588 semipedalis
652 2529 795 2571 rumorum
814 2519 932 2570 truncos
953 2511 1163 2589 relinquentes,

126 2589 160 2643 38
172 2595 219 2670 qui
234 2592 325 2651 decisi
336 2591 404 2652 alibi
419 2603 523 2654 necant
537 2604 665 2654 matrem.
691 2595 820 2654 Diximus
834 2589 941 2654 salsuin
957 2594 994 2653 ub
1007 2596 1051 2654 bis
1065 2594 1167 2654 solum

134 2663 157 2696 ²⁸
170 2677 258 2750 diligi.
292 2685 383 2752 ergo,
403 2677 451 2736 ubi
465 2691 521 2736 non
537 2686 582 2736 est
598 2674 673 2753 tale,
695 2679 786 2738 salem
804 2677 997 2755 adspergunt,
1017 2695 1073 2737 non
1086 2677 1168 2738 radi·

168 2757 265 2833 cibus,
278 2761 331 2818 sed
346 2760 460 2836 longius
475 2760 571 2839 paulo.
596 2761 744 2834 Quaedam
757 2763 787 2820 in
801 2763 885 2836 Syria
898 2763 966 2820 etin
981 2761 1120 2841 Aegypto
1138 2763 1169 2822 in
1179 2777 1201 2820 uo

167 2840 250 2899 binos
262 2861 295 2900 se
307 2843 433 2902 dividunt
446 2852 583 2917 truncos,
601 2842 728 2904 increta
743 2853 773 2904 et
788 2848 817 2905 ln
832 2854 946 2920 ternos,
963 2845 1169 2924 quaedamque

169 2932 197 2982 et
216 2925 244 2983 in
268 2928 380 3003 quinos.
414 2927 553 3004 quaedam
574 2925 669 2986 icrunt
689 2931 784 2988 statim
806 2931 835 2988 in
855 2930 978 2988 trimatu.
1016 2929 1046 2984 in
1063 2927 1168 3007 Cypro

166 3023 251 3084 vero,
275 3009 374 3085 Syria,
394 3009 550 3088 Aegypto,
568 3011 750 3088 quadrimue,
771 3013 846 3072 aliae
861 3013 1078 3089 quinquennes,
1101 3013 1168 3072 elti-

166 3091 263 3151 tudine
279 3084 411 3168 bominis,
427 3090 506 3152 nullo
516 3095 591 3152 intus
606 3097 684 3171 pomi
698 3093 776 3172 ligno
787 3095 919 3174 quamdiu
935 3101 999 3152 sunt
1012 3095 1167 3173 novellae,

168 3173 205 3233 ob
223 3175 252 3234 id
268 3173 425 3252 spadonum
437 3185 562 3253 accepto
577 3179 701 3236 nomine.
1178 3199 1203 3240 ss

124 3263 160 3316 39
233 3258 285 3334 (9)
316 3255 429 3338 (ienera
452 3273 550 3317 earum
570 3260 667 3319 multa.
699 3258 853 3320 sterilibus
875 3261 911 3318 ad
932 3261 1070 3318 materias
1092 3278 1167 3339 ope·

167 3355 285 3416 rumque
310 3338 430 3398 lautiora
453 3341 538 3398 utitur
554 3339 674 3414 Assyria
689 3351 719 3400 et
738 3347 799 3402 tota
814 3343 920 3402 Persis.
957 3351 1022 3400 suut
1044 3349 1078 3401 et
1096 3359 1168 3404 cae-

168 3419 240 3480 duae
255 3421 412 3497 palmarum
427 3439 542 3497 quoque
561 3421 668 3496 siluae,
690 3439 788 3482 mrsus
803 3427 994 3501 gemnincntes
1011 3423 1047 3484 ab
1062 3427 1169 3490 radice
