2542 3842
300 157 381 204 unr.
400 156 491 203 ausu.
507 157 581 203 vum.
600 152 720 207 stt—so.
741 144 896 225 (ta-to.)
1061 148 1103 213 79

103 310 165 373 dem
181 310 250 371 Asia
269 312 377 371 invenit
392 310 506 371 Attalus
522 328 587 383 rex,
604 311 679 369 unde
694 329 799 373 nomeu
814 312 958 373 Attalicis.
984 315 1101 377 colores

103 394 233 472 diversos
249 396 384 473 ,picturae
411 396 543 454 intexere
566 392 698 470 Babylon
723 414 857 455 maxume
885 396 1044 459 celebravit
1073 408 1102 461 et

101 497 203 539 nomen
222 481 357 559 inposuit.
390 480 530 579 plurumis
553 498 623 539 vero
647 479 721 539 liciis
745 489 846 541 texere
870 498 943 559 quae
963 483 1101 559 polymita

102 564 248 642 appellant
263 562 440 624 Alexandria
455 565 592 638 instituit,
617 563 736 623 scutulis
760 564 890 625 dividere
908 564 1008 625 Gallia
1040 566 1098 627 llle·

82 643 189 709 ttellus
214 649 313 746 Scipio
340 648 506 709 tricliniaria
526 609 702 722 babilonico
730 649 895 709 sestertium
927 652 1100 729 octingentis

100 732 212 791 milibus
234 734 350 793 uenisse
373 734 428 793 iam
448 742 515 792 tunc
539 733 620 809 ponit
635 734 664 790 ιἰι
681 728 799 793 Catonis
820 732 1000 811 criminibus,
1025 754 1100 812 quae

99 814 207 875 Neroni
229 817 351 896 principi
378 816 570 895 quadragiens
585 817 722 875 sestertio
739 835 832 895 nuper
847 826 966 877 stetere.
998 818 1081 879 Servi
1091 828 1142 885 197

100 898 175 961 Tulli
192 910 375 978 praetextae,
393 900 535 979 quibus
512 919 623 977 signum
639 898 783 961 Fortunae
800 899 835 960 ab
847 918 884 961 eo
896 900 1008 961 dicatae
1028 922 1097 963 eoo·

102 993 213 1063 pertum
230 994 301 1061 erat,
313 984 454 1046 duravere
472 984 507 1045 ad
517 985 613 1045 Seram
623 986 747 1083 exitum,
763 985 922 1083 mirumque
935 984 986 1044 iuit
1004 1006 1099 1067 neque

66 1067 256 1129 1odelluxisse
279 1087 328 1129 eas
352 1088 447 1147 neque
466 1068 645 1129 teredinum
638 1070 754 1129 miurias
770 1070 900 1129 sensisse
921 1072 1000 1129 annis
1016 1084 1098 1133 DLX.

98 1151 253 1212 Vidimus
245 1172 300 1214 ram
317 1162 345 1213 et
361 1153 515 1213 viventium
529 1152 641 1211 vellera
657 1171 793 1231 purpura,
811 1171 914 1252 cocco,
932 1152 1098 1230 conchylio,

94 1230 352 1336 sesquipedalibus
369 1238 452 1298 libris
463 1238 581 1313 infecta,
593 1235 710 1297 velut'
687 1255 729 1295 suc
746 1238 826 1298 nasci
839 1247 964 1315 cogente
976 1237 1097 1297 luxuria.

32 1332 36 1336 ’
160 1322 227 1400 (75
231 1323 246 1400 )
270 1320 325 1379 lu
316 1340 381 1399 rpsa
397 1340 452 1381 oue
465 1323 534 1381 satis
546 1322 753 1398 generositatis
765 1320 924 1403 ostenditur
940 1320 1141 1387 brevitareraa

97 1424 223 1482 crurum,
239 1407 348 1465 ventris
363 1406 477 1465 vestitu
509 1404 612 1482 quibus
630 1404 721 1465 nudus
739 1412 819 1465 esset
841 1396 940 1485 apicas
956 1404 1099 1468 vocabant

64 1502 85 1541 1
73 1490 337 1567 damnabantque
370 1490 472 1568 Syriae
495 1488 636 1549 cubitales
661 1489 756 1572 ouium
779 1489 903 1563 caudae,
927 1488 1097 1587 plurumum·

96 1593 153 1654 que
176 1577 205 1634 in
222 1591 256 1634 ea
281 1583 363 1651 parte
387 1574 482 1635 lanici.
521 1566 669 1633 Castrari
670 1590 761 1651 agnos
788 1574 840 1632 nisi
858 1574 1099 1653 quinquemestris

94 1668 309 1736 praematurum
325 1659 521 1720 existumatur.

159 1742 211 1805 49.
236 1740 313 1803 list
304 1761 333 1803 ιιι
349 1740 497 1821 Hispania,
512 1740 564 1801 sed
581 1759 711 1802 maxume
731 1738 862 1815 Corsica,
880 1758 937 1801 non
952 1760 1082 1803 maxume
1090 1750 1141 1806 199

93 1818 228 1888 absimile
253 1827 363 1925 pecori
377 1845 470 1905 genus
487 1843 663 1887 musmonum
682 1827 800 1905 caprino
820 1826 890 1885 villo
908 1844 991 1903 quam
1007 1844 1097 1907 peco

58 1913 133 1971 roris
149 1910 258 1970 velleri
279 1905 415 1989 propius,
437 1928 558 1991 quorum
579 1930 595 1969 e
616 1928 728 1987 genere
745 1920 773 1971 ct
795 1909 896 1971 ovibus
911 1920 995 1969 natos
1009 1912 1098 1988 prisci

91 1994 222 2055 Umbros
238 2004 387 2054 vocarunt
419 1991 640 2053 infirmissimum
661 1995 763 2072 pecori
786 2002 889 2071 caput,
914 1993 1098 2071 quamobrem

90 2097 231 2141 aversum
258 2096 274 2135 a
297 2078 360 2137 sole
381 2079 462 2155 pasci
484 2077 654 2153 cogendum.
688 2095 771 2155 quam
803 2077 971 2136 stultissima
993 2078 1097 2137 anima·

91 2165 163 2225 lium
191 2162 297 2220 lanata
332 2179 387 2240 qua
412 2162 532 2219 timuere
553 2160 682 2259 ingredi,
705 2178 789 2219 unum
812 2178 901 2219 cornu
924 2168 1035 2236 raptum
1051 2179 1095 2220 se·

91 2256 232 2327 quontur
263 2245 319 2306 uita
341 2244 509 2343 lopgissima
530 2247 594 2304 auni
611 2258 662 2319 x,
675 2244 703 2303 in
717 2242 872 2327 Aetbpopia
894 2256 971 2303 x111
1002 2246 1097 2322 capris

54 2344 80 2385 15
92 2330 204 2393 eodem
220 2327 288 2388 loco
304 2343 353 2403 xa,
370 2330 399 2387 in
413 2327 527 2407 reliquo
545 2323 616 2387 orbe
640 2328 799 2405 plurumum
818 2328 923 2388 octoni
948 2335 1097 2406 utrumque

87 2433 190 2495 genus
206 2414 278 2472 intra
294 2422 423 2493 quartum
441 2414 547 2476 coitum
561 2410 696 2491 inpletur.

159 2498 212 2558 50.
230 2497 312 2578 (76.)
337 2495 449 2577 Caprae
464 2499 577 2575 pariunt
596 2506 625 2557 et
640 2506 807 2575 quaternos,
830 2497 884 2557 sed
900 2514 966 2557 raro
983 2494 1079 2556 admo·
1088 2504 1141 2559 200

88 2586 169 2646 dum.
200 2580 435 2663 feruntquiuque
458 2581 614 2659 mensibus,
635 2591 664 2641 ut
682 2598 763 2641 oves.
798 2582 877 2659 capri
901 2580 1096 2677 pipguitudiue

86 2667 291 2735 sterilescunt.
309 2677 374 2727 ante
390 2669 489 2727 trimos
505 2668 595 2727 miuus
616 2665 724 2726 utiliter
738 2673 879 2743 generant
895 2673 923 2723 et
934 2664 962 2724 iu
979 2673 1098 2725 senecta

51 2770 77 2811 ao
87 2753 170 2813 ultra
187 2751 413 2849 quadrienpium.
443 2751 581 2829 incipiunt
601 2760 735 2829 septumo
758 2766 859 2808 mense
875 2746 968 2807 adbuc
989 2746 1101 2809 lacten:

86 2849 148 2899 tes.
182 2834 339 2895 mutilum
331 2854 359 2895 ιιι
380 2843 503 2913 utroque
525 2848 598 2893 sexu
614 2833 720 2893 utilius.
756 2834 863 2911 primns
884 2830 973 2891 indie
1006 2832 1097 2891 coitus

86 2940 150 2982 non
169 2919 273 2997 iuplct,
290 2938 417 2996 sequens
433 2918 584 2979 efficacior
604 2936 639 2976 ac
656 2916 769 2977 deinde
794 2916 958 2994 concipiunt
972 2910 1097 2976 Novem·

85 3006 135 3067 bri
153 3021 256 3065 mense
269 3014 298 3065 ut
308 3002 410 3065 Martio
420 3003 532 3081 pariant
542 2999 774 3077 turgescentibus
786 2999 930 3077 virgultis,
944 2998 1097 3077 aliquando

85 3087 263 3164 anniculae,
281 3106 398 3166 semper
414 3087 557 3162 bimae,'
549 3104 577 3143 m
599 3086 711 3144 trimatu
727 3082 850 3143 inutiles.
888 3085 1000 3161 pariunt
1017 3091 1097 3141 octo·

46 3189 73 3229 aa
85 3176 136 3234 nis
153 3174 247 3231 anuis.
275 3172 393 3237 abortus
409 3171 511 3248 frigori
530 3168 683 3231 obnoxius.
714 3166 824 3227 Oculos
840 3166 976 3229 subfusos
995 3178 1140 3243 capra201

84 3256 172 3318 iunci
188 3265 296 3332 puncto
319 3273 457 3333 sangurne
473 3263 623 3328 exonerat
645 3270 734 3331 caper
749 3252 820 3313 rubr
856 3251 1014 3313 sollertiam
1037 3249 1098 3311 eius
1194 3256 1196 3261 “

85 3339 226 3402 animalis
243 3338 385 3399 blutianus
401 3341 491 3401 visam
504 3337 558 3397 sibi
571 3336 720 3417 prodidit
712 3356 740 3397 ru
756 3346 842 3417 ponte
855 3334 1016 3415 praetenui,
1030 3333 1097 3393 dua·

84 3426 148 3487 bus
170 3422 263 3485 obviis
284 3442 301 3483 e
324 3414 440 3486 diverso
464 3442 527 3483 cum
547 3425 747 3483 circumactum
768 3422 916 3501 angustiae
940 3436 997 3479 nou
1012 3432 1098 3497 capc-
