2542 3842
328 202 408 249 nnn.
428 200 518 248 xrsn.
536 200 569 247 x.
588 198 706 250 52-55
725 190 876 269 (ιι-ιι)
1033 191 1091 251 147

98 357 222 420 viventis
237 356 310 414 intra
327 364 460 432 putamen
474 368 532 413 vox
549 354 669 413 auditur.
703 354 739 414 ab
760 354 862 414 eodem
877 364 1009 434 tempore
1028 358 1091 436 plu·

96 442 216 515 meacm,
240 440 278 499 ita
294 434 405 516 positus
425 447 455 497 ut
479 447 565 516 caput
586 454 672 515 supra
692 437 823 497 dextrum
848 439 951 516 pedem
974 440 1090 517 habeat,

99 526 226 587 dextram
249 538 320 581 vero
344 521 417 581 alam
447 540 533 600 supra
560 530 655 600 caput.
687 521 804 581 vitellus
823 522 962 609 paulatim
982 524 1090 583 delicit.
1187 556 1196 567 ·

99 624 169 669 aves
187 622 286 666 omnes
301 606 329 663 in
344 605 437 683 pedes
452 614 615 705 nascamur,
641 614 739 664 contra
756 623 838 705 qnam
852 600 969 684 reliqua
986 609 1090 667 anima·

73 692 146 752 alia.
177 688 323 762 Quaedam
339 689 463 766 gallinae
476 690 568 748 omnia
579 690 693 765 gemina
705 706 760 747 ora
775 690 887 766 pariunt
904 698 934 749 et
944 708 1074 765 geminos
1083 701 1134 755 150

98 774 237 834 interdum
253 773 416 849 excludunt,
433 782 462 832 ut
480 770 632 831 Cornelius
649 770 753 831 Celsus
769 781 870 832 auctor
885 782 945 847 est,
971 773 1091 834 alterum

97 860 244 917 maiorem.
269 856 356 935 aliqui
370 866 477 933 negant
491 857 604 915 omnino
616 856 747 932 geminos
764 854 889 915 excludi.
911 855 977 915 Plus
988 859 1091 919 vicena

99 943 183 1019 quina
206 940 366 1000 incubanda
395 939 485 999 subici
506 947 611 999 vetant.
650 956 755 1017 parere
778 957 794 998 a
819 937 918 1000 Ιιιιιιιιι
944 941 1089 1017 incipiunt.

99 1033 214 1103 optuma
229 1024 321 1083 fetura
333 1031 398 1083 ante
407 1040 524 1082 vernum
537 1023 757 1101 aequinoctium.
780 1031 849 1099 post
861 1022 1013 1082 solstitium
1024 1034 1090 1084 nata

62 1122 155 1167 ronon
170 1107 280 1185 inplent
293 1106 512 1184 magnitudinem
527 1107 644 1181 iustam,
663 1115 801 1183 tantoque
816 1106 909 1165 minus
923 1117 1028 1184 quanto
1043 1126 1089 1166 se·

98 1194 157 1251 rius
175 1206 347 1269 provenere.

162 1275 210 1333 54.
229 1272 312 1351 (75.)
335 1272 396 1333 Ova
423 1272 550 1331 incubari
570 1274 643 1331 intra
665 1272 767 1332 decern
788 1273 849 1333 dies
869 1273 945 1334 edita
960 1274 1131 1338 utilissiltl

97 1376 181 1417 mum.
211 1366 311 1417 vetera
329 1366 377 1416 ιιι
391 1358 554 1417 recentiora
568 1356 730 1416 infecunda.
756 1356 849 1415 subici
864 1358 955 1435 inpari
972 1374 1090 1417 numero

99 1442 214 1501 dehent.
251 1450 352 1539 quarto
368 1440 416 1499 die
429 1449 580 1517 postquam
597 1455 725 1517 coepere
740 1439 879 1515 incubari,
896 1441 920 1499 si
937 1450 1036 1499 contra
1048 1442 1090 1501 lu·

62 1540 89 1581 ιι
97 1541 163 1584 men
178 1526 326 1584 cacumine
346 1540 465 1582 ovorum
482 1522 665 1621 adprehenso
684 1541 738 1583 una
753 1542 835 1583 manu
851 1540 939 1601 purus
955 1533 985 1583 et
995 1527 1090 1584 unius·

97 1608 173 1668 modi
187 1608 340 1691 perluceat
355 1607 453 1682 color,
477 1608 586 1666 sterilia
606 1608 810 1667 existumentur
831 1624 898 1666 esse
919 1623 1032 1705 proque
1047 1609 1090 1667 eis

99 1692 154 1751 alia
170 1686 377 1751 substituenda.
404 1700 433 1750 et
447 1692 475 1750 in
497 1684 570 1769 dqua
587 1700 632 1750 est
654 1691 888 1768 experimentum.
921 1692 1005 1751 inane
1028 1691 1091 1751 dni·
1148 1711 1151 1719 ’

98 1785 148 1851 ιιι,
165 1776 261 1853 itaque
274 1774 405 1851 sidentia,
418 1774 474 1833 lroc
487 1783 532 1834 est
546 1775 643 1852 plena,
659 1774 751 1833 subici
761 1775 870 1835 volunt.
891 1775 1005 1834 concuti
1017 1792 1090 1835 vero

99 1820 297 1937 experimento
313 1868 427 1933 vetant,
449 1859 580 1937 quoniam
601 1874 658 1916 non
683 1859 802 1934 gignant
817 1858 943 1917 confusis
957 1859 1091 1918 vitalibus
1172 1932 1175 1935 ᾗ

61 1946 189 2002 novenis.
220 1941 398 2002 lucubationi
424 1942 505 2001 datur
530 1943 636 2000 initium
662 1951 729 2019 post
749 1958 852 2001 novam
873 1940 982 2016 lunam,
1010 1944 1134 2019 quialfii

98 2027 177 2103 prius
194 2025 328 2085 inchoata
344 2041 400 2083 non
423 2025 602 2100 proveniant.
634 2024 758 2082 celerius
782 2022 970 2082 excluduntur
988 2024 1090 2084 calidis

98 2108 209 2169 diebus.
230 2108 297 2166 ideo
310 2116 420 2165 aestate
432 2105 645 2164 undevicesimo
659 2105 782 2164 educunt
792 2106 891 2179 fetum,
904 2105 997 2165 hieme
1009 2121 1090 2166 xxv.

98 2194 122 2249 si
135 2190 261 2250 incubitu
277 2191 377 2264 tonuit,
398 2205 452 2248 ora
469 2197 601 2265 pereunt,
623 2198 653 2246 et
673 2190 818 2266 accipitris
838 2189 933 2248 audita
951 2205 1026 2248 voce
1049 2192 1091 2249 vi·
1173 2198 1178 2209 '

99 2278 211 2334 tiantur.
238 2271 392 2331 remedium
404 2281 502 2331 contra
512 2273 632 2331 tonitrus
645 2271 744 2330 elavos
759 2272 873 2331 ferreus
888 2270 941 2331 sub
957 2274 1092 2332 stramine

62 2374 89 2414 ιι
100 2374 220 2417 ovorum
238 2358 348 2435 positus
365 2364 412 2415 aut
428 2365 505 2415 terra
521 2374 558 2414 cx
574 2365 679 2415 aratro.
702 2356 840 2433 quaedam
854 2364 948 2415 autem
966 2356 1134 2419 eteitra153

98 2439 252 2500 incubitum
268 2450 370 2518 sponte
387 2449 485 2499 natura
503 2440 602 2517 gignit,
617 2448 648 2498 ut
663 2440 692 2497 in
707 2438 834 2518 Aegypti
849 2440 962 2500 timetis.
991 2441 1091 2498 scitum

52 2558 59 2567 -
99 2526 136 2585 de
159 2524 282 2603 quodam
303 2524 446 2601 reperitur
461 2524 612 2597 Syracusis
635 2522 740 2582 tamdiu
765 2533 867 2601 potare
883 2522 1012 2599 solitum,
1040 2523 1090 2582 do·

99 2626 154 2668 nec
170 2616 309 2685 cooperta
326 2616 403 2668 terra
418 2607 506 2667 fetum
527 2607 649 2667 ederent
664 2622 728 2665 ova.
1171 2666 1174 2676 ,

163 2692 213 2750 55.
231 2692 313 2770 (76.)
334 2690 408 2763 Quin
420 2700 449 2750 et
466 2690 501 2749 ab
516 2690 629 2749 homine
647 2689 840 2768 perficiuntur.
861 2687 933 2748 lnlia
946 2688 1074 2764 Augusta
1082 2698 1133 2752 154

63 2792 90 2834 eo
100 2776 190 2853 prima
200 2790 251 2833 sua
259 2776 373 2833 iuventa
382 2774 499 2833 'liberio
511 2772 639 2833 Caesare
650 2771 813 2832 exNercne
824 2771 953 2848 gravida
967 2788 1029 2831 cum
1039 2791 1090 2851 pa·

45 2844 50 2868 ’
99 2873 166 2917 rere
178 2858 289 2917 virilem
304 2874 404 2916 sexum
415 2857 564 2917 admodum
576 2864 708 2934 cuperet,
720 2855 776 2915 hoc
789 2872 840 2915 usa
850 2865 895 2915 est
906 2854 1029 2933 puellari
1041 2874 1090 2914 au·

99 2942 194 3019 gurio,
211 2958 296 3001 ovem
307 2942 335 2999 in
348 2942 409 2999 sinu
422 2938 547 2999 fovendo
559 2948 656 3017 atque,
670 2956 733 2997 cum
748 2938 948 3017 deponendum
958 2937 1090 3014 liaberet,

98 3026 200 3084 nutrici
226 3042 279 3103 per
299 3026 388 3083 sinum
414 3022 569 3097 tradendo,
594 3040 630 3081 ne
655 3022 890 3082 intermitteretur
912 3032 1006 3101 tepor.
1035 3038 1090 3080 nec

98 3109 174 3168 laiso
200 3116 338 3184 augurata
359 3107 497 3184 proditur.
531 3106 631 3183 Nuper
651 3106 717 3165 inde
738 3104 870 3165 fortassis
891 3107 1033 3176 inventum
1060 3109 1092 3164 nt

59 3206 88 3251 ιι
101 3208 156 3251 uva
172 3194 201 3250 in
217 3192 311 3251 calido
328 3192 395 3250 loeo
407 3191 529 3268 inposita
543 3189 638 3267 paleis
648 3190 715 3265 igne
727 3190 841 3248 modico
856 3189 1025 3249 foverentur
1039 3188 1089 3249 ho·

99 3276 174 3333 mine
188 3283 336 3349 versante,
357 3276 522 3352 pariterque
538 3280 567 3331 et
585 3281 659 3331 stato
684 3271 730 3331 die
744 3272 805 3331 illic
824 3281 988 3351 erumperet
1001 3274 1088 3332 fetus.

99 3357 231 3417 'l'raditur
252 3358 390 3437 quaedam
410 3374 456 3416 ars
473 3356 604 3432 gallinari
629 3356 774 3415 cniusdam
797 3356 918 3415 dicentis
938 3356 1016 3435 quod
1032 3374 1070 3414 ex
1081 3366 1131 3419 155
1242 3392 1246 3402 .

99 3458 213 3519 quaque
228 3450 315 3501 esset.
352 3440 507 3501 Narrantnr
523 3450 551 3499 et
566 3449 676 3498 mortua
698 3440 803 3514 gallina
819 3441 1025 3582 mappi*earnm
1036 3438 1090 3498 visi
1177 3446 1181 3449 ’
