2542 3842
361 126 876 215 uuu.ursr.vrrr.1—4.(l—5.)
1075 138 1130 199 43.
1170 166 1174 179 ›
1260 122 1261 129 ἵ

119 322 178 385 que
188 302 303 363 homine
315 301 445 361 tricliniis
456 274 619 361 adcub⁹itum
632 304 696 363 iere
708 321 762 382 per
777 303 871 363 lectos
886 305 924 364 ita
938 304 1048 365 libratis
1066 324 1115 363 ve·

60 429 64 433 ·
121 386 357 548 stigi3is,(pe)qpis
373 386 529 463 potantium
545 387 743 463 attingeretur.

54 535 58 548 .
333 478 424 529 ertum
436 478 481 528 est
497 487 581 529 uuum
594 471 729 531 tardioris
743 472 840 549 ingeni
852 472 1029 548 accipiendis
1044 490 1119 549 quae
1134 482 1151 537 6

120 553 304 614 tradebantur
319 553 435 630 saepius
457 555 627 630 castigatum
650 554 823 615 verberibus
845 554 947 615 eadem
964 546 1013 615 illa
1029 556 1117 616 medi·

96 645 227 699 stantem
246 646 334 695 noctu
355 645 512 715 repertura.
543 638 642 697 mirum
665 657 796 699 maxume
813 647 843 698 et
856 638 986 698 adversis
1004 640 1118 717 quidem

118 721 232 782 funibus
249 720 366 796 subire,
386 720 440 782 sed
454 721 573 797 regredi
600 722 690 798 magis
712 724 809 801 ntique
832 722 943 800 pronis.
976 720 1118 784 Matienus

119 815 164 865 ter
179 803 281 865 consul
292 814 391 865 auctor
403 812 448 863 est
458 804 584 883 aliquem
596 823 633 863 ex
644 805 688 865 hia
704 815 733 865 et
745 807 902 867 litterarum
913 805 1015 865 ductus
1030 805 1118 867 Grae·

120 907 217 949 carum
233 888 368 948 didicisse
387 888 560 965 solitumque
582 889 768 966 perscribere
791 892 852 950 eius
875 891 990 967 linguae
1004 890 1117 955 verbis:

120 969 206 1051 lpse
227 990 293 1049 ego
316 972 407 1031 haec
423 973 563 1049 scripsi
585 981 621 1031 et
652 974 777 1051 spolia
799 972 946 1035 Gelticu
983 974 1117 1048 dicavi,

84 1062 111 1103 ¹⁰
119 1058 245 1133 itemque
262 1074 294 1116 se
307 1056 423 1115 vidente
435 1054 573 1131 Puteolis,
590 1074 653 1114 cum
666 1057 780 1117 advecti
795 1076 812 1117 e
825 1076 897 1117 nave
914 1056 1017 1133 egredi
1030 1074 1118 1134 coge·
1171 1094 1183 1115 .

119 1148 228 1215 rentur,
245 1140 362 1199 territos
375 1140 469 1217 spatio
484 1140 580 1216 pontis
596 1140 700 1217 procul
716 1159 731 1201 a
749 1143 912 1201 continente
927 1141 1066 1219 porrecti,
1089 1150 1119 1199 ut

119 1242 189 1284 sese
210 1223 425 1301 longinquitatis
453 1224 660 1283 aestumatione
685 1223 838 1299 fallerent,
865 1240 987 1283 aversos
1010 1232 1117 1283 retror-

118 1326 169 1367 sus
186 1324 256 1366 rsse.

180 1391 243 1471 (4.)
255 1390 401 1450 ‘Praedam
417 1390 472 1468 ipsi
487 1391 515 1448 in
532 1408 565 1448 se
582 1390 774 1470 expetendam
789 1391 883 1449 sciunt
900 1390 992 1450 solum
1009 1408 1076 1449 esse
1091 1390 1150 1453 in7
1216 1398 1222 1407 “

85 1485 110 1527 ¹⁵
122 1476 207 1534 armis
224 1476 294 1549 suis,
317 1492 392 1551 qnae
406 1472 475 1534 luba
490 1490 596 1533 cornua
614 1474 753 1552 appellat,
774 1474 939 1535 Herodotus
955 1483 1033 1533 tanto
1048 1476 1118 1535 anti·

121 1560 205 1637 quior
221 1568 250 1618 et
266 1559 444 1618 consuetudo
459 1558 561 1617 melius
577 1558 681 1617 dentis.
694 1558 881 1635 quamobrem
896 1558 1034 1619 deciduos
1050 1576 1118 1617 casu
1137 1628 1139 1637 Ι

120 1644 217 1721 aliquo
238 1641 284 1701 vel
302 1651 421 1702 senecta
435 1642 592 1701 defodiunt.
622 1642 679 1701 hoc
696 1643 790 1701 solum
805 1642 877 1702 ebur
892 1652 946 1703 est.
977 1644 1077 1701 cet'ero
1091 1651 1119 1701 et

119 1729 148 1786 in
168 1725 213 1785 his
239 1742 355 1804 quoque
382 1744 438 1803 qua
460 1742 567 1802 corpus
592 1727 694 1785 intexit
708 1726 803 1785 vilitas
820 1744 917 1801 ossea,
951 1742 1118 1803 quamquam

119 1828 213 1889 nuper
227 1826 296 1888 ossa
312 1811 397 1868 etiarn
413 1810 441 1868 in
456 1810 563 1869 lamnas
578 1810 674 1869 secari
684 1804 819 1887 coepere
837 1811 984 1888 paenuria.
1014 1810 1118 1875 etenim

46 1928 50 1936 ι
84 1910 185 1954 eorara
200 1894 357 1973 amplitudo
374 1895 430 1953 iarn
446 1894 570 1953 dentium
585 1902 789 1971 praeterquam
806 1912 845 1953 ex
864 1893 943 1953 India
964 1894 1117 1971 reperitur,

122 1985 220 2037 cetera
235 1979 264 2036 in
279 1986 380 2037 nostro
395 1977 468 2036 orbe
487 1995 605 2037 cessere
622 1978 763 2037 luxuriae.
795 1976 920 2037 dentium
935 1978 1061 2037 candore
1077 1978 1117 2035 in·
1131 1973 1149 2035 8

120 2061 269 2138 tellegitur
286 2062 410 2129 iuventa,
437 2062 513 2120 circa
527 2060 581 2119 hos
590 2060 686 2120 beluis
703 2078 810 2119 sumnm
826 2076 905 2119 cura.
926 2060 1044 2120 alterius
1060 2078 1117 2119 mu·
1202 2078 1206 2085 ‘

121 2148 201 2205 croni
222 2153 354 2223 parcunt,
368 2162 408 2203 ne
426 2144 461 2203 sit
484 2144 604 2222 proeliis
627 2143 735 2218 hebes,
760 2144 879 2203 alterius
905 2144 1041 2221 operario
1066 2161 1119 2203 usu
1152 2168 1156 2190 ι

120 2228 231 2289 iodiunt
247 2228 379 2302 radices,
403 2228 544 2305 inpellunt
559 2227 671 2297 molis„
691 2228 936 2305 circumventique
959 2228 1118 2286 avenauti·

83 2312 174 2390 epbus
189 2311 297 2389 primos
313 2313 485 2371 constituunt
502 2309 603 2389 quibus
620 2319 686 2369 sunt
696 2312 819 2387 minumi,
832 2328 876 2377 ¹ne
892 2311 962 2371 tanti
977 2309 1119 2389 proelium

121 2405 249 2477 putetur,
274 2406 377 2477 postea
399 2396 471 2455 lessi
484 2396 616 2474 inpactos
633 2394 730 2455 arbori
751 2395 886 2474 frangunt
903 2395 1070 2473 praedaque
1085 2411 1118 2453 se

120 2480 270 2541 redimunt.
473 2527 477 2532 .
891 2484 893 2489 '

183 2564 212 2623 4.
232 2563 290 2642 (a.)
309 2562 411 2624 blirum
426 2564 454 2623 in
474 2561 623 2641 plerisque
639 2562 799 2624 animalium
814 2564 892 2623 scire
912 2580 1002 2641 quare
1023 2568 1151 2641 petar-9

39 2682 45 2693 .
120 2656 186 2727 tur,
204 2646 257 2706 sed
282 2666 336 2725 per
359 2657 461 2708 cuncta
482 2647 549 2724 quid
571 2656 700 2707 caveant.
730 2646 872 2725 elephans
891 2645 1005 2719 homine
1032 2644 1118 2707 obvio

83 2731 197 2791 aoiorte
214 2732 241 2789 in
256 2732 411 2791 solitudine
434 2739 463 2789 et
477 2729 647 2807 simpliciter
661 2729 816 2790 oberrante
828 2729 957 2789 clemens
974 2729 1117 2806 placidus·

121 2832 179 2893 que
199 2816 285 2874 etiarn
307 2815 506 2874 demonstrare
521 2814 596 2872 viam
611 2814 741 2886 traditur,
767 2814 842 2873 idem
857 2812 982 2889 vestigio
997 2811 1119 2872 hominis

120 2899 321 2959 animadverso
334 2898 414 2975 prius
425 2915 509 2975 quarn
520 2896 634 2955 homine
646 2897 844 2955 intremiscere
855 2895 1019 2956 insidiarum
1031 2904 1120 2971 metu,

38 2998 42 3002 ’
120 2982 294 3057 subsistere,
309 2981 345 3041 ab
362 2980 470 3041 olfactu
486 2981 743 3055 circumspectare,
759 2979 817 3038 iras
834 2978 972 3057 proflare,
991 2996 1047 3038 nec
1061 2979 1152 3039 cal··
1260 3052 1261 3057 ἵ

121 3083 200 3141 care,
218 3066 270 3125 sed
286 3074 396 3123 erutum
413 3078 554 3141 proxumo
570 3061 697 3137 tradere,
714 3062 793 3124 illum
809 3064 953 3141 sequenti,
969 3062 1066 3123 nuntio
1083 3078 1119 3121 sr-

83 3148 289 3226 aemiliusque
311 3148 347 3208 ad
364 3156 537 3219 extremum,
573 3153 641 3205 tunc
665 3163 770 3222 agmen
787 3147 943 3223 circumagi
963 3154 998 3205 et’
1012 3145 1119 3205 reverti

123 3233 274 3311 aciemque
300 3232 395 3308 dirigi.
438 3230 514 3290 adeo
542 3230 665 3289 omnium
699 3228 782 3289 odori
805 3229 907 3291 durare
945 3230 1022 3289 virns
1050 3228 1120 3287 illud

121 3316 231 3375 maiore
259 3335 298 3375 ex
325 3324 407 3393 parte
432 3332 469 3373 ne
484 3313 623 3372 nudorum
645 3312 759 3390 quidem
780 3314 893 3391 pedum.
927 3313 976 3372 Sic
992 3322 1021 3372 et
1036 3312 1117 3389 tigris
1130 3321 1163 3374 10

122 3399 208 3459 etiarn
227 3399 299 3459 ieris
321 3397 429 3457 ceteris
456 3397 618 3457 truculenta
641 3406 727 3475 atque
749 3398 813 3475 ipsa
835 3396 981 3475 elephanti
1004 3413 1121 3474 quoque
