2542 3842
174 144 211 203 10
517 152 547 200 c.
563 154 660 201 sumu
676 150 825 199 succum

169 311 270 386 Scipio
292 307 447 368 Africanus
469 307 549 385 prior
570 314 653 365 natus
674 306 839 383 primusque
862 301 1019 385 Caesarum
1043 322 1059 363 a
1084 322 1174 365 caeso

170 395 269 452 matris
284 400 367 450 utero
383 391 493 465 dictus,
510 407 566 468 qua
581 390 618 449 tle
635 406 722 447 causa
737 398 768 447 et
786 386 935 449 Caesones
953 388 1102 467 appellati.
1132 392 1171 449 si·

170 477 230 535 mili
250 475 336 535 modo
357 484 440 535 natos
462 483 492 533 et
507 472 642 533 Manilius
663 474 711 550 qui
735 471 938 549 Carthaginem
960 488 1023 533 cum
1041 474 1172 533 exercitu

171 562 293 619 intravit.

237 644 283 703 10.
301 640 365 721 (8.)
385 642 530 719 Vopiscus
546 630 731 719 appellabant
744 658 760 699 e
774 641 896 715 geminis
909 641 957 718 qui
972 642 1076 699 retecti
1089 650 1193 707 uteros

170 725 474 791 nascerenturaltero
497 726 670 801 interempto
686 723 797 783 abortu.
829 740 952 801 namque
966 742 1097 785 maxume
1117 728 1172 784 etsi

172 829 238 872 rara
255 813 334 871 circa
349 811 406 869 hoc
421 808 560 869 miracula
574 809 724 868 exsistunt.

52 913 55 918 ·
128 906 164 960 48
241 896 288 955 ll.
319 895 382 973 (9.)
413 891 533 953 Praeter
555 892 705 951 mulierem
728 910 822 969 lrauca
841 893 974 955 animalia
995 894 1101 953 coitum
1121 910 1171 951 uo·

58 1039 67 1052 ,
171 998 241 1041 vere
262 977 398 1056 gravida,
420 994 503 1037 unum
526 975 640 1056 quidem
663 977 777 1037 omnino
795 985 844 1037 aut
861 976 983 1037 alterum
1001 976 1170 1055 superlotut.

171 1073 266 1125 exstat
281 1066 308 1121 in
323 1062 503 1121 monimentis
519 1071 549 1121 et
564 1060 741 1121 medicorum
759 1068 789 1119 et
805 1060 908 1138 quibus
922 1060 992 1125 tolia
1007 1061 1171 1121 consectari
1183 1082 1210 1124 ro

172 1166 260 1209 curae
282 1148 336 1207 luit
352 1163 410 1205 uno
430 1146 534 1206 abortu
553 1145 707 1205 duodecim
727 1146 883 1223 puerperia
906 1154 1016 1223 egesta.
1055 1145 1107 1205 sed
1125 1143 1173 1202 ubi

172 1231 317 1312 paululum
339 1231 478 1309 temporis
494 1230 569 1289 inter
582 1229 664 1311 ,duos
683 1238 846 1307 conceptus
863 1230 1047 1303 intercessit,
1067 1238 1173 1289 utram-

129 1320 231 1397 loque
250 1315 412 1394 perfertur,
431 1323 461 1373 ut
481 1316 510 1373 in
524 1313 650 1374 Hercule
669 1322 697 1371 et
719 1313 830 1391 lphicle
851 1314 941 1373 lratrc
964 1314 1027 1373 sius
1043 1313 1174 1391 adparuit

173 1410 202 1461 et
217 1403 247 1459 iu
267 1416 302 1457 ea
318 1416 393 1477 quae
407 1399 522 1475 gemino
540 1406 623 1475 partu
640 1396 761 1459 alterum
776 1399 878 1459 marito
901 1398 1021 1459 similem
1040 1396 1173 1457 alterum·

172 1504 228 1565 que
247 1482 378 1541 adultero
394 1482 510 1559 gennit,
530 1482 599 1540 item
619 1483 648 1540 in
669 1480 864 1541 Proconnesia
881 1480 986 1543 ancilla
1000 1498 1076 1558 quae
1100 1482 1174 1558 eius·
1186 1503 1212 1544 rs

174 1569 238 1628 dem
258 1565 315 1625 diei
337 1566 415 1625 coitu
430 1565 552 1624 alterum
573 1565 689 1625 domino
710 1564 831 1625 similem
849 1566 970 1625 alteram
993 1564 1175 1643 procuratori

173 1654 246 1724 eius,
263 1657 292 1707 et
307 1650 336 1706 iu
349 1649 405 1708 alia
421 1666 496 1727 quae
513 1650 687 1707 unumiusto
703 1657 802 1725 partu,
819 1650 943 1725 quinque
957 1666 1086 1707 mensum
1101 1648 1176 1709 alte-

124 1794 128 1801 ,
173 1751 234 1794 rum
255 1731 358 1807 edidit,
381 1744 480 1791 rursus
503 1731 531 1790 in
550 1731 607 1791 alia
624 1748 699 1809 quae
717 1740 828 1809 septem
848 1748 977 1791 mensum
994 1732 1072 1791 etlito
1088 1749 1177 1810 puer·

173 1817 255 1895 perio
271 1816 409 1875 insecutis
422 1815 570 1875 mensibus
586 1816 718 1892 geminos
734 1816 817 1873 enixa
833 1824 886 1875 est.

128 1913 165 1964 50
235 1901 281 1961 ll).
311 1898 370 1959 lam
388 1899 438 1961 illa
454 1899 572 1976 volgata
586 1900 682 1959 varia:
701 1916 739 1959 ex
755 1899 875 1977 integris
890 1908 1008 1959 mancos
1025 1897 1122 1975 gigni,
1138 1903 1212 1962 ex'ro

173 1985 282 2047 truncis
297 1985 443 2061 integros,
470 1983 572 2045 eadem
591 1992 673 2063 parte
694 1992 830 2065 truncos,
850 1985 931 2061 signa
947 1982 1086 2063 quaedem
1106 1996 1178 2041 nae·

174 2086 287 2148 vosque
304 2077 333 2128 et
352 2069 504 2129 cicatrices
523 2068 608 2129 etiarn
622 2068 801 2145 regenerari.
818 2077 920 2147 quarto
937 2065 1179 2146 parto-Dacorum

174 2155 294 2231 originis
309 2161 376 2212 nota
393 2154 422 2211 iu
436 2151 556 2213 brachio
572 2152 709 2213 redditur.

239 2237 286 2299 12.
316 2236 349 2297 ln
362 2227 637 2314 Lepidorum'gente
653 2240 721 2313 tris,
737 2238 900 2297 intermisso
913 2235 1030 2310 ordine,
1046 2233 1177 2293 obducto

130 2322 338 2387 trimembrem
366 2319 453 2379 oculo
479 2320 595 2396 genitos
620 2323 803 2399 accepimus,
832 2319 934 2379 similis
959 2318 1075 2397 quilleno
1100 2316 1214 2377 aliosne

174 2424 246 2479 avo,
269 2413 350 2463 etex
365 2403 488 2477 geminis
506 2422 623 2484 quoque
641 2404 761 2463 alterum
776 2404 850 2481 petri
866 2402 988 2463 altorum
1002 2402 1102 2475 matri,
1126 2417 1177 2479 an·

175 2506 271 2564 noque
285 2494 352 2563 post
365 2487 491 2561 genitum
506 2488 607 2547 melori
623 2486 745 2547 similem
759 2487 850 2545 luisse
865 2495 896 2546 ut
910 2487 1064 2563 geminum.
1091 2500 1178 2562 quas·

174 2574 239 2633 dam
254 2569 309 2627 sibi
323 2568 422 2627 similis
436 2586 552 2648 semper
565 2588 687 2650 parere,
705 2569 842 2649 quasdam
852 2570 932 2645 viro,
944 2570 1083 2649 quasdem
1094 2568 1178 2643 nulli,

175 2654 314 2733 quasdam
330 2653 465 2713 laminam
479 2655 571 2731 petri,
592 2672 700 2713 marem
718 2653 782 2713 sibi.
811 2652 997 2715 indubitatum
1012 2652 1179 2731 exemploru

176 2748 221 2798 est
235 2737 335 2818 Nicaei
347 2737 453 2797 nobilis
468 2748 575 2816 pyctae
585 2736 819 2815 Byzantilgeaiti
834 2739 883 2815 cui
899 2732 1042 2801 adulterio
1055 2736 1176 2799 Aethio·
1189 2754 1214 2797 ao

176 2824 220 2901 pis
242 2833 308 2883 nata
329 2831 420 2883 matre
440 2822 511 2883 nillil
534 2841 550 2884 a
575 2824 683 2883 ceteris
705 2820 806 2883 colore
827 2822 981 2883 dilierente
1006 2824 1070 2899 ipse
1093 2836 1179 2881 arom

132 2917 167 2969 ὀὶ
176 2907 361 2983 regeneravit
381 2906 566 2985 Aethiopem.
610 2906 828 2968 Similitudinum
848 2906 962 2984 quidem
983 2907 1110 2967 imenm
1131 2922 1178 2963 re·

176 2992 285 3069 putatio
300 2998 347 3049 est
366 3000 395 3050 et
409 2992 439 3050 in
454 3008 510 3070 qua
526 2990 780 3054 credentur-multa
795 2991 911 3051 lortults
928 2990 1058 3068 pellere,
1084 2990 1177 3062 visum

176 3076 302 3147 auditus,
329 3076 467 3135 memoria
487 3074 668 3155 incestaeque
688 3076 828 3153 imagines
854 3074 910 3139 sule
932 3076 997 3151 ipso
1020 3082 1177 3151 conceptu

175 3158 313 3235 cogitatio
328 3160 414 3219 etiam
426 3159 587 3221 utriuslibet
599 3162 720 3222 calmum
735 3156 831 3219 sabito
842 3158 1024 3227 transvolans
1033 3157 1179 3233 effingere
1188 3169 1214 3213 rs

175 3240 386 3303 similitudinem
398 3251 447 3303 aut
460 3244 586 3306 miscere
600 3245 810 3305 ammonetur·
825 3240 951 3321 ideoque
966 3242 1064 3319 plures
1078 3243 1108 3301 in
1123 3241 1177 3302 ho-

175 3326 251 3383 mine
270 3341 354 3402 quam
371 3326 400 3383 in
415 3327 521 3384 ceteris
543 3326 675 3385 omnibus
693 3326 860 3387 animelibus
882 3324 1079 3400 differentiae,
1103 3341 1178 3402 quo

176 3408 250 3465 niam
264 3408 406 3469 vetastis
424 3408 628 3483 cogitationum
643 3409 788 3488 animique
807 3409 945 3471 celeritas
966 3417 994 3467 et
1013 3408 1111 3484 iugeri
1126 3426 1179 3467 va·
