2542 3842
315 152 396 201 uun.
412 153 503 203 aaran.
520 155 557 203 11.
581 151 700 207 54—oo.
716 146 869 225 (os-61¹.)
1076 145 1118 207 97

113 304 208 367 rentia
224 304 316 383 pulsis
339 325 412 386 quae
437 308 474 368 ab
500 326 608 370 occasu
631 318 722 369 erant.
755 310 851 389 lpsum
873 313 979 373 ardere
1004 311 1118 372 caelum

112 390 352 450 minume-mirum
368 401 413 451 est
429 401 458 451 et
474 394 592 472 saepius
607 393 699 452 visum
713 395 822 455 maiore
838 396 896 472 igni
907 396 1030 471 nubibus
1048 413 1116 455 con·

113 474 216 552 raptis.
353 546 355 551 ,

175 553 227 615 58.
253 556 338 636 (59.)
365 556 525 619 Celebrant
543 557 649 619 Graeci
671 559 867 639 Anaxagoran
884 559 1096 623 Clazomenium
1109 570 1160 625 149

91 637 295 717 sOlympiadis
311 643 546 719 septuagesimae
563 653 684 703 octavae
699 643 829 703 secundo
845 661 919 703 anno
935 646 1116 723 praedixisse

113 722 286 782 caelestium
309 723 468 784 litterarum
491 726 611 787 scientia
633 727 737 805 quibus
754 726 856 787 diebus
872 746 972 787 saxum
987 747 1118 788 casurum

113 814 196 865 esset
214 824 230 865 e
246 806 327 883 sole,
344 808 432 886 idque
448 808 555 869 iactum
570 810 694 870 interdiu
709 812 738 869 in
754 810 896 871 Thraciae
912 820 994 889 parte
1013 812 1048 871 ad
1058 810 1116 870 Αε-

111 906 169 966 gos
185 889 300 965 flumen,
318 892 367 968 qui
382 890 457 969 lapis
469 893 630 953 etiamnunc
643 894 1007 971 ostenditurmagnitudine
1022 894 1120 967 vebis,-

113 972 217 1032 colore
235 973 348 1048 adusto,
367 984 480 1035 comete
497 993 613 1055 quoque
629 977 687 1037 illis
702 978 836 1037 noctibus
851 979 1003 1056 flagrante.
1032 976 1118 1049 Quod

79 1073 103 1114 ro
113 1056 138 1113 si
155 1056 220 1134 quis
235 1056 416 1133 praedictum
433 1059 543 1134 credat,
561 1060 644 1120 simul
659 1062 784 1122 fateatur
797 1080 923 1121 necesse
939 1072 985 1122 est
1000 1060 1118 1121 maioris

110 1139 243 1200 miraculi
259 1140 435 1204 divinitatem
449 1142 644 1219 Anaxagorae
667 1144 775 1221 inisse,
799 1145 933 1223 solvique
955 1150 1051 1207 rtem
1068 1160 1117 1203 na·

111 1232 194 1283 turae
211 1223 389 1285 intellectum
407 1234 435 1284 et
454 1226 589 1286 conlundi
603 1228 707 1303 omnia,
725 1229 749 1287 si
765 1236 812 1286 aut
824 1230 887 1306 ipse
904 1228 950 1287 sol
961 1228 1036 1305 lapis
1048 1245 1116 1286 esse

111 1316 160 1367 aut
177 1325 309 1385 umquam
333 1307 459 1386 lapidem
476 1310 504 1367 in
527 1310 671 1369 coluisse
693 1310 836 1370 credatur.
865 1311 1003 1371 decidere
1020 1319 1116 1370 tamen

111 1390 219 1451 crebro
236 1408 294 1450 non
307 1392 362 1452 erit
378 1391 503 1452 dubium.
527 1392 559 1453 ln
572 1392 669 1468 Abydi
684 1394 834 1470 gymnasio
848 1413 885 1454 en
897 1412 933 1455 ea
945 1412 1034 1454 causa
1046 1410 1095 1453 co·
1108 1400 1159 1454 lto

79 1473 179 1535 ulitur
194 1473 343 1553 hodieque
364 1476 495 1535 modicus
515 1476 631 1554 quidem
647 1477 702 1538 sed
717 1495 804 1557 quem
820 1478 849 1538 in
862 1478 957 1539 media
974 1487 1116 1537 terrarum

110 1575 243 1619 casurum
263 1558 340 1618 idem
365 1558 557 1635 Anaxagoras
580 1561 764 1638 praedixisse
789 1570 928 1621 narratur.
961 1560 1065 1621 colitur
1087 1568 1117 1617 ει

111 1639 322 1717 Cassandriae,
342 1660 416 1719 quae
433 1642 572 1704 Potidaea
587 1646 713 1705 vocitata
731 1652 777 1703 est
794 1644 832 1703 ob
847 1645 876 1705 id
894 1644 1029 1705 deductu.
1057 1659 1115 1721 ego

109 1726 174 1803 ipse
192 1724 251 1784 vidi
271 1725 299 1783 in
316 1723 525 1787 Vocontiorum
541 1744 612 1803 agro
628 1728 715 1804 paulo
733 1725 799 1787 ante
815 1727 950 1789 delatum.

169 1808 220 1869 59.
239 1808 323 1887 (60.)
342 1808 438 1869 Arcus
453 1826 592 1870 vocamus
617 1820 700 1871 extra
719 1811 886 1874 miraculum
907 1810 1068 1890 frequentis
1086 1815 1116 1868 et

76 1905 101 1947 ao
112 1898 196 1951 extra
211 1900 363 1951 ostentum.
382 1911 447 1953 nam
459 1910 495 1953 ne
508 1894 623 1971 pluvios
639 1894 756 1973 quidem
771 1904 818 1955 aut
833 1912 956 1955 serenos
972 1895 1035 1956 dies
1052 1910 1116 1952 cum

110 1975 168 2035 lide
185 1971 368 2052 portendunt.
391 1974 573 2037 Manifestum
590 1986 635 2037 est
650 1978 760 2039 radium
775 1978 847 2037 solis
863 1979 1010 2039 inmissum
1025 1993 1116 2036 cavae

111 2057 178 2117 nubi
200 2058 318 2135 repulsa
340 2058 404 2118 acie
419 2060 447 2117 in
466 2060 559 2122 solem
578 2061 714 2137 refringi,
739 2060 929 2139 colorumque
945 2062 1116 2122 varietatem

91 2142 233 2201 'mixtura
247 2141 373 2216 nubium,
390 2144 514 2219 ignium,
531 2145 607 2203 aeris
624 2144 697 2201 lieri.
731 2142 819 2201 Certe
835 2145 890 2201 uisi
908 2143 972 2201 sole
990 2142 1114 2201 adverso

110 2241 167 2283 non
181 2223 273 2299 liunt,
283 2243 339 2283 nec
354 2244 486 2305 umquam
501 2226 555 2283 nisi
572 2225 686 2284 dimidia
702 2224 803 2283 circuli
820 2224 929 2298 forma,
945 2242 1001 2282 neo
1016 2230 1114 2294 noctu,

75 2322 100 2363 aa
113 2308 244 2385 quamvis
259 2306 437 2368 Aristoteles
454 2308 559 2387 prodat
574 2306 728 2384 aliquando
745 2308 852 2381 visum,
870 2307 948 2385 quod
962 2315 1058 2386 tamen
1073 2302 1115 2362 la·

109 2398 185 2451 tetur
202 2390 280 2450 idem
295 2407 352 2449 uon
366 2392 421 2449 nisi
436 2392 583 2452 tricesima
595 2391 662 2451 luna
676 2407 775 2468 posse.
798 2389 881 2450 Fiunt
891 2398 986 2450 autem
998 2388 1093 2448 bieme
1107 2394 1157 2447 151

108 2490 241 2533 maxume
258 2473 294 2533 ab
311 2475 498 2552 aequinoctio
515 2474 670 2535 autumnali
686 2474 732 2535 die
750 2474 954 2535 decrescente.
980 2490 1038 2551 quo
1053 2488 1115 2531 rur-

108 2574 162 2615 sus
176 2565 332 2629 orescente
351 2558 387 2617 ab
403 2559 589 2639 aequinoctio
604 2576 697 2618 verno
715 2575 772 2617 nou
789 2559 945 2632 exsistunt,
964 2575 1019 2615 nec
1036 2556 1116 2614 circa

109 2639 262 2700 solstitium
278 2639 455 2717 longissimis
472 2642 592 2717 diebus,
609 2642 709 2701 bruma
719 2658 808 2717 vero,
825 2641 854 2700 id
867 2650 912 2699 est
925 2638 1114 2711 brevissimis,

75 2736 99 2779 so
108 2721 289 2801 frequenter.
318 2723 404 2785 iidem
424 2724 563 2785 sublimes
586 2724 683 2784 bannili
704 2725 770 2784 sole
784 2722 972 2797 ‘humilesque
988 2719 1113 2791 sublimi,

108 2814 138 2865 et
152 2806 282 2864 minores
299 2808 412 2865 oriente
431 2816 478 2867 aut
496 2808 662 2883 occidente,
679 2807 732 2866 sed
748 2806 776 2865 in
792 2804 968 2866 latitudinem
984 2803 1113 2874 demissi,

107 2887 230 2949 meridie
248 2888 361 2963 exiles,
385 2907 486 2948 verum
508 2890 630 2949 ambitus
656 2890 783 2949 maioris.
816 2895 928 2947 aestate
950 2894 1045 2945 autem
1061 2900 1115 2959 per

107 2970 259 3030 meridiem
274 2988 333 3030 non
349 2980 513 3047 cernuntur,
530 2981 597 3049 post
613 2972 737 3031 autumni
752 2970 965 3047 aequinoctium
979 2983 1113 3046 quacum·

107 3072 165 3132 qne
184 3052 268 3127 bora,
284 3072 340 3113 nec
356 3072 488 3133 umquam
504 3053 604 3132 plures
621 3054 703 3113 simul
720 3070 805 3131 quam
820 3050 887 3111 duo.

74 3156 99 3198 as
167 3136 254 3213 (61.)
273 3134 380 3197 Cetera
395 3137 526 3196 eiusdem
545 3146 663 3196 naturae
679 3152 736 3193 non
753 3133 848 3194 multis
865 3135 951 3195 dubia
969 3134 1156 3195 esseni-152

109 3220 175 3278 deo.
198 3218 249 3278 60.
267 3220 437 3294 grandinem
453 3217 636 3295 conglaciato
652 3218 743 3277 imbre
761 3218 841 3295 gigni
857 3227 886 3278 et
902 3221 997 3279 nivem
1008 3218 1114 3277 eodem

108 3317 208 3360 umore
220 3302 337 3361 mollius
350 3311 464 3377 coacto,
481 3302 609 3379 pruinam
623 3310 717 3363 autem
729 3319 767 3359 ex
778 3318 845 3361 rore
858 3302 968 3379 gelido.
986 3318 1041 3379 per
1052 3299 1112 3359 bie·

107 3402 183 3443 mem
200 3384 275 3442 nivis
295 3385 419 3459 cadere,
437 3400 494 3444 non
511 3386 682 3461 grandines,
702 3385 840 3464 ipsasque
854 3386 1010 3461 mundinas
1027 3384 1112 3442 inter·

192 3487 263 3525 eninr
281 3487 345 3525 nan.
365 3487 435 3525 ursr.
465 3472 486 3528 l.
894 3469 913 3524 7
