2542 3842
253 176 256 181 ⁵
298 172 544 266 nemausum.
565 203 853 289 64-67.(64-ot.)
1051 207 1134 271 rot*

110 372 280 451 conspicua,
298 388 335 431 ao
349 370 454 449 procul
467 370 626 431 recedente
642 372 772 447 cangio,
789 372 813 431 si
829 372 896 449 quid
909 372 987 452 quod
998 373 1111 452 lulgem

109 456 252 533 religetur
268 456 297 513 in
313 455 379 514 mali
396 456 556 528 cacumine,
575 454 710 532 paulatim
725 455 906 517 descendere
923 458 1056 518 rideatur
1080 468 1111 520 et
1219 521 1225 525 .

108 549 258 618 postremo
275 538 445 597 occultetur.
482 537 607 616 denique
631 554 774 612 oceanus,
798 555 884 615 quern
901 540 1023 601 latemur
1044 543 1108 603 ulti-

107 642 192 696 mum,
206 639 328 701 uuarmm
340 620 395 681 alia
408 620 498 696 ligura
511 622 686 681 cohaereret
697 630 784 701 atque
796 639 856 680 non
866 622 1017 683 decideret
1028 626 1108 685 nullo

85 706 181 765 nultra
192 702 323 781 margine
339 702 525 763 includente?
548 703 579 763 ld
594 705 687 783 ipsum
700 706 738 765 ad
751 704 919 765 miraculum
934 707 1019 782 redit,
1030 726 1107 786 quo·
1159 766 1166 775 ,

107 808 169 849 nam
190 788 297 862 modo,
322 788 433 847 etiamsi
453 787 605 863 globetur,
630 797 792 849 extremm
813 805 871 848 non
887 788 1003 849 decidat
1016 808 1107 853 mare.

108 881 207 933 eontra
224 871 317 949 quod,
339 880 369 930 ιιι
386 871 441 930 sint
459 870 544 948 plana
557 872 645 931 maria
662 882 762 951 etqua
779 872 912 934 videntur
926 872 1034 949 ligura,
1050 892 1108 935 non

107 973 197 1035 posse
212 954 241 1013 id
256 954 392 1014 accidere
408 972 513 1030 magno
534 972 586 1014 suc
601 956 707 1031 gaudio
723 962 884 1036 magnaque
898 956 994 1032 gloria
1008 959 1107 1016 iuven-

105 1049 187 1099 tores
203 1036 306 1097 Graeci
323 1036 479 1096 subtilitate
496 1040 677 1113 geometrica
694 1039 812 1099 docent.
840 1058 964 1118 namque
985 1057 1049 1101 cum
1068 1051 1149 1108 e165

74 1120 221 1182 resublimi
236 1122 265 1179 in
280 1120 416 1179 inferiora
434 1137 527 1198 aquae
549 1122 688 1196 serantur,
705 1131 735 1182 et
750 1122 786 1182 sit
800 1122 875 1183 haec
892 1132 992 1182 natura
1007 1142 1107 1185 earum

107 1204 255 1278 confessa,
273 1222 330 1263 nec
348 1204 497 1282 quisquam
516 1204 625 1264 dubitet
640 1204 669 1262 in
690 1206 775 1265 litore
791 1206 851 1267 ullo
872 1207 1037 1265 accessisse
1054 1226 1108 1268 eus

107 1305 164 1368 quc
187 1287 356 1363 longissime
373 1287 523 1347 devexitas
545 1293 632 1365 pa‘dsa
653 1288 706 1362 sit,
727 1288 833 1365 procul
853 1288 941 1349 dubio
962 1289 1106 1366 adparere

107 1372 174 1451 quo'
191 1371 258 1448 quid
279 1370 411 1429 humilius
427 1370 464 1428 sit
478 1372 598 1450 propius
614 1388 631 1429 a
647 1380 748 1430 centro
771 1389 839 1431 esse
861 1381 975 1447 terrae,
1001 1374 1106 1433 omnis-

107 1473 163 1534 que
181 1454 264 1514 linias
282 1470 356 1532 quae
375 1454 535 1513 emittantur
553 1471 591 1513 ex
607 1470 645 1513 eo
659 1454 696 1514 ad
713 1472 869 1533 proxumas
883 1474 973 1534 aquas
988 1456 1105 1517 brevio-

70 1558 94 1597 ιι
104 1555 153 1597 res
171 1536 235 1597 lieri
252 1554 336 1614 quam
352 1554 426 1614 quae
441 1538 478 1597 ad
493 1547 652 1597 extremum
668 1556 747 1598 mare
762 1540 894 1617 aprinis
909 1540 1008 1617 aquis,
1031 1558 1103 1617 ergo

103 1630 177 1681 totas
200 1621 334 1698 omnique
356 1638 394 1679 cx
409 1629 491 1697 parte
507 1639 597 1699 aquas
620 1640 746 1699 vergere
763 1623 792 1681 in
813 1632 957 1697 centrum,
976 1623 1104 1701 ideoque

101 1720 158 1763 non
173 1703 324 1777 decidere,
341 1704 475 1781 quoniam
489 1705 518 1763 in
532 1706 670 1764 interiora
684 1706 814 1765 nitantur.
998 1770 1000 1774 ,

165 1786 250 1863 (66.)
279 1784 363 1859 Quod
388 1788 427 1847 ita
449 1788 591 1849 formasse
617 1789 723 1848 artilex
751 1797 850 1850 natura
876 1790 958 1864 credi
980 1788 1146 1865 debet,166

101 1878 142 1945 ut,
159 1886 224 1929 cum
238 1877 317 1929 terra
340 1869 420 1930 arida
444 1880 473 1929 et
494 1872 572 1931 sicca
584 1881 729 1932 constare
748 1889 803 1951 per
823 1891 856 1933 se
872 1890 907 1933 ae
923 1874 986 1934 sine
1000 1890 1101 1935 umore

67 1970 159 2013 aenon
175 1960 293 2029 posset,
315 1970 371 2013 nec
386 1971 486 2013 rursus
502 1963 579 2013 stare
597 1972 671 2035 aqua
685 1956 740 2015 nisi
758 1957 916 2017 sustinente
930 1967 1024 2033 terra,
1041 1976 1100 2017 mu·
1145 2004 1149 2010 .
1236 1968 1242 1973 ’

100 2045 149 2095 tuo
167 2034 286 2113 inplexu
303 2036 504 2113 iungerentur,
526 2032 581 2097 hac
598 2039 677 2097 sinus
690 2040 851 2116 paudeme,
879 2040 929 2101 illa
943 2057 1018 2101 vero
1033 2058 1101 2117 per·

100 2127 214 2178 meante
232 2126 330 2193 totam,
348 2120 420 2179 intra
436 2128 518 2181 extra
534 2138 636 2197 supra,
653 2122 738 2180 renis
754 2131 784 2181 ut
797 2123 920 2181 vinculis
937 2124 1101 2183 discurren-

100 2199 193 2276 tibus,
218 2210 304 2280 atque
327 2204 411 2263 etiam
433 2203 462 2263 in
484 2204 599 2262 summis
624 2204 699 2279 iugis
722 2212 908 2280 erumpente,
927 2222 984 2282 quo
1001 2206 1101 2280 spiritu

100 2293 165 2345 acta
177 2292 208 2344 et
223 2293 319 2345 terrae
334 2287 465 2364 pondere
482 2303 624 2363 expressa
641 2284 793 2364 siphonum
808 2285 895 2346 modo
910 2288 1024 2359 emicat,
1040 2294 1100 2344 tau·

63 2378 217 2447 astumque
233 2386 249 2427 a
267 2369 398 2446 periculo
414 2369 568 2430 decidendi
583 2368 686 2444 abest,
709 2378 739 2428 ut
754 2370 784 2429 in
798 2387 904 2430 summa
919 2386 1052 2448 quaeque
1071 2377 1102 2429 et

99 2451 237 2511 altissima
254 2452 378 2513 exsiliat.
411 2452 474 2527 Qua
491 2453 602 2513 ratione
619 2453 799 2514 manifestum
823 2464 868 2514 est
883 2473 973 2533 quare
988 2462 1031 2513 tot
1048 2451 1100 2513 llo·

98 2535 205 2593 minum
221 2535 366 2595 cotidiano
383 2554 507 2597 accessu
522 2538 610 2597 maria
630 2554 688 2597 non
704 2546 847 2598 crescant.
879 2538 929 2599 66.
945 2536 999 2597 Est
1013 2537 1101 2613 igitur

18 2608 26 2621 ⁴
97 2618 127 2675 in
142 2625 205 2676 tcto
223 2618 382 2694 suoglcbo
399 2621 485 2680 tellus
506 2620 601 2679 medio
620 2620 726 2682 ambitu
747 2622 914 2700 praecincta
932 2615 1144 2680 circumduc
1242 2690 1254 2710 Ν

96 2701 180 2775 mari,
196 2718 254 2759 nec
267 2704 443 2778 argumentis
458 2702 520 2764 boc'
531 2704 742 2781 vestigandum,
754 2706 807 2766 sed
817 2706 877 2773 ianr
892 2702 1100 2782 experimentis

61 2794 88 2835 ³⁰
99 2784 256 2859 cognitum.

161 2866 212 2927 67.
233 2859 316 2946 (67.)
332 2866 358 2926 Α
375 2867 500 2930 Gadibus
517 2870 714 2950 columnisque
730 2869 865 2929 Herculis
878 2868 1034 2945 Hispaniae
1051 2876 1079 2926 et
1091 2870 1143 2927 167

96 2946 254 3009 Galliarum
276 2952 396 3011 circuitu
420 2962 497 3013 totus
519 2954 606 3013 bodie
623 2954 773 3028 navigatur
795 2953 944 3011 occidens.
975 2951 1099 3029 Septen-

94 3032 227 3091 trionalis
238 3050 310 3092 voro
325 3051 455 3096 oceanus
469 3038 579 3097 maiore
595 3054 634 3095 ex
646 3045 729 3113 parte
740 3034 891 3109 nariffltus
906 3043 951 3094 est
962 3034 1101 3113 auspiciis

94 3114 154 3173 divi
176 3113 301 3191 Augusti
325 3116 506 3179 Germaniam
528 3119 624 3178 classe
649 3119 841 3177 circumvecta
865 3118 901 3179 ad
920 3116 1101 3179 Cimbrorum

59 3208 84 3249 ιι
95 3200 325 3273 promontorium
346 3209 375 3259 et
392 3202 459 3261 inde
478 3203 609 3261 inmenso
627 3201 697 3262 mari
715 3211 873 3278 prospecto
896 3203 1032 3263 aetiana
1050 3217 1099 3260 eo·

94 3281 176 3355 guito
190 3281 359 3355 Scythicam
382 3283 418 3344 ad
429 3284 544 3361 plagam
559 3292 589 3344 et
600 3300 700 3346 umore
714 3283 800 3343 nimio
815 3286 948 3361 rigentia.
974 3284 1099 3360 Propter

94 3364 172 3439 qnod
196 3365 322 3424 minume
339 3367 498 3425 verisimile
521 3376 565 3426 est
585 3367 754 3426 illicmaria
776 3366 903 3427 deiicere
925 3366 974 3426 ubi
990 3365 1098 3425 umoris

91 3446 137 3505 ris
152 3455 285 3535 superet.¹
316 3446 398 3509 luxta
421 3466 493 3508 vero
516 3449 552 3509 ab
570 3459 633 3509 ortu
660 3468 698 3509 ex
712 3448 812 3510 indico
835 3451 906 3509 mari
922 3449 975 3507 suh
992 3448 1098 3510 ecdem
