2542 3842
322 210 401 259 nar.
416 206 507 257 nrsr.
524 188 722 289 irrueret(
738 196 887 279 (ts-41),
1044 163 1104 261 ili

106 370 211 429 citatae
224 348 378 445 provolant
395 364 559 442 crebroque
584 364 713 425 lacerant
731 366 860 443 quamuis
879 367 1104 444 praevelocibus

105 452 222 513 camelis
237 450 385 527 lugientis.
419 456 496 509 truta
514 448 673 527 pernicitas
687 449 847 527 feritasque
866 458 912 508 est
925 468 990 510 cnm
1004 468 1104 512 umore

105 552 176 596 aurr.

131 662 135 667 ·
167 618 217 680 32.
237 618 321 697 (37.)
337 612 425 676 ΜιιΙίιι
441 625 535 677 autem
549 617 661 677 insecta
674 625 706 675 et
719 616 805 676 uliter
819 625 984 694 nascuntur,
1000 627 1145 699 atqncilt

79 706 132 765 uin
147 703 246 782 primis
262 716 300 760 en
316 718 394 761 rore.
430 699 540 761 lusidet
563 700 611 759 lric
627 700 748 779 raphani
772 700 846 761 lolio
866 702 959 779 primo
978 720 1051 763 vere
1073 712 1106 763 et

104 788 246 865 spissatus
266 785 331 845 sole
351 786 381 843 iu
395 784 617 861 magnitudinem
631 784 691 843 mili
706 785 830 862 cogitur.
859 784 924 844 inrle
946 787 1104 864 porrigitur

102 870 277 929 vermiculus
292 884 400 947 parvos
419 877 449 928 et
463 868 557 928 triduo
574 883 642 928 mox
659 886 759 945 uruca,
775 886 850 948 quae
863 868 985 929 adiectis
1000 869 1104 930 diebus

103 954 257 1027 adcrescit,
273 953 428 1027 inmobilis,
444 952 517 1011 duro
532 954 653 1012 cortice.
670 953 707 1012 ad
717 961 823 1013 tactum
838 962 943 1012 tuntum
958 963 1101 1031 movetur,

104 1054 210 1097 amuco
232 1038 351 1097 adcretu
372 1054 456 1114 quan
469 1036 678 1111 chrysallidem
694 1035 863 1115 appellant.
890 1045 977 1115 rupto
998 1037 1103 1098 ‹leiurle

70 1139 95 1179 ru
109 1124 219 1181 cortice
236 1122 316 1181 volat
330 1120 450 1199 papilio.

168 1205 218 1267 33.
240 1203 323 1283 (38.)
356 1206 405 1264 Sic
429 1203 568 1281 quaedam
588 1222 626 1263 ex
643 1203 727 1264 imbri
747 1214 924 1282 generantur
944 1207 973 1263 in
993 1212 1081 1279 terre,
1095 1214 1145 1270 11⁸

105 1290 245 1369 quaedam
264 1296 293 1347 et
307 1288 336 1346 iu
351 1288 440 1365 liguo.
466 1305 521 1348 uec
540 1289 615 1348 euim
628 1289 706 1348 cossi
721 1296 828 1348 tuntum
842 1291 871 1349 iu
885 1304 934 1365 eo,
950 1288 1104 1348 sedetiam

105 1372 201 1434 tabani
224 1391 262 1432 ex
287 1389 323 1431 eo
345 1379 500 1432 nascuntur
519 1381 549 1432 et
569 1372 624 1432 alia
642 1371 815 1451 ubicumque
832 1390 915 1432 umor
930 1382 977 1433 cst
990 1372 1102 1433 nimius.

107 1456 190 1536 (39.)
208 1458 282 1517 sicut
295 1456 367 1516 iutra
382 1457 526 1516 homiuem
536 1458 649 1517 taeniae
672 1453 812 1516 tricenum
828 1458 933 1536 perlem
949 1456 1103 1534 aliquanto

70 1564 95 1605 ιι
105 1550 135 1601 et
150 1541 272 1619 plurium
295 1540 482 1621 longitudine.
519 1542 574 1601 iarn
590 1542 724 1600 incarne
740 1541 864 1601 exanimi
883 1550 914 1601 et
926 1541 1083 1601 virentium
1094 1549 1153 1605 114,

106 1642 222 1703 qnoque
243 1624 386 1684 lominum
406 1624 531 1702 rupilio,
552 1642 608 1703 qua
624 1624 767 1685 localitate
788 1633 818 1685 et
832 1624 914 1685 Sulla
936 1624 1060 1686 dictator
1073 1632 1103 1684 et

105 1708 226 1768 Alcman
248 1726 286 1767 ex
302 1708 467 1767 clarissimis
483 1706 623 1769 Graeciae
644 1710 741 1787 poetis
763 1708 875 1769 obiere.
907 1709 964 1768 lroc
989 1709 1104 1787 quiden

105 1801 134 1851 et
156 1794 217 1852 auis
240 1792 373 1867 infestat,
404 1792 557 1870 phasianas
584 1810 656 1861 uero
684 1795 827 1853 interemit
848 1793 903 1853 nisi
925 1791 1102 1871 polvereriis

105 1895 182 1937 sese.
221 1876 484 1935 l’ilcs-lrabentium
505 1879 614 1937 ιιίιιιιιιι
640 1886 746 1938 tantum
765 1878 909 1938 inmunem
929 1876 987 1936 lroo
1007 1876 1145 1941 malello

68 1983 94 2026 20
104 1961 225 2021 credunt
241 1968 270 2017 ct
284 1961 357 2019 ovis.
391 1961 545 2035 gignuntur
566 1970 661 2021 autern
682 1971 713 2021 et
729 1964 821 2021 vestis
840 1978 967 2038 genere,
988 1961 1103 2039 praeci·
1153 2030 1162 2041 x

104 2060 161 2121 pue
185 2043 290 2102 lanicio
318 2043 551 2120 interemptarum
574 2061 590 2102 a
612 2044 688 2122 lupis
710 2047 816 2104 ovium.
868 2060 959 2121 aquas
985 2060 1104 2123 qnoque
1138 2038 1141 2043 ’

104 2127 241 2205 quasdam
255 2124 358 2203 quibus
374 2125 502 2185 lavemur
512 2126 671 2185 fertiliores
686 2128 749 2187 eius
763 2127 882 2204 generis
895 2128 1014 2186 invenio
1027 2126 1104 2207 apnil

104 2219 250 2284 auctores,
267 2210 375 2286 quippe
390 2224 453 2268 cum
470 2210 556 2269 etiam
571 2207 659 2269 cerae
671 2210 774 2271 animal
783 2211 813 2271 irl
825 2211 943 2288 gignant
955 2211 1032 2288 qnod
1044 2212 1102 2271 ani-

103 2293 218 2353 mulium
233 2293 384 2351 minumum
403 2293 590 2353 existimatur.
622 2293 688 2354 alia
704 2311 805 2355 rursus
818 2302 995 2373 generantur
1008 2294 1101 2355 sordi·
1154 2305 1159 2316 ‘

67 2378 159 2437 cubus
179 2376 297 2437 aradiis
315 2376 403 2452 solis,
425 2378 618 2454 posteriorum
639 2378 757 2439 lascivia
780 2396 893 2439 crurum
915 2378 1121 2456 petauristas·

104 2460 159 2521 alia
176 2461 298 2539 pulvere
314 2460 409 2521 umido
423 2463 452 2521 in
467 2462 601 2521 cavernis
615 2463 757 2523 volucria.

125 2572 128 2577 ·
167 2546 216 2607 34.
235 2544 317 2624 (40.)
347 2544 400 2605 Est
421 2545 524 2605 animal
549 2547 677 2607 eiusdem
691 2547 954 2627 temporis,iullxo
967 2564 1084 2626 semper
1094 2557 1145 2614 uo

103 2632 233 2707 sanguini
248 2633 344 2708 capite
360 2631 461 2690 vivens
473 2639 559 2708 atque
570 2631 609 2691 ita
623 2632 828 2706 intumescens,
843 2648 928 2689 unmn
943 2630 1103 2692 animalium
1133 2705 1137 2711 Ι
1255 2668 1256 2671 =

103 2715 150 2772 cui
165 2712 220 2772 cibi
238 2730 295 2776 uon
314 2715 351 2773 sit
366 2716 471 2774 exitur.
491 2714 614 2775 dehiscit
630 2734 694 2775 cum
710 2718 795 2776 nimia
810 2714 1103 2789 saecularitatem

67 2816 94 2859 ιι
105 2796 171 2873 ipso
185 2800 321 2857 moriens.
354 2814 507 2877 uunquam
528 2798 585 2859 lroc
605 2800 634 2859 in
654 2802 786 2860 iumentis
804 2798 945 2876 gignitur,
967 2798 996 2856 in
1011 2798 1104 2859 lubus

102 2879 259 2957 frequens,
282 2881 311 2941 iu
328 2881 445 2941 canibus
466 2881 636 2960 aliquando,
658 2883 803 2961 inquibus
824 2883 927 2943 omniu.
956 2882 985 2940 ln
999 2882 1103 2943 cubus

103 2972 132 3022 et
152 2964 247 3042 capris
269 2966 327 3025 lroc
352 2965 453 3025 solum.
487 2965 590 3044 Aeque
612 2969 683 3027 mira
706 2968 852 3045 sanguinis
874 2974 905 3025 et
925 2964 1103 3027 lrirunrlinnn

88 3048 130 3105 in
149 3049 270 3126 palustri
295 3063 371 3128 aquo
394 3050 467 3110 sitis.
503 3067 625 3128 namque
642 3060 673 3110 et
697 3052 753 3112 lrae
774 3059 838 3110 toto
860 3050 956 3128 capito
977 3050 1102 3110 condun-

101 3140 157 3191 tur.
179 3131 240 3192 list
253 3133 375 3193 volucre
392 3132 509 3194 canibus
525 3134 675 3212 peculiare
689 3152 772 3196 suurn
784 3134 905 3210 malum,
922 3135 999 3194 ruris
1013 3136 1101 3194 muni·

67 3240 92 3281 ee
103 3233 148 3275 me
164 3214 310 3277 lancinans
328 3234 403 3295 quae
418 3218 534 3278 deieuili
548 3234 646 3278 morsu
662 3235 721 3279 non
736 3228 852 3299 queunt.

165 3300 215 3362 35.
237 3300 320 3380 (41.)
350 3300 429 3361 ldcrn
452 3301 546 3381 puluis
569 3304 597 3361 lu
620 3303 692 3363 lunis
714 3311 744 3363 et
765 3312 850 3363 veste
873 3305 967 3363 tineas
990 3311 1080 3380 creet,
1093 3311 1143 3366 117

102 3388 261 3464 praecipue·
282 3386 307 3446 si
323 3402 445 3447 araneus
469 3404 523 3446 unu
545 3386 716 3448 includatur.
757 3388 816 3449 sitit
836 3388 926 3466 enim,
944 3395 974 3445 et
989 3398 1144 3446 omneurm

57 3507 61 3533 t
102 3486 231 3529 umorem
259 3469 422 3531 absorbens
449 3471 608 3533 ariditatem
637 3471 762 3553 ampliat.
805 3472 863 3534 lroc
886 3480 916 3531 et
936 3472 972 3530 iu-
993 3470 1101 3532 clrartis

81 3634 86 3643 ι
144 3575 212 3613 omn.
225 3558 288 3639 nar,
299 3576 368 3618 ursr.
380 3561 413 3617 11.
899 3551 937 3615 12
