2542 3842
155 164 212 224 170
474 218 486 237 ,
502 174 531 221 c.
548 172 645 221 entur
659 173 809 222 snouaor

151 329 218 389 Deli
232 327 253 388 L
275 328 335 389 mil.
353 344 449 407 pass,
465 326 625 405 eademqne
640 344 657 386 a
672 325 758 386 Samo
779 324 890 387 XXXV
904 327 980 404 mil,
1002 328 1078 389 inter
1093 328 1152 390 Eu·

150 413 254 473 hosam
276 422 304 473 et
319 412 447 471 Andrum
460 410 488 471 X
501 412 561 471 mil.
576 428 655 490 pass.
671 410 765 487 freto,
781 409 818 469 ab
834 427 869 471 ea
888 409 1058 474 Geraestum
1073 411 1153 473 CXII

108 496 178 563 ceti
194 495 219 555 D
236 513 314 574 pass.
345 494 410 555 Nec
426 495 531 556 deinde
552 495 664 555 servari
679 502 777 572 potest
792 495 875 554 ordo.
904 498 1061 558 acervatim
1077 514 1152 574 ergo

149 589 292 658 ponentur
313 580 455 657 reliquae.
490 579 616 655 Scyros,
642 577 691 649 los
715 596 732 638 a
754 577 837 637 Naxo
862 577 958 639 XVIII
983 581 1042 640 mil.
1069 597 1150 659 pass.

148 663 265 724 Homeri
281 663 438 743 sepulchro
459 661 642 736 veneranda,
668 661 847 737 longitudme
864 659 947 722 XXV
962 664 1041 739 mil,
1065 673 1176 724 anteas

110 806 111 811 ,
148 741 295 808 Phoenice
318 746 480 824 appellata,
500 743 587 819 Odia,
612 742 804 819 Oletandros‚
829 744 922 820 Gyara
944 764 1009 807 curn
1026 748 1150 826 oppido,

148 831 269 891 circuitu
283 830 338 890 XII
358 829 416 888 mil.
439 845 590 905 passuum,
612 825 697 886 abest
718 826 755 885 ah
771 827 872 887 Andro
889 827 967 889 LXII
982 829 1041 890 mil.
1057 847 1151 909 pass,

148 914 184 975 ah
197 932 231 975 ea
245 915 354 990 Syrnos
366 910 471 970 LXXX
481 910 539 969 mil.
549 927 697 987 passuum,
712 906 888 987 Cynaethos,
901 911 992 972 'l'elos
1002 922 1151 991 unguento

147 998 253 1058 nobilis
276 1015 293 1056 a
311 993 487 1055 Callimacho
503 992 670 1071 Agathussa
685 995 850 1073 appellata,
873 994 1010 1073 Donusa,
1034 996 1150 1057 Patmos

148 1082 268 1141 circuitu
288 1077 370 1139 XXX
389 1078 448 1137 mil.
470 1095 623 1156 passuum,
650 1074 822 1155 Corassiae,
847 1078 1021 1156 Lebinthos,
1043 1078 1148 1157 Gerus,
1162 1094 1189 1134 10

105 1162 262 1240 ioCmara,
279 1164 392 1224 Sicinus
404 1180 480 1240 quae
494 1160 704 1238 antea-Ocnos,
717 1161 852 1223 llieraoia
864 1181 938 1242 quae
952 1162 1041 1241 Onus,
1054 1161 1151 1225 Casos

147 1266 221 1327 quae
233 1246 374 1323 Astrabe,
399 1242 528 1305 Olmolus
552 1264 627 1325 quae
643 1245 821 1322 Echinussa,
842 1245 938 1307 llelos
958 1266 1022 1308 cum
1038 1249 1150 1327 oppido

147 1348 231 1409 quam
254 1330 398 1391 Aristides
417 1327 564 1390 hlimhlida
592 1330 738 1407 appellat,
763 1329 941 1390 Aristoteles
963 1330 1150 1409 Zephyriam,

148 1413 340 1475 Callimachus
354 1411 524 1489 Mimallida,
545 1412 718 1475 Heraclides
736 1413 846 1491 Siphim
868 1423 898 1473 et
921 1414 1046 1489 Acyton.
1073 1415 1150 1475 haec

146 1497 300 1559 insularum
326 1495 527 1556 rotundissima
552 1506 607 1555 est.
642 1496 835 1577 Buporthmos
860 1495 991 1572 Ilachia,
1017 1496 1187 1577 llypere,rs

147 1580 289 1660 quondam
304 1578 424 1657 Patage,
442 1590 470 1640 ut
484 1572 544 1656 alii,
559 1579 691 1658 Platage,
707 1599 783 1641 nunc
797 1580 955 1658 Amorgos,
971 1580 1149 1658 Polyaegas,

146 1664 273 1741 Sapyle,
296 1661 408 1737 Thera,
434 1666 633 1743 cumprimum
652 1666 785 1741 emersit,
809 1661 932 1724 Calliste
947 1664 1033 1725 dicta.
1059 1682 1098 1724 ox
1113 1683 1151 1726 ea

146 1747 247 1808 avolsa
261 1756 364 1825 postea
376 1746 525 1823 Therasia,
542 1756 628 1826 atque
640 1750 716 1808 inter
727 1750 798 1809 duas
810 1756 893 1808 enata
904 1766 972 1809 mox
983 1747 1149 1824 Automate,

147 1830 250 1890 eadem
270 1829 371 1903 lliera,
397 1840 426 1890 ot
450 1832 478 1891 in
503 1834 602 1891 no'stro
630 1848 705 1892 aevo
725 1831 796 1892 Thia
821 1832 899 1892 iuxta
914 1832 1032 1892 easdem
1053 1840 1147 1896 enata.

106 1914 231 1973 srdistat
251 1911 300 1973 los
320 1931 337 1973 a
358 1913 453 1975 Thera
473 1913 556 1975 XXV
570 1915 628 1975 mil.
646 1933 725 1993 pass.
756 1916 900 1975 Secuntur
913 1914 987 1990 Lea,
1010 1914 1146 1991 Ascania,
1159 1932 1187 1973 eo

144 1996 287 2073 Anaphe,
312 1996 459 2075 Hipparis.
497 1997 675 2077 Astypalaea
704 1998 816 2059 liberae
844 2000 983 2076 clvitw's,
1010 1999 1149 2058 circuitus

146 2078 319 2147 LXXXVIII
333 2081 391 2140 mil.
408 2099 553 2160 passuum,
570 2082 654 2142 abest
669 2099 685 2142 a
702 2079 820 2144 Cadisto
837 2080 943 2142 Cretae
956 2079 1063 2142 CXXV
1076 2081 1149 2156 mih,

146 2162 183 2223 ab
196 2180 231 2223 ea
244 2162 341 2224 Platea
353 2162 403 2224 LX
414 2166 484 2240 mil,
502 2167 578 2226 unde
595 2163 723 2227 Caminla
736 2165 886 2227 XXXVlll
897 2166 968 2242 mil,
983 2164 1148 2240 Azibintha,

101 2314 104 2319 A
145 2244 265 2323 Lanise,
282 2246 417 2325 Atragia,
434 2248 656 2325 Pharmacussa,
673 2249 835 2322 Teohedia,
853 2246 988 2324 Chalcia,
1011 2246 1149 2324 Calymne

147 2330 175 2389 in
193 2348 248 2408 qua
260 2332 412 2409 oppidum,
430 2329 519 2407 Coos,
536 2331 684 2405 Eulimna,
706 2348 796 2406 aqua
814 2328 989 2406 Carpathum
1005 2350 1080 2409 quae
1097 2349 1148 2391 no·
1159 2342 1187 2383 ²⁵

145 2430 212 2473 men
229 2411 385 2490 Carpathio
400 2416 470 2471 mari
487 2413 565 2472 dedit
580 2411 662 2470 XXV
677 2411 735 2470 mil.
752 2428 898 2487 passuum.
928 2410 999 2471 Inde
1017 2413 1150 2474 Rhodum

145 2494 247 2554 Africo
269 2503 356 2554 vento
371 2493 393 2552 L
409 2491 438 2551 M
454 2511 550 2571 pass,
569 2510 585 2552 a
608 2491 754 2570 Carpatho
771 2490 876 2550 Casum
892 2491 946 2551 Vss
966 2492 1011 2569 hl,
1036 2513 1053 2554 a
1071 2494 1149 2555 Caso

146 2578 336 2637 Sammoniurn
354 2573 460 2635 Cretae
475 2576 702 2653 promontorium
716 2572 799 2634 XXX
813 2573 852 2633 hl.
877 2576 906 2633 ln
920 2573 1031 2654 Euripo
1054 2586 1150 2637 autem

145 2658 290 2734 Euboico,
309 2659 400 2737 primo
418 2657 481 2718 lere
497 2660 624 2733 introitu,
641 2657 770 2717 Petaliae
786 2665 921 2735 quattuor
933 2659 1058 2735 insulae,
1075 2668 1104 2719 et
1120 2662 1150 2720 in

146 2743 232 2819 exitu,
246 2741 392 2803 Atalante.
423 2739 568 2816 Cyclades
593 2748 622 2800 et
646 2739 797 2818 Sporades
817 2740 854 2801 ab
878 2742 992 2801 oriente
1014 2742 1185 2804 litoribuseo

146 2823 247 2884 Icariis
263 2824 369 2900 Asiae,
391 2824 428 2885 ab
449 2823 603 2884 occidente
619 2822 741 2900 llyrtois
756 2822 889 2900 Atticae,
910 2842 927 2885 a
950 2828 1150 2906 septentrione

147 2905 269 2983 Aegaeo
290 2910 377 2984 mari,
398 2926 414 2969 a
436 2908 556 2969 meridie
579 2907 698 2969 Cretico
720 2916 750 2967 et
766 2906 923 2985 Carpathio
943 2909 1073 2971 inclusae
1094 2928 1150 2990 per

105 2988 223 3049 reuco
238 2991 268 3051 hi
278 2994 307 3052 in
321 2992 527 3068 longitudinem
545 3000 573 3051 et
589 3010 644 3072 per
659 2989 709 3050 CC
724 2992 753 3050 in
767 2990 945 3053 latitudinem
959 2995 1065 3054 iacent.
1096 2993 1148 3055 Pa·

118 3092 142 3126 rs
151 3074 267 3150 gasious
278 3076 358 3135 ¹sinus
370 3084 435 3136 ants
447 3094 480 3136 se
491 3074 579 3136 habet
590 3076 734 3150 Euthiam,
751 3072 951 3152 Cicynethum,
964 3079 1087 3152 Scyrum
1101 3096 1148 3135 su·

147 3173 199 3234 pra
217 3156 321 3218 dictam
337 3160 390 3219 sed
406 3158 563 3234 Cycladum
579 3168 608 3218 et
623 3158 784 3238 Sporadum
802 3168 955 3236 enormem,
973 3160 1148 3235 Ceremiam,
1159 3169 1187 3211 8⁵

148 3238 331 3316 Scandiram,
347 3240 525 3303 Thermaeus
535 3242 664 3318 Iresiam,
677 3242 855 3319 Solimniam,
868 3243 1046 3317 Eudemiam,
1058 3242 1150 3303 Neam

148 3338 223 3398 quas
238 3320 386 3383 Mineruae
409 3342 492 3385 sacra
517 3334 576 3401 est,
603 3326 697 3385 Athos
713 3334 781 3386 ante
800 3344 834 3387 se
850 3337 999 3406 quattuor,
1021 3326 1150 3402 Pepare-

95 3470 97 3474 ,
147 3403 224 3462 thum
247 3422 311 3466 cum
332 3407 441 3487 oppido
467 3409 609 3489 quondam
630 3408 781 3471 Evoennm
804 3411 908 3471 dictam
929 3408 1010 3469 Vllll
1033 3407 1063 3469 ot
1082 3426 1149 3488 pas-
