2542 3842
346 193 427 241 nur.
442 193 534 243 mar.
551 194 617 243 1111.
645 193 686 245 ra.
710 180 859 266 (aseae.)
1059 186 1116 245 171

11 340 14 407 5
113 365 214 422 sunm,
236 346 383 408 Sciathum
402 344 517 421 XVII,
542 346 668 407 Imbrum
690 366 755 408 curn
776 350 885 427 oppido
901 347 1075 411 LXXXVIII
1088 348 1118 410 Μ

10 430 12 491 5
113 449 261 511 passuum.
284 432 386 492 eadem
401 430 486 491 abest
501 449 517 491 a
532 429 671 492 Mastusia
687 429 864 493 Cherronesi
877 432 960 493 XXV
976 433 1006 495 Μ
1024 452 1116 513 pass,

112 517 178 595 ipsa
202 515 323 576 clrcuitu
339 512 416 574 LXII
431 512 461 574 II
482 532 617 593 passuum
639 515 820 594 perfunditur
840 534 922 575 amne
945 516 1041 577 Ilisso.
1071 516 1160 583 ΑΜΒ

113 617 149 660 es
168 597 295 659 Lemnos
315 596 463 673 XXIIII,
493 615 568 676 quae
588 597 624 658 ab
643 598 722 659 Atho
739 597 899 660 LXXXVII
920 598 950 659 Μ
970 618 1115 678 passuum.

91 684 237 744 sctrcuitu
252 690 333 760 patet
348 679 428 741 CXII
442 679 472 741 Μ
485 680 510 740 D
528 699 625 759 pasc,
642 682 751 759 oppida
765 682 854 742 habet
867 682 1072 760 Hephaestiam
1087 694 1117 744 et

112 765 254 841 Myrinam
275 767 303 825 in
321 766 402 826 cuius
422 764 516 824 iomrn
538 765 664 826 solstitio
681 765 775 826 Athos
798 766 957 826 eiaculatur
977 767 1115 827 umbram.

112 850 150 910 ab
168 868 206 911 ea
226 848 339 909 Thasos
358 848 452 908 libera
468 846 509 907 VI
525 847 551 908 Μ
569 867 720 927 passuum,
744 850 813 911 olim
826 849 917 909 Aeria
931 850 981 910 rel
996 849 1117 911 Aethria

112 933 201 995 dicta.
223 932 289 993 inde
305 931 424 992 Abdera
440 932 613 993 comisantis
628 931 711 993 XXII
724 930 754 993 Μ
768 951 915 1013 passuum,
931 933 1026 994 Athos
1039 932 1117 995 LXII

110 1016 151 1093 tt,
168 1015 333 1077 tantundem
348 1014 441 1075 Insula
456 1015 661 1091 Samothrace,
678 1034 754 1095 quae
769 1016 878 1093 libera,
893 1026 961 1077 ante
975 1016 1115 1091 Hebrum,

76 1100 150 1161 1⁰ab
172 1098 269 1160 Imbro
291 1097 401 1159 XXXII
416 1096 460 1175 u,
483 1117 500 1159 a
521 1097 629 1159 Lemno
645 1098 729 1159 XXII
742 1098 772 1159 Μ
785 1098 829 1176 D,
855 1116 874 1159 a
897 1099 1039 1163 Threciae
1063 1116 1114 1161 ora

109 1181 263 1243 XXXVIII
277 1182 321 1258 II,
345 1183 464 1242 circuitu
485 1178 597 1243 XXXII
610 1181 649 1243 Μ.
665 1182 806 1244 attollitur
820 1192 917 1243 monte
932 1185 1028 1243 Saoce
1044 1182 1116 1244 XII

110 1284 248 1346 passuum
260 1265 426 1341 altitudinis,
436 1264 486 1325 vel
497 1266 746 1343 inportuosissima
760 1267 892 1326 omnium.
920 1263 1114 1328 Callimachus

111 1368 177 1411 eam
192 1350 308 1429 antiquo
324 1350 439 1409 nomine
451 1348 625 1411 DardanIam
635 1357 732 1409 vocat.
759 1348 839 1409 Inter
856 1346 1070 1411 Cherronesum
1084 1358 1157 1415 etta

110 1432 331 1507 Samothracen,
343 1432 485 1510 utrmque
496 1430 560 1492 iere
572 1431 627 1492 XV
640 1430 872 1509 billalonnesos,
884 1434 957 1494 ultra
969 1432 1112 1506 Gethone,

74 1517 284 1596 rrLarnponia,
304 1515 551 1592 Alopeconnesus
573 1515 651 1579 baut·
663 1516 803 1595 procula
824 1515 918 1577 Coelo
935 1515 1114 1578 Cherronesi

110 1610 213 1682 portu,
236 1608 266 1661 et
288 1598 429 1679 quaedam
443 1598 598 1675 ignobiles.
630 1599 765 1661 Desertis
783 1617 899 1679 quoquc
914 1600 1071 1661 reddantur
1085 1600 1114 1659 in

109 1686 169 1745 hoc
184 1685 247 1745 sinu
265 1700 386 1762 quarum
402 1681 489 1742 modo
504 1684 625 1743 inveniri
642 1690 798 1761 potuemnt
811 1684 940 1744 nomina:
962 1682 1112 1759 Desticos,

110 1769 237 1845 Sarnos,
261 1765 413 1843 Cassiros,
437 1762 618 1844 Charbrusa,
640 1764 811 1842 Calathusa,
833 1766 1112 1844 martianinum,

109 1850 243 1929 Dictaea,
256 1849 423 1925 Melanthia,
433 1847 597 1927 Dracanon,
610 1849 809 1928 Arconnesus,
822 1850 973 1927 Diethusa,
986 1853 1111 1931 Scapos,

73 1932 272 2015 ttCapheris,
291 1933 420 2008 blesata,
440 1932 595 2011 Aeantion,
613 1932 840 2013 Pateronnesos,
855 1933 980 2013 Pateria,
997 1933 1111 2010 Calata,

109 2017 272 2097 Neriphus,
289 2017 445 2097 PpIendos.

177 2102 261 2181 (24.)
284 2100 409 2174 Quartus
431 2118 449 2161 e
472 2102 584 2178 magnis
604 2100 742 2180 Europae
764 2102 843 2162 siuns
865 2098 903 2160 ab
917 2099 1110 2178 Hellesponto
1118 2102 1153 2157 75

110 2186 255 2264 incipiens
277 2183 401 2245 Ilaeotis
422 2186 498 2244 ostio
522 2185 626 2243 linitur.
654 2184 708 2245 sed
728 2185 815 2243 totius
830 2182 914 2243 Ponti
933 2184 1025 2243 iornra
1044 2183 1111 2243 bre·

110 2270 187 2330 viter
202 2262 415 2347 conplectenda
429 2276 489 2342 cst,
505 2276 535 2327 ut
550 2266 665 2327 facilius
680 2276 780 2345 partes
794 2276 960 2327 noscantur.
993 2266 1112 2325 Vastum

72 2368 190 2413 armare
214 2353 385 2432 praeiacens
409 2351 499 2411 Asiae
521 2360 551 2411 et
572 2349 609 2413 ab
633 2350 751 2430 Europa
774 2359 912 2429 porrecto
935 2348 1111 2409 Cherronesi

108 2437 197 2497 litore
214 2434 365 2514 expulsum
387 2444 508 2513 angusto
530 2442 625 2495 meatu
649 2435 782 2514 inrumpit
805 2435 834 2495 in
854 2443 964 2510 terras,
985 2432 1039 2498 VII
1054 2441 1110 2493 sta·

110 2520 241 2594 diorum,
264 2526 294 2577 ut
308 2518 415 2579 dictum
435 2528 495 2595 est,
519 2518 673 2580 intervallo
694 2518 840 2597 Europam
856 2519 993 2580 auferens
1008 2517 1142 2580 Astaca

109 2604 219 2683 primas
242 2604 389 2677 angustias
408 2601 628 2682 lIellespoutum
647 2613 763 2664 vocant.
789 2603 845 2663 hac
865 2602 983 2663 Xerxes
1005 2601 1108 2663 Persa·

109 2704 173 2747 runr
190 2704 245 2746 rex
265 2694 411 2746 constrato
432 2689 462 2746 in
478 2687 597 2747 navibus
613 2696 702 2765 ponte
722 2688 802 2747 duxit
820 2689 989 2747 exercitam.
1015 2684 1109 2763 porri·

72 2787 100 2829 ac
108 2772 187 2848 gitur
204 2768 309 2829 deinde
324 2771 419 2829 tenuis
431 2768 556 2848 Euripus
569 2768 716 2830 LXXXVI
729 2768 759 2829 Μ
774 2787 852 2847 pass.
869 2769 962 2846 spatio
978 2768 1015 2829 ad
1030 2767 1108 2828 Pria·

109 2870 178 2934 purn
193 2851 296 2913 urbem
311 2851 418 2927 Asiae,
439 2870 495 2929 qua
510 2852 631 2930 Magnus
646 2853 815 2913 Alexander
828 2849 1015 2912 transcendit.
1042 2851 1151 2913 indeid
1268 2865 1269 2872 ’

110 2937 291 3014 exspatiatur
305 2953 417 3014 aequor
430 2954 588 3014 rursusque
603 2937 631 2994 in
646 2944 737 2995 artum
752 2938 820 2995 coit.
837 2936 941 2994 laxitas
954 2934 1109 3011 Propontis

110 3018 292 3098 appellatur,
314 3020 464 3095 angustiae
488 3020 627 3080 Thracius
642 3015 978 3097 bosporus,'latitudine
1000 3015 1108 3096 Dpas·

110 3120 203 3177 suurn,
220 3120 276 3180 qua
290 3101 395 3162 Darius
412 3110 496 3181 pater
509 3099 617 3161 Xerxis
633 3103 735 3178 copias
750 3109 839 3179 ponte
855 3102 1025 3162 transvexit.
1048 3109 1109 3161 tota

74 3199 100 3241 aa
109 3184 355 3263 abllellesponto
371 3181 520 3259 longitudo
536 3181 752 3245 CCXXXVIIII
765 3182 796 3245 Μ
808 3201 888 3264 pass.
910 3183 986 3245 DeIn
998 3193 1108 3244 vastum

110 3286 190 3329 mare
202 3267 310 3328 Pontus
321 3266 462 3342 EuxInus,
478 3269 526 3345 qui
540 3266 683 3345 quondam
693 3266 824 3343 Axenus,
840 3268 927 3344 longe
938 3267 1110 3344 refugientis

111 3358 239 3429 occupat
252 3358 346 3410 terras
363 3366 527 3427 magnoque
542 3350 658 3411 litorum
672 3351 750 3411 ilexu
764 3359 842 3411 retro
859 3361 992 3411 curvatus
1003 3352 1031 3409 in
1043 3366 1107 3409 eor·

111 3451 167 3497 nua
183 3432 220 3496 ab
239 3433 284 3496 his
304 3434 446 3515 utrimque
464 3434 638 3513 porrigitur,
664 3442 694 3497 ut
713 3435 750 3495 sit
768 3435 858 3514 plane
877 3452 962 3497 arcus
979 3432 1109 3509 Scythici
