2542 3842
188 162 230 223 76
537 170 567 217 c.
584 169 681 215 runnu
697 166 846 215 sncunnr

188 328 264 388 dicta
280 329 329 405 qui
349 326 510 387 concubino
527 324 645 403 procaci
661 340 727 381 rure
744 338 886 383 omassum
905 322 1002 383 edisse
1016 340 1049 382 se
1063 334 1193 401 negante

189 412 339 471 occiderat
354 410 475 484 hovem,
494 418 635 486 actusque
650 408 678 465 in
694 406 825 465 exsilium
846 416 987 486 tamquam
1006 408 1112 467 colono
1139 427 1192 468 suc

147 507 197 561 181
206 498 389 572 interempto.
422 493 524 553 Taums
543 494 571 550 in
594 490 743 568 adspectu'
756 492 956 566 generositas,
979 500 1061 550 torva
1081 492 1193 567 fronte,

188 578 307 639 auribus
321 580 456 652 saetosis,
473 575 609 636 cornibus
624 576 653 633 in
670 576 820 653 procinctu
839 576 1049 636 dimicationem
1064 592 1193 654 poscen-

190 663 275 724 tibus.
307 663 361 721 sed
384 670 446 721 tcta
462 660 634 720 conminatic
650 657 794 736 prioribus
811 660 838 717 in
856 659 988 736 pedihus.
1008 667 1064 719 stat
1076 661 1121 719 ira
1136 662 1216 737 gli-⁵

191 756 292 806 scente
306 746 435 805 alternos
457 745 603 823 replicans
625 759 826 821 spargensque
847 742 876 801 in
893 743 988 801 alvom
1009 743 1147 803 harenam
1164 754 1195 803 et

138 831 288 895 -lssisolus
302 830 462 889 animalium
478 846 515 887 eo
543 826 658 887 stimulo
677 826 842 886 ardescens.
869 826 998 886 Vidimus
1016 844 1053 886 err
1067 830 1193 905 imperio

191 916 351 976 dimicantis
366 922 395 972 et
410 913 477 972 ideo
489 920 662 971 monstrator
680 912 779 985 rotari,
796 910 934 971 cornibus
949 911 1077 971 cadentis
1094 914 1194 990 excipi

191 1000 352 1075 iterumque
365 1014 535 1073 resurgere,
561 995 646 1054 modo
662 996 783 1054 iacentis
798 1009 842 1054 tex
857 995 942 1054 humo
956 995 1030 1071 tolli,
1046 995 1192 1072 bigarum·

191 1100 249 1161 que
267 1084 352 1142 etiam
368 1098 452 1141 curru
476 1082 564 1140 citato
578 1079 659 1138 velut
679 1081 793 1155 aurigas
809 1080 952 1149 insistere.
984 1079 1193 1139 Thessalorum
1202 1104 1225 1143 ro

191 1167 287 1244 gentis
307 1168 451 1225 inventum
466 1174 512 1224 est
529 1181 605 1243 equo
626 1165 705 1223 iuxta
725 1163 953 1240 quadripedante
975 1179 1064 1223 cornu
1087 1166 1193 1223 intorta

192 1251 310 1310 cervice
331 1259 430 1309 tauros
446 1265 562 1308 necare.
590 1250 701 1326 primus
717 1247 744 1305 id
764 1248 963 1324 spectaculum
985 1248 1064 1308 dedit
1080 1247 1193 1307 Romae

151 1333 319 1398 rescaeau
338 1334 469 1393 dictator.
496 1332 569 1391 llinc
581 1333 716 1391 victimae
732 1333 846 1409 opimae
862 1340 892 1390 et
910 1332 1104 1392 laudatissima
1122 1333 1192 1391 deo·

191 1436 253 1477 rum
270 1418 405 1495 placatio.
437 1417 502 1475 huic
518 1418 626 1502 tantum
640 1414 752 1473 animali
781 1417 904 1473 omnium
920 1415 1023 1494 quibus
1038 1417 1192 1493 procerior

192 1500 283 1561 cauda
301 1516 367 1558 non
388 1502 480 1560 statim
511 1509 579 1559 nato
605 1507 817 1558 consummatae
834 1507 869 1556 ut
892 1500 1006 1557 ceteris
1026 1517 1189 1559 mensurae.
1202 1510 1224 1550 1⁵

192 1584 299 1643 crescit
319 1585 367 1641 uni
395 1583 490 1642 donec
514 1583 549 1642 ad
578 1582 701 1656 vestigia
724 1580 778 1641 im'a
804 1583 963 1658 perveniat.
1004 1584 1192 1660 quamohrem
1251 1650 1252 1673 ,

189 1666 367 1725 victimarum
387 1664 520 1742 probatio
539 1667 569 1723 iu
587 1664 676 1722 vitulo
690 1673 721 1722 ut
736 1665 884 1723 articulum
899 1666 1064 1741 suffraginis
1081 1669 1191 1726 contin·
1251 1684 1252 1699 t

191 1756 249 1825 gat.
266 1748 402 1807 breviore
416 1764 474 1806 uon
489 1749 580 1807 litant.
612 1748 669 1805 hoc
684 1764 800 1824 quoque
817 1756 942 1806 notatum
956 1750 1061 1807 vitulos
1078 1752 1115 1811 ad
1126 1768 1191 1809 aras

190 1832 297 1889 ameris
312 1831 433 1890 hominis
449 1831 562 1890 adlatos
575 1846 633 1889 non
644 1830 707 1889 iere
720 1830 812 1905 litare,
829 1832 903 1889 sicut
916 1832 984 1909 [nec
995 1832 1188 1910 claudicante]

189 1932 248 1974 nec
262 1915 355 1990 aliena
372 1915 466 1975 hostia
481 1915 554 1973 deos
573 1914 701 1992 placari,
724 1930 779 1972 neo
793 1914 924 1973 trahente
946 1932 979 1972 se
1001 1915 1121 1977 abaris.
1139 1916 1222 1976 listro

190 1998 332 2077 frequens
351 2001 380 2058 in
400 1998 541 2076 prodigiis
567 2000 728 2076 priscorum
748 1997 853 2056 bovem
876 1996 1020 2075 locutum,
1047 2017 1106 2077 quo
1121 2018 1186 2059 nnn·

65 2141 67 2148 ,
191 2083 262 2142 tiato
277 2093 406 2144 senatum
422 2083 476 2143 suh
492 2083 559 2142 divo
574 2082 675 2141 haberi
691 2082 816 2165 solitum.

150 2173 203 2229 184
261 2168 322 2230 lo.
339 2169 425 2246 (71.)
454 2168 555 2226 Bosin
578 2166 717 2244 Aegypto
740 2168 824 2225 etiam
847 2167 966 2225 numinis
986 2169 1052 2226 rice
1075 2168 1186 2235 colitur.
1214 2222 1217 2239 ,

191 2249 277 2329 Apim
290 2262 406 2313 vocant.
437 2252 550 2326 insigne
567 2252 594 2309 ei
616 2252 645 2308 ia
668 2249 772 2309 dextro
795 2250 887 2308 latere
910 2251 1063 2309 candicans
1078 2250 1189 2309 macula

192 2333 330 2394 cornibus
351 2335 436 2392 lunae
451 2350 589 2392 crescere
610 2334 789 2409 incipientis,
808 2333 900 2391 nodus
917 2334 970 2392 sub
992 2334 1088 2411 lingua
1103 2350 1223 2410 quemsa

193 2417 358 2477 cantharum
373 2416 531 2492 appellant.
562 2433 619 2475 non
634 2418 739 2476 estias
754 2433 819 2475 eum
837 2426 934 2476 certos
949 2418 1026 2477 vitae
1042 2416 1188 2477 excedere

192 2515 301 2571 anuos,
324 2514 509 2575 mersumque
531 2501 559 2558 in
582 2499 766 2558 sacerdotum
793 2500 872 2558 fonte
897 2509 1002 2560 necant
1032 2500 1189 2579 quaesituri

192 2583 271 2641 luctu
293 2581 378 2641 alium
398 2598 485 2658 quem
507 2582 694 2657 substituant,
722 2591 751 2639 et
766 2581 860 2641 donec
883 2584 1044 2643 invenerint
1059 2592 1189 2642 maerent
1251 2624 1252 2661 3

192 2664 305 2723 derasis
326 2667 411 2725 'etiam
434 2665 586 2742 capitibus,
613 2682 671 2725 neo
691 2673 784 2723 tamen
807 2684 939 2743 umquam
962 2667 1009 2727 diu
1032 2668 1187 2745 quaeritur.
1251 2664 1252 2743 ᾖ

149 2747 342 2807 185iuventus
357 2748 507 2809 deducitur
521 2747 676 2824 Memphim
692 2766 708 2807 a
724 2748 933 2809 sacerdotibus.
958 2750 1078 2810 delubra
1094 2750 1121 2808 ei
1136 2766 1222 2826 gero

190 2831 281 2907 mina,
305 2848 380 2907 quae
404 2841 510 2891 vocant
531 2832 687 2907 thalamos,
706 2833 823 2909 auguria
844 2834 1026 2912 populorum.
1068 2833 1188 2893 alterum
1251 2898 1252 2903 γ

189 2913 314 2974 latrasse
326 2915 437 2975 laetum
453 2924 509 2989 est,
524 2917 553 2974 in
568 2915 662 2976 altero
678 2915 737 2975 dira
753 2917 908 2994 portendit.
938 2934 1081 2995 responsa
1098 2918 1188 2995 priris

190 2995 239 3056 dat
252 3014 270 3055 e
284 3014 367 3056 mauu
383 2999 593 3058 consulentium
608 2999 702 3059 cibum
720 2999 870 3078 capiendo.
895 2998 1056 3061 Germanici
1080 2999 1188 3060 Caesa·
1251 3004 1252 3057 i

190 3080 231 3138 ris
245 3096 358 3138 manum
371 3084 521 3141 aversatus
544 3092 589 3141 est
605 3084 673 3143 haut
685 3084 772 3141 ruulto
790 3093 894 3160 postea
910 3086 1053 3143 exstincti.
1085 3094 1187 3143 cetero

189 3170 333 3236 secretus,
349 3180 413 3221 cum
423 3182 456 3221 se
467 3168 611 3244 proripuit
624 3169 652 3225 in
665 3176 776 3241 coetuus,
789 3166 896 3225 incedit
905 3166 1049 3240 submoto,
1063 3185 1186 3243 greges·
1196 3182 1223 3224 as

192 3262 249 3321 qne
264 3260 418 3321 puerorum
434 3250 605 3307 comitantur
619 3266 735 3309 carmen
750 3250 853 3308 honori
871 3252 933 3308 eins
951 3252 1121 3309 canentium.
1144 3253 1187 3311 iu·

191 3327 336 3401 tellegere
356 3328 470 3387 ridetur
486 3338 515 3388 et
536 3333 649 3390 adorari
671 3330 758 3390 velle.
791 3331 819 3389 hi
835 3349 943 3409 greges
970 3342 1094 3410 repente
1117 3334 1188 3407 lym·

150 3409 286 3485 leophati
299 3409 392 3468 futura
406 3413 584 3487 praecinunt.
613 3415 789 3473 feminabus
810 3416 836 3472 ei
857 3417 946 3475 semel
969 3432 1041 3474 anno
1057 3418 1187 3477 ostendi-
