2542 3842
323 235 403 282 usn.
426 233 516 282 u1su.
535 235 624 282 x1111.
643 233 667 284 1.
689 231 716 283 a.
735 222 776 299 (a.
801 224 844 300 a.)
1024 221 1086 284 257

1237 225 1245 263 l

23 421 26 460 0
80 398 264 470 putrescunt.
294 390 360 449 vina
379 389 471 468 primo
492 388 587 450 dulcia
610 389 807 449 austeritatem
832 389 1084 468 annis-accipiunt.
1190 450 1193 459 s
1244 400 1245 407 ’

23 509 25 542 ,ι
87 475 201 536 Etruria
220 473 298 534 nulla
314 474 405 550 magis
422 475 480 532 uite
497 473 613 550 gaudet.
637 472 824 532 litbauteuus
838 474 988 550 potissima
1002 473 1129 540 nobi-25

23 591 24 630 1
87 561 153 620 litas
166 561 249 620 datur
264 555 460 636 peculiaribus
475 566 561 636 atque
580 557 745 617 remaculis
760 555 872 616 ltaliae.
902 566 1021 617 ceterae
1036 557 1085 619 ad·

23 711 24 714 ¹
86 661 207 704 venere.
237 660 254 702 e
272 639 345 701 clio
361 640 495 700 Thasoue
512 640 655 702 Graecula
671 657 729 700 uun
748 640 869 700 inlerior
885 639 1014 702 Amineis
1034 641 1085 702 bo·

23 763 24 766 ¹
59 729 194 801 unitate,
211 733 384 804 praetenera
395 741 494 800 acmo
512 735 540 785 et
551 743 606 786 uva
618 733 675 784 tam
686 742 775 804 parva
787 733 818 784 ut
827 742 882 784 nrsr
896 725 1086 805 pinguissimo

86 811 152 872 solo
171 811 272 870 colere
290 826 347 870 non
362 810 464 907 prosit.
485 811 646 908 eugeniam
661 807 892 871 Tauromenitani
913 807 1006 870 colles
1022 827 1086 870 cum

23 939 24 968 .
85 895 290 973 generositatis
305 895 478 972 cognomine
489 895 596 953 misere
607 893 722 954 Albano
733 902 840 954 tantum
851 911 939 972 agro,
953 895 1086 971 quoniam

23 1019 24 1024 κ
85 978 189 1039 tralata
214 980 309 1040 statim
332 987 462 1038 mutatur.
500 995 621 1056 namque
645 986 691 1036 est
714 977 818 1056 aliquis
837 987 933 1038 tantus
956 977 1086 1038 locorum
1187 992 1191 999 ‘

87 1079 167 1124 amur
188 1071 218 1124 ut
240 1079 352 1122 omnem
372 1063 401 1122 in
420 1062 455 1121 iis
469 1063 592 1140 gloriam
610 1078 690 1122 suam
709 1061 872 1141 relinquant
892 1079 948 1122 nec
966 1079 1086 1140 usquam

51 1171 77 1213 00
87 1157 236 1208 transeant
259 1155 348 1208 totae.
386 1146 463 1226 quod
487 1156 516 1206 et
539 1147 567 1205 iu
584 1144 707 1214 Raetica
722 1145 974 1226 Allobrogicaque
999 1155 1128 1224 quamn

86 1251 174 1310 supra
185 1233 309 1310 picatam
318 1229 529 1310 appellavimus
545 1233 652 1306 evenit,
665 1231 742 1291 domi
754 1228 900 1291 nobilibus
910 1248 967 1290 nec
977 1230 1085 1310 adgno-
1098 1258 1120 1295 s·

86 1315 202 1376 suendis
218 1315 295 1374 alibi.
319 1313 462 1376 iucundae
473 1323 568 1376 lamen
580 1314 716 1375 bonitatis
725 1316 790 1374 rice
803 1317 916 1393 copiam
926 1322 1084 1394 praestant,

87 1401 210 1477 eugenia
226 1399 407 1459 ferventibus
426 1399 517 1475 louis,
541 1397 663 1459 liastica
683 1400 870 1476 temperatis,
893 1397 1086 1476 Allobrogiea

86 1484 210 1561 frigidis,
224 1483 294 1561 gelu
310 1491 514 1543 maturescens·
520 1492 549 1544 et
561 1483 663 1542 colore
674 1484 765 1560 nigra.
789 1480 835 1542 lix
846 1482 890 1543 bis
903 1499 974 1561 quas
989 1482 1082 1543 adbuc
1092 1487 1130 1546 11·

49 1595 77 1636 15
87 1567 227 1644 diximus,
241 1567 294 1628 scd
309 1569 394 1629 etiam
409 1585 426 1626 e
442 1568 548 1644 nigris,
568 1567 789 1628 vinavetustate
804 1567 832 1626 in
847 1566 943 1628 album
954 1567 1085 1627 colorem

86 1660 243 1713 transeunt
277 1652 407 1731 reliquae
423 1650 583 1729 ignobiles,
600 1652 754 1730 aliquando
764 1660 862 1712 tamen
878 1650 953 1711 caeli
967 1661 1014 1710 aut
1030 1649 1086 1710 soli

86 1754 177 1815 opera
192 1738 259 1796 vino
274 1736 378 1796 fallunt
391 1743 578 1810 vetustatem,
597 1737 681 1796 sicuti
698 1734 842 1796 Faecenia
859 1743 889 1796 et
904 1752 968 1794 cum
984 1753 1018 1795 ea
1033 1734 1085 1795 du·

85 1839 153 1881 rens
170 1819 346 1898 Biturigiaca
362 1821 445 1880 acino
459 1820 568 1896 rarior,
591 1837 743 1899 numquam
760 1818 840 1880 lionis
858 1817 992 1895 obnoxii,
1014 1836 1084 1898 quo·

85 1907 159 1965 niam
180 1923 243 1966 ooo
261 1905 417 1982 succulum
440 1905 613 1964 antecedunt
633 1905 785 1985 ventisque
816 1913 845 1964 et
873 1903 1012 1967 imbribus
1039 1923 1085 1964 re·

47 1989 204 2065 resistunt,
225 1988 363 2048 meliores
380 1996 476 2047 tamen
489 1987 653 2064 algentibus
674 1989 748 2048 louis
765 2004 850 2066 quam
871 1987 991 2067 calidis,
1014 1989 1084 2047 urni-

87 2071 131 2130 dis
159 2088 243 2149 quam
269 2069 441 2130 sitientibus.
487 2070 591 2131 visulla
619 2071 721 2146 modi
754 2072 847 2147 magis
874 2087 958 2150 quam
989 2071 1127 2134 densum

86 2172 204 2214 uvarum
234 2163 335 2232 partu,
367 2155 509 2231 inpatiens
537 2153 673 2214 variantis
703 2153 795 2229 caeli,
830 2154 884 2214 sed
911 2163 1010 2216 contra
1040 2165 1083 2215 te·
1120 2155 1124 2163 ’

85 2255 187 2299 norem
207 2255 292 2300 unum
311 2238 420 2316 algoris
443 2245 579 2298 aestusve
599 2247 746 2299 constans.
777 2253 852 2315 quae
874 2237 967 2298 minor
983 2248 1030 2298 est
1046 2257 1085 2298 ex

87 2340 124 2382 eo
139 2339 250 2400 genere
263 2322 375 2383 melior.
406 2323 434 2382 in
449 2317 586 2400 eligendo
606 2320 671 2382 solo
686 2338 803 2382 morosa
817 2322 917 2401 pingui
932 2325 1082 2401 putrescit,

47 2429 76 2471 03
86 2406 189 2486 gracili
212 2407 326 2466 omnino
352 2422 408 2466 nou
434 2407 576 2485 provenit.
616 2406 737 2466 mediam
765 2408 936 2484 temperiem
959 2404 1084 2466 delicate

86 2492 213 2570 quaerit,
230 2491 268 2550 ob
281 2490 338 2551 1000
352 2489 466 2551 Sabinis
477 2489 601 2550 collibus
610 2490 769 2552 lumiliaris.
801 2506 856 2550 uua
868 2491 931 2552 eius
946 2488 1084 2551 indecora

84 2577 164 2651 risu,
188 2591 296 2654 sapore
321 2574 452 2634 iucunda.
486 2575 541 2634 nisi
560 2583 670 2635 matura
693 2575 973 2654 protinus'rapitnr‚
998 2575 1092 2634 etlam'

84 2676 142 2717 non
156 2667 330 2738 putrescens
344 2659 429 2719 uadit.
462 2666 562 2718 contra
579 2658 733 2736 grandines
749 2675 812 2719 eam
833 2665 930 2718 tuetur
948 2657 1083 2718 loliorum

86 2742 244 2820 amplitudo
262 2752 348 2821 atque
364 2743 475 2804 duritia.
501 2742 554 2822 {b}
576 2741 710 2819 insignes
724 2743 781 2802 ianr
801 2741 903 2802 colore
920 2743 995 2802 inter
1013 2761 1080 2822 por·
1091 2735 1136 2808 29³

47 2843 75 2884 30
86 2843 192 2906 pureas
207 2827 365 2904 nigrasque
383 2825 519 2886 belvolae
534 2827 653 2904 saepius
669 2826 815 2886 variantes
836 2833 876 2885 et'
887 2825 926 2886 ub
945 2824 974 2885 id
991 2827 1083 2886 raria-

84 2926 140 2968 nae
155 2927 171 2968 a
187 2909 356 2985 quibusdam
372 2909 547 2988 appellatae.
577 2909 742 2988 praelertur
758 2910 787 2968 in
802 2908 847 2969 bis
860 2910 986 2987 nigrior,
1008 2917 1084 2968 utra·
1136 2911 1140 2917 '

85 3009 143 3071 que
158 2993 276 3054 alternis
293 2993 373 3052 annis
388 2992 508 3070 iertilis,
527 2994 580 3054 sed
594 2994 797 3069 meliorvino,
816 3010 881 3053 cum
895 2994 1020 3073 parcior.
1047 2991 1084 3052 lit

86 3077 224 3155 praeciae
239 3077 295 3137 duo
312 3093 422 3153 genera
437 3077 630 3155 magnitudine
652 3077 727 3138 acini
742 3077 957 3154 discernuntur,
981 3075 1096 3155 quibus
1184 3071 1187 3078 ’

84 3161 221 3220 materies
236 3160 366 3238 pluruma
379 3177 494 3239 uvaque
511 3161 577 3220 ollis
592 3161 757 3238 utilissima,
779 3161 880 3221 lolium
895 3162 963 3240 apio
979 3160 1081 3221 simile.

27 3242 761 3334 ,3311311εο30110000011010013100001,1110030100
776 3243 949 3306 coccolobin
963 3255 1077 3305 vocant.
1090 3253 1127 3310 30

85 3329 179 3388 rarior
199 3345 254 3388 uva
276 3336 373 3388 aestus
397 3331 570 3410 austrosque
593 3328 717 3406 tolerat,
739 3329 828 3408 capiti
847 3329 974 3404 inimica,
999 3329 1082 3409 copia
1134 3354 1139 3366 .

27 3413 176 3490 larga.
194 3412 349 3490 Hispanias
361 3409 417 3472 duo
429 3429 538 3490 genera
551 3414 612 3473 eius
623 3413 740 3485 iaciunt,
752 3430 837 3473 unum
849 3413 977 3490 oblongo
987 3414 1081 3488 acino,

86 3496 206 3556 alterum
235 3494 370 3557 rutundo.
406 3497 578 3558 novissimas
600 3497 783 3558 vindemiant.
823 3513 879 3575 quo
902 3497 1014 3557 dulcior
1036 3505 1095 3558 est

128 3601 196 3639 nuru.
211 3601 274 3640 usu.
289 3602 356 3644 misr.
375 3585 407 3642 ll.
881 3583 919 3644 17
