2542 3842
75 143 85 164 ‘
165 163 227 226 aaa
511 171 541 220 c.
557 171 654 245 rpnn
669 169 820 220 succum

166 332 262 393 clusas
283 331 392 408 primus
416 330 540 388 omnium
562 327 590 386 in
612 326 727 403 templis
748 319 868 405 capituli
883 334 971 403 atque
987 325 1070 386 Pacis
1087 325 1175 388 diea-

164 415 205 474 vit
228 417 384 491 imperator
405 412 601 491 Vespasianus
629 409 786 486 Augustus.
825 409 952 468 radicem
978 410 1039 468 eius
1067 410 1176 487 magni

165 496 303 578 ponderis
317 497 437 557 vidimus
453 497 481 554 in
497 494 586 574 palati
603 493 713 572 templo
728 494 806 572 quod
819 493 934 553 lecerat
947 493 1013 552 divo
1030 493 1174 570 Augusto

164 583 291 642 coniunx
309 582 456 658 Augusta,
476 597 583 640 anreue
605 587 727 656 paterne
747 578 916 656 inpositum,
939 595 978 636 ex
996 595 1051 657 qua
1065 583 1175 653 guttae

167 667 262 726 editae
278 667 359 725 annis
380 663 510 724 erunibus
534 665 563 721 in
583 661 888 738 manuducimur,
918 662 1014 722 donec
1033 660 1061 720 id
1084 661 1198 721 dein-c

96 805 97 814 ,
157 743 248 809 'lorum
263 749 396 809 incendio
412 755 608 825 consumptum
624 754 679 805 est.
1111 754 1121 766 ‘

122 843 157 898 95
224 833 307 912 (43.)
331 833 439 892 Frutex
454 841 483 891 et
497 832 642 906 essisset,
658 831 795 907 iuxtaque
807 831 929 889 cinnami
942 845 1061 908 campos
1072 831 1167 889 nasei·

166 927 230 993 tur,
255 917 309 976 sed
331 918 360 976 in
382 915 525 976 montibus
545 914 682 976 crassiori
701 922 861 988 sarmento,
886 915 966 973 tenui
982 923 1048 973 cute
1068 914 1169 974 verius

166 1017 250 1080 qnam
272 1002 400 1076 corice,
424 1017 509 1080 quem
531 1007 632 1059 contro
652 1007 740 1077 atrpre
760 999 790 1056 ln
802 999 933 1058 cinnamo
953 998 1053 1058 labare
1070 1007 1100 1057 et
1116 1015 1169 1058 ex·

165 1085 266 1146 inaniri
281 1085 403 1163 pretium
418 1093 472 1144 est.
504 1081 663 1161 amplitudo
678 1082 775 1142 frutici
787 1083 871 1143 trium
887 1082 1058 1157 cubiturum,
1080 1082 1199 1143 coloso

166 1170 290 1247 triplex:
320 1169 517 1246 cumprimum
533 1168 653 1243 emieat,
670 1167 807 1228 candidus
824 1167 923 1246 pedali
938 1184 1084 1241 mensura,
1102 1166 1171 1226 dein

122 1261 158 1316 96
170 1251 400 1314 ruissoit'addito
412 1252 578 1330 semipede,
594 1251 669 1311 ultra
683 1252 839 1328 nigricans.
867 1251 941 1310 laec
954 1267 1020 1329 pars
1033 1267 1170 1310 maxume

47 1399 49 1408 ,
166 1337 297 1398 laudatur
317 1352 353 1396 uo
377 1337 480 1396 deinde
508 1353 663 1414 proxuma,
681 1335 830 1395 damnatur
848 1352 922 1394 vcro
937 1334 1067 1394 candidu.
1099 1351 1170 1393 con·

166 1429 267 1482 secam
282 1421 415 1480 surculos
430 1419 610 1497 longitudine
623 1419 719 1478 binum
733 1420 904 1496 digitorum,
924 1435 994 1478 mox
1007 1427 1170 1497 praesuunt

122 1519 128 1532 ‘
167 1502 335 1564 recentibus
352 1505 439 1564 coriis
452 1501 727 1582 -quadripedun'olr
750 1504 780 1564 id
793 1505 1044 1582 interemptarum,
1067 1512 1100 1563 ut
1114 1519 1198 1582 pun
1251 1572 1252 1577 η

166 1588 358 1650 trescentibus
381 1585 532 1648 vermiculi
553 1587 659 1664 lignum
676 1586 798 1647 erodant
818 1597 848 1646 et
869 1597 1012 1647 excavent
1027 1588 1168 1647 corticem
1251 1614 1252 1659 v

123 1679 156 1736 97
169 1679 257 1732 tutum
267 1672 461 1730 amaritudine.
489 1669 628 1764 prohspur
639 1687 743 1729 recens
757 1689 898 1749 maxume,
914 1681 945 1730 et
956 1689 1031 1750 quae
1047 1672 1084 1731 sit
1096 1672 1167 1731 ndo·
1251 1710 1252 1737 r

165 1757 204 1814 ris
219 1751 380 1814 mollissimi
403 1761 547 1830 gustuque
562 1758 653 1830 uiuam
675 1771 808 1814 maxume
830 1755 950 1813 fervens
968 1757 1065 1833 potius
1083 1771 1168 1835 quum

166 1838 245 1898 lento
256 1845 361 1913 tepore
377 1835 482 1896 leniter
497 1837 644 1910 mordens,
660 1838 769 1896 colore
778 1855 933 1916 purpurae,
950 1855 1087 1918 quaeque
1100 1839 1165 1918 plu·

164 1935 243 1980 runa
255 1921 407 1980 minumum
420 1919 558 1998 ponderis
573 1920 678 1996 iaciat,
693 1921 775 1980 brevi
786 1923 944 1982 tunicarum
956 1923 1051 1983 listule
1067 1933 1097 1983 et
1107 1939 1202 1983 nonno

166 2004 271 2082 fragili.
301 2003 394 2066 ludum
409 2012 515 2065 vocant
531 2004 618 2064 talen
633 2003 757 2065 barbaro
778 2006 901 2066 nomine.
933 2007 1050 2066 aliaest
1068 2007 1166 2067 balsa-

165 2088 266 2150 modes
281 2087 317 2148 ab
332 2089 425 2149 odore
444 2089 529 2150 simili
546 2089 710 2168 appellata,
729 2091 782 2150 sed
797 2107 908 2166 amara,
926 2091 1052 2168 ideoque
1066 2092 1168 2150 utilior

165 2172 300 2246 medicis,
318 2174 392 2232 sicut
406 2173 663 2250 nigruunguentis.
687 2176 784 2252 pretia
794 2173 865 2234 nulli
877 2174 1050 2235 diversiora.
1079 2183 1166 2252 optu-

166 2273 229 2317 nrue
245 2256 274 2314 in
289 2256 378 2316 libras
392 2255 421 2315 X
436 2271 466 2316 n.
485 2258 592 2316 ceteris
608 2255 635 2315 X
649 2269 682 2316 v.
1147 2268 1152 2276 ·

122 2348 159 2404 98
219 2337 269 2400 20.
291 2338 341 2400 llis
358 2339 497 2400 addidere
512 2357 671 2417 mangones
685 2359 771 2420 quarn
785 2341 945 2420 liaplrnidis
968 2352 1086 2417 vocant,
1109 2357 1204 2408 00225

100 2429 105 2438 '
154 2424 356 2500 gnominrtunr
367 2423 574 2497 isociuuamon‚
589 2426 772 2505 pretiumque
785 2427 812 2485 ei
826 2426 975 2487 iaciuntX
989 2427 1060 2487 cc'c.
1080 2427 1164 2486 adul·

165 2516 275 2568 teratur
295 2513 411 2579 styrace
427 2515 458 2567 et
478 2517 600 2586 propter
617 2509 827 2569 similitudinem
848 2513 985 2572 corticum
1005 2511 1102 2569 laurus
1117 2519 1165 2568 te-

165 2589 307 2650 nuissimis
319 2590 451 2650 surculis.
471 2593 539 2670 quin
556 2601 586 2650 et
597 2592 626 2651 in
639 2602 738 2652 nostro
751 2593 825 2653 orbe
840 2596 956 2670 seritur,
973 2603 1168 2672 extremoque

165 2675 193 2732 in
207 2674 336 2748 ,margine
350 2674 467 2753 imperi,
484 2693 541 2754 qua
556 2673 673 2735 Rhenus
689 2676 793 2753 adluit,
809 2679 879 2738 vivit
892 2680 922 2749 in
936 2680 1050 2740 alvariis
1066 2679 1167 2758 apium

102 2809 105 2816 .
165 2765 235 2818 sete.
259 2756 342 2818 color
358 2758 442 2818 obest
456 2759 506 2819 ille
521 2759 649 2820 torridus
660 2761 740 2836 sole,
758 2771 788 2821 et
802 2763 840 2822 ob
855 2762 884 2822 id
898 2763 1064 2830 simulidem
1077 2762 1164 2822 odor.
1175 2785 1202 2828 m
1251 2788 1252 2807 κ

229 2839 1168 2924 (44.)Exoonlinieoasiuecinnamiqueetcancamum'acturunr

164 2924 323 3070 {puppium
339 2924 392 2984 sed
409 2944 464 3005 per
481 2926 647 2988 Nabataeus
665 2927 850 3007 Trogodytas
872 2933 921 3011 qui
945 2933 1110 3000 consedere
1126 2951 1168 2992 ex

40 3094 46 3102 “
106 3117 108 3120 ·
121 3098 157 3154 99
192 3009 377 3170 madida)
398 3091 441 3152 Eo
454 3104 642 3174 comportatur
652 3105 682 3155 et
693 3097 867 3158 serichatum
878 3068 909 3158 et
919 3099 1074 3177 gabalium,
1088 3118 1168 3179 quae

164 3175 237 3236 intra
264 3193 297 3234 se
323 3188 489 3237 consumunt
517 3179 630 3240 Arabes
658 3190 758 3240 nostro
780 3181 844 3242 orbi
869 3192 975 3243 tanturn
1000 3183 1204 3248 nominibusts

165 3259 297 3336 cognita,
322 3261 374 3322 sed
396 3277 459 3320 curn
480 3263 609 3323 cinnamo
629 3266 766 3342 casiaque
782 3270 952 3328 nascentia
969 3269 1104 3347 pervenit
1119 3278 1170 3346 tiu,

164 3359 229 3400 men
252 3341 592 3421 aliquandoseriehaturn
614 3356 644 3405 et
663 3349 693 3406 in
706 3359 849 3425 unguenta
865 3351 1166 3432 edditnrxab'aliquis.

141 3442 145 3463 ¹
163 3433 340 3498 permutatur
354 3427 383 3484 in
400 3425 487 3514 libras
500 3427 527 3487 X
542 3443 587 3488 vr.
1087 3433 1096 3444 ‘
