2542 3842
249 171 253 176 ·
327 171 408 217 333.
425 170 516 218 mou.
532 170 593 218 vn.
616 166 736 221 33-38.
757 159 910 239 (tt-uu.)
1075 158 1119 221 19·

114 326 166 385 bus
182 305 373 402 viliceutium,
390 358 431 372 -
444 344 540 403 neque
558 326 631 385 enim
652 326 707 405 ipsi
727 335 918 405 coronantur,
936 328 989 387 sed
1005 330 1115 406 patrias

114 426 181 468 suas
202 420 358 485 coronant,
375 444 417 457 ψ-
430 410 486 470 133
501 426 573 487 ergo
593 408 721 469 honores
743 411 808 472 urbi
829 409 927 471 tribuit
943 412 972 471 in
994 411 1114 471 delubro

113 493 259 553 Minervae
270 494 346 571 quod
358 512 395 553 ex
406 494 545 553 manubiis
554 493 683 553 dicabat:
697 493 754 553 Gn.
765 494 955 573 Pompeius
965 494 1114 573 Magnus

114 580 315 656 imperator
330 578 435 638 bello
453 591 538 637 xxx
553 594 723 637 annorum
742 579 933 655 coniecto,
949 580 1042 638 fusis
1061 580 1115 640 lu·

89 664 210 739 agatis
239 663 382 721 occisis
409 664 444 721 in
476 662 705 736 deditionem
737 664 906 741 acceptis
938 664 1116 723 bominum

116 748 289 805 centiens
320 748 467 805 viciens
499 747 611 806 semel
642 760 810 805 Lxxvttt
840 760 883 823 m,
917 746 1118 825 depressis

115 840 174 889 aut
194 831 315 908 captis
336 830 491 889 navibus
514 842 740 906 3333333333,
769 830 919 910 oppidis
940 830 1116 891 castellis

115 914 539 976 mcxxxvutinlidem
563 915 755 993 receptis,
779 915 931 974 terrica
954 912 1117 974 Maeotis
1172 948 1184 961 -
1232 899 1238 911 ’
1266 932 1267 941 ’

115 993 1115 1072 adllubrummaresubactis,votummeritolllinervae.

79 1081 172 1140 331333
188 1091 233 1140 est
246 1082 420 1141 breviarium
436 1084 498 1141 eius
511 1082 547 1140 ab
563 1084 685 1141 oriente.
715 1084 847 1161 triumphi
859 1098 930 1142 3333
943 1099 1027 1160 quem
1040 1082 1161 1145 duxit98

114 1186 140 1225 3.
158 1166 184 1225 d.
202 1168 315 1225 tertium
330 1166 470 1225 kalendas
491 1164 672 1225 octobrisdl.
696 1164 854 1225 Pisonelll.
873 1164 1000 1225 Messala
1015 1182 1117 1223 consu-

114 1250 190 1309 libus
213 1250 354 1328 praelatio
372 1250 447 1309 haec
466 1250 537 1309 luit:
560 1248 646 1309 Cum
669 1249 1117 1329 orammaritimamprae·

114 1332 1117 1433 donibusliberassetetimperiummarispopulollo·

114 1419 491 1493 manorcstituisset,
508 1437 554 1477 ex
571 1418 659 1477 Asia
668 1414 1037 1493 ,Ρ3333,Α333333333,
1055 1414 1118 1477 Pa·

81 1500 785 1580 3311333333,(3333333333,(3313333
804 1502 928 1578 Syria,
947 1500 1118 1577 Scythis,

114 1585 279 1661 ludaeis,
298 1585 471 1660 Albanis,
488 1585 628 1661 lberia,
646 1586 765 1645 insula
784 1583 909 1661 Creta,
927 1581 1119 1645 Basternis
1161 1652 1165 1666 1

116 1678 151 1728 33
175 1686 292 1746 super
317 1668 410 1728 13333
435 1668 479 1727 de
504 1669 660 1746 regibus
683 1668 898 1729 Mithridate
923 1678 1034 1746 atque
1059 1668 1118 1728 'li-
1161 1669 1165 1695 ²

114 1770 230 1833 grane
245 1754 350 1812 trium
361 1752 499 1831 pharit.
533 1772 640 1813 summa
660 1770 830 1814 summarum
847 1754 874 1812 in
888 1752 939 1815 illa
955 1752 1050 1830 gloria
1067 1753 1161 1817 tuitus

116 1840 164 1915 (ut
176 1837 240 1915 ipse
252 1838 280 1895 in
292 1839 434 1900 concione
446 1836 528 1913 dixit,
541 1856 604 1897 cum
617 1838 654 1897 de
664 1836 752 1896 rebus
765 1836 824 1897 suis
836 1838 1009 1915 dissereret)
1023 1836 1119 1896 Asiam

78 1921 246 1981 multimam
267 1922 476 1999 prouinciarum
498 1924 651 2001 accepisse
673 1922 849 1999 eandemque
869 1920 990 1979 mediam
1009 1923 1120 1999 patriae

122 2004 293 2065 reddidisse
324 2005 355 2063 Si
371 2005 434 2102 qqis
452 2021 469 2061 e
490 2008 633 2064 contrario
652 2002 736 2064 simili
755 2004 841 2063 modo
857 2004 928 2063 velit
943 2021 1119 2081 percensere

115 2088 252 2149 Caesaris
268 2106 334 2174 333,
358 2088 407 2165 qui
427 2089 518 2147 maior
532 2088 583 2148 illo
599 2088 750 2166 apparuit,
773 2096 861 2146 totum
877 2087 1013 2165 prolecto
1029 2096 1119 2146 terra-

115 2189 178 2231 rum
193 2159 309 2230 orbem
311 2180 478 2246 enumeret,
495 2171 572 2249 quod
585 2171 722 2231 infinitum
738 2188 805 2231 esse
822 2170 985 2229 conveniet.

180 2254 230 2315 27.
248 2255 333 2334 (28.)
360 2253 474 2314 (leteris
484 2256 617 2314 virtutum
629 2255 787 2353 generibus
796 2256 876 2314 varie
889 2254 1008 2314 etmulti
1021 2253 1107 2311 luere
1112 2264 1163 2317 100

77 2358 107 2397 as
120 2347 311 2420 praestantes.
344 2338 416 2399 Gato
436 2341 543 2438 primus
561 2339 683 2399 Porciae
705 2335 800 2416 gentis
816 2342 867 2399 tris
886 2356 1008 2400 summas
1028 2338 1055 2395 in
1070 2335 1121 2394 ho-

116 2426 193 2483 mine
217 2439 265 2482 res
282 2425 464 2503 praestitisse
487 2425 688 2498 existumatur,
712 2433 741 2482 ut
759 2428 842 2483 esset
861 2433 994 2502 optumus
1012 2428 1119 2496 orator,

118 2515 252 2606 optumqs
283 2510 456 2586 imperator,
492 2502 624 2586 optimus
651 2516 784 2583 senator,
815 2526 889 2609 quae
917 2507 983 2567 mihi
1004 2504 1120 2578 33333333,

119 2593 231 2652 etiamsi
245 2608 303 2650 non
317 2594 414 2670 prius,
431 2600 555 2651 attamen
571 2592 676 2652 clarius
692 2592 834 2651 fulsisse
827 2609 853 2650 in
871 2586 1009 2669 Scipione
1025 2589 1121 2648 Aemi-

119 2678 196 2736 liano
211 2676 344 2735 videntur
345 2678 488 2753 ,dempto
504 2684 659 2755 praeterea
674 2677 869 2756 plurumorum
886 2674 953 2734 odio
973 2690 1030 2750 quo
1049 2672 1121 2733 Gato
1202 2745 1211 2755 Ι

78 2758 272 2820 adlaboravit.
303 2761 399 2837 itaque
415 2761 453 2818 slt
467 2761 615 2839 propriam
630 2757 748 2819 Catonis
765 2768 911 2839 quateret
930 2757 1122 2836 quadragiens

120 2860 236 2904 causam
250 2844 370 2919 dixisse,
384 2862 440 2903 nec
456 2861 627 2922 quemquam
643 2846 760 2921 saepius
772 2841 945 2921 postulatum
963 2849 992 2899 et
1007 2855 1123 2919 semper

119 2927 292 2989 absolutum.

183 3011 234 3073 28.
259 3011 352 3091 (29)
372 3008 547 3071 Fortitudo·
538 3030 566 3069 m
578 3027 635 3089 quo
653 3022 784 3071 maxume
800 3002 945 3069 exstiterit
956 3024 1102 3067 inmensae
1112 3016 1161 3070 101
1224 3070 1227 3083 ,

122 3082 302 3176 quaestionis
317 3104 379 3170 est,
402 3097 501 3173 utique
517 3096 542 3153 33
557 3096 673 3174 poetica
694 3096 850 3172 recipiatur
868 3092 1051 3153 fabulositas.
1084 3088 1120 3163 Q.

79 3178 282 3240 asEnnius'l'.
302 3177 458 3240 Caecilium
473 3178 613 3238 Teucrum
628 3178 805 3256 fratremque
824 3178 886 3237 eius
900 3176 1058 3257 praecipue
1073 3168 1122 3232 nii·
1166 3227 1172 3237 .

120 3273 201 3325 ratus
216 3272 339 3342 propter
353 3280 407 3321 eos
423 3273 534 3322 sextum
550 3264 698 3322 decumum
713 3262 820 3322 adiecit
840 3260 979 3321 annalem.
1013 3258 1043 3317 b.
1062 3256 1122 3318 Sic·

122 3351 186 3409 3333
199 3346 350 3423 Dentatus,
368 3365 416 3425 qm
408 3347 561 3405 'tribanus
576 3346 673 3425 plebei
685 3346 736 3405 luit
750 3348 800 3425 Sp.
814 3343 939 3428 'l'arpeio
954 3342 989 3401 Α.
1004 3340 1123 3401 11333333

84 3431 293 3504 consulibus
307 3432 376 3546 liant
388 3430 478 3490 multo
493 3440 561 3511 post
575 3440 696 3490 exactos
711 3448 809 3509 reges,
827 3428 876 3489 vel
892 3426 1123 3569 nqrqerosissima
