2542 3842
312 167 393 216 uun.
410 167 502 216 rursu.
524 167 614 216 xrnr.
631 161 751 218 ra-ra.
770 154 910 236 (rs-19)
1046 157 1108 220 269

105 323 277 384 auctoritato
293 321 407 381 inerunt
422 331 451 382 et
466 323 502 384 ad
518 339 589 383 avos
600 340 693 402 usqne
708 331 842 398 nostros,
858 323 928 402 quin
938 333 968 384 et
980 321 1105 389 Falerno

105 410 160 468 iam
177 414 314 484 reperto,
335 406 410 466 sicut
427 407 548 485 adparet
566 426 603 468 err
618 406 670 466 illo
693 406 797 466 comici
813 425 915 468 versu:

158 490 331 568 Quinque
348 487 475 550 Thasii
497 491 569 550 vini
585 492 811 568 depromam,
829 490 915 550 bina
931 489 1089 553 Falerni.

44 589 48 600 ·
104 575 135 635 P.
151 573 275 634 Licinius
292 571 415 634 Crassus
430 571 461 634 L.
477 572 565 634 lulius
577 572 688 637 Caesar
703 592 843 635 censores
858 593 932 637 anno
947 575 1026 639 urbis
1039 593 1105 637 cou-

83 659 183 722 aditae
199 671 325 722 Dchv.
350 657 512 732 edixerunt,
525 677 567 718 ne
584 660 667 737 quis
684 658 806 718 vinum
819 657 995 721 Graecum
1012 660 1120 719 Ami.

105 742 1106 820 neumqueoctonisaerissingulaqnadrantaliaven-
1206 780 1214 792 ·

106 827 226 886 deret.
242 825 316 886 haec
331 826 407 885 enim
421 825 512 900 verba
526 836 600 887 sunt.
624 835 701 888 tanta
716 843 788 886 vero
803 825 916 888 Graeco
931 827 1001 893 vino
1014 830 1106 904 gratia

107 919 169 969 erat
185 919 214 970 ut
228 909 361 988 singulae
373 909 508 988 potiones
524 911 552 968 irr
568 913 702 970 convictu
717 910 861 970 darentur.

169 993 252 1072 (17.)
282 993 393 1067 Quibus
419 995 491 1054 vinis
514 996 670 1055 auctoritas
691 994 779 1055 luerit
801 1012 853 1054 sua
871 996 899 1053 in
921 1011 1037 1070 mensa,
1062 994 1149 1060 bl..96

72 1076 199 1138 roVarro
216 1078 260 1138 his
273 1075 370 1137 verbis
388 1077 486 1142 tradit:
509 1076 540 1136 L.
557 1075 734 1138 Lucullus
750 1097 844 1156 puer
859 1078 954 1158 apud
968 1088 1107 1158 patrem

106 1179 294 1239 numquam
320 1160 454 1222 lautum
484 1163 694 1222 convivium
720 1161 830 1237 vidit,
861 1164 896 1220 in
924 1180 995 1240 quo
1025 1162 1108 1240 plus

107 1246 220 1304 semel
243 1243 424 1306 Graecum
445 1246 565 1306 vinnm
589 1245 753 1306 daretur.¹
786 1247 870 1324 ipse
893 1264 971 1308 cum
991 1246 1110 1306 rediit

107 1348 151 1388 ex
168 1329 268 1406 Asia,
292 1328 393 1390 milia
410 1329 535 1390 cadum
558 1329 934 1408 congiariumdirisit
950 1329 1122 1409 amplius,

108 1423 262 1472 centnm.
306 1410 338 1472 C.
365 1413 537 1490 Sentius,
567 1431 671 1492 quem
696 1423 909 1492 praetorem
934 1414 1106 1489 vidimus,

72 1494 232 1558 1⁵Gbium
258 1498 375 1556 vinum
405 1515 504 1557 snam
526 1496 664 1559 domum
689 1497 845 1558 inlatum
866 1496 1016 1560 dicebat
1036 1506 1107 1557 tum

108 1582 286 1658 primum,
322 1599 398 1640 cum
423 1580 496 1641 sibi
528 1581 708 1643 cardiaco
733 1580 897 1642 medicus
926 1580 1106 1642 dedisset.

106 1663 334 1724 Hortensius
350 1683 466 1744 super
482 1678 544 1726 xm
565 1664 1017 1744 oadumberedireliuuit.
1040 1663 1106 1737 bac·

106 1758 189 1808 tenus
209 1748 312 1810 Varro.
351 1750 400 1812 15.
430 1745 524 1821 Quid?
556 1766 613 1809 non
640 1758 669 1808 et
695 1745 804 1810 Caesar
831 1748 955 1809 dictator
974 1748 1106 1826 triumphi
1116 1755 1150 1812 9⁷

105 1835 149 1893 sui
167 1851 238 1892 cena
254 1833 311 1892 vini
326 1830 442 1894 Falerni
457 1833 627 1912 amphoras,
642 1830 705 1892 Cbii
719 1833 848 1896 cadosin
867 1833 999 1894 convivia
1015 1832 1108 1892 distri·

32 1967 33 1970 η
69 1939 98 1979 so
107 1913 187 1976 buit?
216 1917 291 1976 idem
306 1915 490 1994 Hispaniensi
512 1916 655 1996 triumpho
673 1914 774 1976 Cbiurn
794 1925 824 1976 et
840 1915 994 1978 Falernum
1019 1915 1108 1991 dedit,

108 1999 196 2076 epulo
212 2016 284 2058 vero
304 2000 332 2058 in
352 2002 438 2058 tertio
461 2000 612 2060 consulatu
633 2017 687 2060 suo
704 1997 875 2074 Falernum,
899 1998 1015 2074 Chium,
1039 1998 1108 2060 Les·

108 2081 202 2158 bium,
228 2079 440 2158 Mamertinum,
466 2100 523 2161 quo
544 2092 678 2161 tempure
704 2084 825 2162 primum
848 2091 981 2161 quattuor
999 2100 1109 2160 genera

109 2167 165 2224 virri
184 2165 314 2241 adposita
335 2175 456 2226 constat.
472 2175 591 2244 postea
607 2184 679 2243 ergo
696 2163 809 2245 reliqua
822 2168 917 2228 omnia
930 2168 960 2226 in
974 2164 1107 2226 nobilita·

108 2257 165 2310 tem
183 2266 293 2308 venere
309 2249 425 2309 circiter
441 2251 727 2328 septingentesimum
743 2247 821 2310 urbis
836 2269 948 2312 annum.
1200 2304 1203 2310 .

71 2354 99 2396 aa
173 2335 222 2394 16.
247 2331 331 2412 (18.)
357 2331 457 2412 ltaque
478 2351 535 2394 non
555 2336 644 2393 miror
657 2334 873 2395 innumerabilia
889 2352 984 2414 paene
996 2343 1151 2412 generabit
1209 2408 1212 2419 .

109 2418 207 2477 ficticii
222 2426 339 2495 reperta
350 2417 444 2478 multis
457 2420 522 2478 ante
535 2419 672 2492 saeculis,
684 2436 758 2496 quae
774 2437 848 2478 nuno
860 2418 1000 2492 dicemus,
1016 2420 1109 2479 omnia

109 2503 144 2563 ad
161 2501 320 2561 medicinae
336 2520 417 2561 usum
430 2503 612 2580 pertinentia.
641 2501 827 2580 Ompbacium
840 2520 896 2580 quo
911 2501 998 2567 modo
1014 2501 1107 2578 lieret,

108 2595 229 2666 propter
250 2595 395 2664 unguenta
416 2587 537 2646 diximus
553 2587 651 2665 priore
670 2586 755 2647 libro.
790 2587 820 2646 lit
839 2585 1024 2660 elabrusca,
1040 2583 1144 2661 hoedi,

109 2679 156 2730 est
169 2671 227 2729 vite
243 2669 378 2744 silvestri,
393 2670 470 2749 quod
482 2680 602 2730 vocatur
618 2671 827 2733 oenanthinum.
850 2669 938 2730 flores
950 2671 1012 2730 eius
1026 2667 1108 2728 libris

73 2752 218 2816 aoduabus
250 2754 278 2810 in
304 2755 388 2816 musti
414 2753 487 2814 cado
512 2756 650 2814 macerati
673 2764 740 2832 post
767 2755 831 2813 dies
858 2765 933 2812 xxx
958 2760 1108 2812 mutantur.

109 2844 226 2917 praeter
250 2837 307 2896 boc
332 2836 413 2897 radix
436 2836 589 2898 labruscae
615 2847 644 2897 et
665 2837 742 2917 acini
770 2838 850 2898 coria
877 2835 1039 2915 perficiunt.
1077 2836 1151 2900 trion

32 2993 33 3000 ἵ
109 2919 196 2999 paulo
218 2929 390 2998 postquam
411 2919 576 2980 defloruere
596 2921 743 2998 singulare
765 2919 922 2980 remedium
941 2916 1049 2980 habent
1071 2919 1108 2980 ad

32 3005 33 3044 l
109 3003 328 3080 refrigerandos
349 3005 377 3062 in
399 3003 508 3064 morbis
525 3022 680 3082 corporum
701 3005 840 3080 ardores,
861 3002 1055 3081 gelidissima,
1079 3013 1108 3062 ut

110 3089 221 3162 ierunt,
242 3097 351 3149 natura.
381 3107 449 3166 pars
471 3105 572 3148 eorum
592 3099 674 3150 aestu
694 3080 812 3150 moritum
834 3090 916 3168 prius
937 3104 1020 3166 qnam
1039 3087 1107 3146 reli·

32 3167 34 3212 l
75 3196 101 3239 m
111 3189 179 3250 qua,
193 3171 240 3250 qui
251 3171 420 3232 solstitiales
434 3171 573 3232 dicuntur.
601 3171 728 3234 universi
739 3189 890 3252 numquam
904 3179 1107 3247 maturescunt,

32 3261 34 3280 '
111 3266 140 3316 et
157 3253 181 3314 si
199 3255 278 3333 prius
292 3273 375 3334 quarn
390 3265 451 3316 tota
466 3266 627 3318 marcescat
643 3275 699 3317 uva
714 3257 827 3318 incocta
843 3256 926 3318 detur
940 3253 1006 3314 cibo
1023 3251 1106 3330 galli-

32 3337 34 3378 l
110 3357 202 3402 naceo
215 3340 332 3416 generi,
346 3339 488 3400 fastidium
503 3341 594 3417 gignit
611 3358 682 3400 uvas
698 3339 860 3420 adpetendi.

32 3421 34 3546 ι
172 3424 293 3502 (19.1.)
310 3419 493 3484 Ficticiorum
509 3426 627 3504 primum
640 3424 671 3506 lit
685 3443 722 3484 ex
735 3425 800 3504 ipso
811 3424 879 3483 vino
891 3423 969 3502 quod
983 3431 1090 3484 vocant
1099 3432 1151 3486 1⁰0
1210 3511 1213 3516 Ι
