2542 3842
150 108 209 171 120
501 120 810 168 c.enou1snounor

148 280 236 353 pavet
261 281 292 333 nt
318 274 397 336 iuxta
424 276 488 336 viso
515 275 630 345 omuino
661 277 809 335 moriatur.
853 275 994 335 locustam
1022 290 1148 351 conger,

149 376 247 417 rursus
263 358 403 436 polypum
419 360 520 435 congri
535 360 676 419 lacerant.
697 358 830 435 Nigidius
844 368 947 420 auctor
963 366 1011 417 cst
1025 376 1148 435 praero-

148 442 219 501 dere
237 443 356 503 caudam
372 443 471 519 mugili
486 443 599 520 lupum,
618 441 798 520 eosdemque
814 444 897 501 statis
914 441 1060 501 mensibus
1075 460 1148 501 con·
1215 496 1218 506 .

35 594 40 605 Β
150 525 248 585 cordis
270 544 347 585 esse.
380 527 472 585 omnis
498 535 593 587 autem
612 527 714 585 virere
734 526 838 604 quibus
856 527 966 586 caudae
988 527 1032 585 sic
1048 543 1147 603 ampo·

106 617 269 673 luctentur.
285 609 325 669 m
336 627 355 669 e
366 610 511 671 contrario
523 610 665 671 amicitiae
677 609 812 688 exempla
824 619 890 669 sunt
902 619 1018 688 praeter
1028 609 1097 669 illos
1110 610 1171 669 des
1257 636 1258 641 κ

106 710 268 771 iniquorum
283 693 403 753 diximus
418 692 561 754 societate
574 692 696 756 balaena
717 703 748 753 et
761 695 918 769 musculus,
935 694 1049 772 qnando
1062 710 1147 770 prae·

148 777 230 855 grau
254 777 474 855 superciliorum
497 776 629 854 pondero
654 778 766 837 obrutis
792 779 854 845 eius
869 778 962 837 oculis
982 777 1148 836 infestantia

147 860 368 937 magnitudinem
390 860 462 923 vada
478 869 650 938 praenatans
666 862 842 922 demonstrat
859 862 1068 940 oculorumque
1083 862 1148 921 rice

149 942 284 1021 iungitur.
315 942 387 1003 Hinc
404 944 554 1005 volucrum
566 954 686 1007 naturae
700 946 841 1006 dicentur.

412 1277 447 1359 G.
476 1278 881 1361 Pttutssttuttlttt

249 1402 619 1555 uruuurt'rr
672 1432 1046 1545 ursuourru

487 1594 685 1663 LIBER
716 1598 760 1661 X.
1036 1626 1037 1632 1

571 1740 729 1755 bunut——

122 1885 151 1936 1γ
178 1838 180 1843 ¹
212 1862 282 1952 Gap.
305 1874 330 1931 1.
350 1872 509 1949 (Secti.)
533 1871 674 1949 Sequitur.
683 1879 784 1930 natura
799 1870 916 1943 arium,¹
929 1886 1049 1946 qnorum
1064 1888 1184 1946 gran-2⁰

149 1954 258 2017 dissimi
275 1965 304 2018 ct
319 1974 413 2036 paene
430 1955 587 2015 bestiarum
601 1957 722 2031 generis
743 1953 963 2014 struthocameli
986 1954 1080 2013 Africi
1099 1955 1148 2012 vel

148 2038 315 2119 Aethiopici
327 2040 503 2101 altitudinem
519 2040 624 2117 equitis
632 2039 781 2099 insidentis
789 2056 867 2118 equo
877 2038 1033 2112 excedant,
1042 2038 1146 2097 celeri·
1258 2035 1259 2056 ¹

150 2132 237 2199 tatem
248 2120 374 2198 vincant
390 2124 427 2186 ad
445 2125 503 2185 hcc
519 2125 630 2185 demum
648 2108 723 2185 datis
734 2124 827 2203 pinnis
845 2130 876 2181 ut
894 2130 1057 2190 currentem
1069 2122 1148 2182 adin·

148 2218 226 2269 tant.
238 2219 347 2279 ,cetero
360 2225 417 2268 nou
428 2217 493 2269 sunt
503 2208 652 2283 volucres,
664 2226 722 2268 noc
738 2227 753 2268 a
770 2218 847 2267 terra
858 2206 1006 2266 tolluntur.
1023 2206 1149 2282 ungulae
1258 2273 1259 2276 Ἴ

148 2292 184 2353 iis
200 2294 324 2353 cervinis
339 2292 459 2365 similes,
484 2290 586 2369 quibus
602 2292 750 2367 dimicant,
766 2291 897 2382 bisulcae
915 2300 944 2349 et
965 2290 1144 2368 conprehen·
1155 2300 1186 2340 ²⁵

149 2376 249 2439 dcudis
262 2374 405 2452 lapidibus
416 2374 512 2450 utiles,
527 2394 609 2455 quos,
618 2378 647 2435 in
658 2376 728 2453 iuga
738 2385 841 2435 comma
851 2376 1001 2453 sequentis
1015 2376 1150 2450 ingerunt
1165 2412 1168 2416 -
1258 2415 1259 2456 3

120 2459 280 2539 mpeditus.
317 2460 518 2535 concoquendi
542 2462 605 2521 sine
631 2459 748 2520 delectu
774 2460 914 2519 devorata
939 2460 1011 2517 mira
1035 2466 1149 2530 natura,

150 2542 203 2603 sed
219 2556 275 2599 non
289 2540 380 2599 minus
408 2543 549 2602 stoliditas
571 2546 600 2602 in
616 2552 693 2603 tanta
707 2542 812 2620 reliqui
835 2544 970 2620 corporis
988 2539 1148 2612 altitudine,

150 2642 214 2686 cum
238 2623 314 2685 colla
343 2624 449 2685 lrutioc
471 2626 697 2700 occultaverint,
726 2627 820 2687 latere
844 2644 878 2685 se
908 2623 1147 2686 existumantium.
1215 2700 1219 2708 ι

149 2708 276 2785 praemia
292 2725 331 2771 ox
345 2710 381 2772 iis
399 2726 454 2771 ova
471 2718 594 2789 propter
607 2710 820 2788 amplitudinem
833 2727 888 2788 pro
910 2709 1081 2787 quibusdam
1097 2706 1150 2765 ha·
1161 2719 1188 2761 ao
1258 2703 1259 2712 ’

14 2852 15 2857 ,
118 2852 124 2860 ,
149 2788 209 2851 bita
225 2793 303 2865 vasis
320 2808 473 2872 conosque
484 2792 609 2855 bellicos
625 2804 656 2853 et
670 2795 772 2871 galeas
786 2795 961 2855 adornantes
976 2795 1091 2871 pinnae.

123 2882 141 2934 ὅ
210 2874 238 2935 2.
253 2876 316 2953 (2.)
332 2875 494 2955 Aethiopes
505 2888 591 2959 atquc
603 2877 664 2939 ludi
676 2880 840 2939 discolores
851 2878 982 2939 maxume
995 2888 1024 2937 et
1034 2878 1150 2935 inenar-

149 2956 248 3026 rabilis
259 2960 357 3019 ierunt
371 2962 433 3021 aris
452 2970 482 3023 et
494 2971 561 3026 ante
578 2964 669 3027 omnis
682 2962 810 3023 nobilem
840 2962 948 3023 Arabia
963 2962 1151 3040 phoenicem,

148 3041 216 3103 haut
237 3042 300 3103 scio
315 3060 350 3103 an
368 3042 519 3121 fabulose,
543 3048 670 3105 nnumin
691 3056 753 3107 toto
777 3046 851 3106 orbe
865 3066 922 3106 nec
935 3048 1029 3132 risum
1044 3058 1150 3119 magno

134 3146 136 3151 ¹
150 3144 251 3204 opere.
274 3127 388 3203 aquilae
402 3139 533 3189 narratur
548 3130 751 3205 magnitudine,
764 3132 825 3189 auri
839 3130 956 3208 fulgore
969 3131 1046 3189 circa
1060 3127 1151 3201 colla,
1162 3148 1189 3193 aa

150 3219 249 3269 cetero
262 3226 434 3289 purpureus,
450 3213 613 3273 caeruleam
628 3215 723 3273 roseis
736 3215 854 3275 caudam
866 3216 959 3294 pinnis
972 3214 1151 3287 distinguen-

149 3292 241 3366 tibus,
268 3294 364 3353 cristis
390 3294 499 3368 laucis,
532 3306 676 3373 caputque
709 3296 827 3373 plumeo
855 3299 939 3375 apice
964 3298 1149 3357 honestante.
1258 3309 1259 3376 p

120 3373 258 3435 iluimus
274 3386 362 3456 atgue
378 3377 597 3453 diligentissime
625 3387 789 3454 togatorum
803 3381 893 3449 deco
909 3380 1036 3459 prodidit
1049 3378 1151 3437 Mami·
1210 3407 1212 3418 =
