2542 3842
50 176 60 195 .
112 136 201 199 '158
315 158 316 163 ¹
506 149 822 199 o.eu1msrruuuur
872 119 875 121 ’

140 305 251 367 Achaia
265 304 347 367 VIIII
369 276 504 365 montium
519 306 657 366 Scioessa
677 305 858 382 notissImus,
879 305 945 366 iona
966 301 1138 380 Cymothoe.
1231 304 1235 307 ’

141 391 215 450 ultra
236 390 335 450 Patras
357 390 495 469 oppidum
516 388 654 465 Olenum,
677 390 792 449 colonia
806 387 917 464 Dyme,
941 389 1007 449 loca
1030 386 1138 468 Eupra-

143 475 225 549 sium,
242 472 388 549 Hyrmine,
407 475 632 552 promontorium
647 471 777 548 Araxus,
795 471 945 547 Cyllenius
960 474 1055 548 sinus,
1072 490 1140 551 pro·

141 557 311 616 montorium
327 554 518 631 Chelonates,
544 558 618 617 unde
635 554 778 629 Cyllenen
791 555 818 614 V
831 555 862 617 M
876 573 973 632 pass,
990 555 1140 615 castellum

141 639 256 715 Phlius,
280 658 354 717 qnae
371 641 454 716 regio
471 639 506 697 ab
522 638 650 705 Homero
665 638 848 712 Araethyrea
864 640 941 699 dicta
957 647 1018 714 est,
1035 647 1164 717 posteat

100 730 134 784 14
141 722 258 800 Asopis.
285 723 354 783 Inde
366 721 495 781 Eliorum
507 739 589 797 ager,
605 722 655 798 qui
669 731 752 781 antea
764 720 859 798 Epioe
870 721 1059 781 vocabantur.
1076 722 1140 800 ipsa

140 804 203 865 Elis
225 808 254 864 iu
270 806 484 864 mediterraneo
506 812 535 863 et
556 803 660 876 aPylo
676 802 732 862 XII
751 801 782 863 Μ
806 821 941 881 passuum
961 806 1036 863 Intus
1058 803 1138 864 delu-

140 888 222 949 brum
240 888 365 964 Olympii
390 886 468 945 lovis
490 885 622 945 ludorum
643 885 775 944 claritate
796 886 889 945 fastos
905 884 1045 947 Graeciae
1069 901 1138 947 corr·

141 973 274 1051 plexum,
300 970 467 1029 Pisaeorum
489 969 631 1048 quondam
649 968 801 1045 oppidum,
824 969 1003 1047 praefluente
1019 968 1137 1048 Alpheo

141 1072 233 1114 amne.
261 1061 290 1111 at
304 1054 332 1110 in
347 1069 399 1113 ora
413 1052 638 1131 promontorium
654 1049 781 1125 ichthys.
808 1052 896 1112 amnis
912 1051 1043 1129 Alpheus
1058 1054 1135 1112 navi·
1147 1069 1174 1111 ro

47 1148 49 1153 '
141 1145 225 1213 gatur
235 1134 315 1194 VIM
330 1153 408 1213 pass.
432 1134 546 1214 Oppida
560 1135 667 1209 Aulon,
684 1132 819 1212 Lep'ricn.
837 1136 1062 1212 promontorium
1072 1135 1138 1196 Pla·

101 1219 272 1283 15tanodes.
300 1219 394 1278 omnia
414 1218 488 1279 haec
511 1219 547 1279 ad
569 1234 705 1278 occasum
723 1234 819 1277 versa.
851 1217 913 1296 (7.)
936 1219 972 1278 ad
987 1218 1137 1277 meridiem

142 1312 237 1363 autem
258 1299 441 1378 Cyparissius
462 1302 539 1360 sinus
564 1319 628 1359 cum
650 1298 722 1359 urbe
740 1298 897 1378 Cyparissa
911 1299 1015 1360 LXXII
1030 1301 1136 1359 milium

142 1402 277 1463 passuum
294 1384 422 1442 circuitu.
450 1384 556 1462 oppida
572 1383 671 1458 Pylos,
687 1380 834 1457 Methone,
850 1381 1050 1457 locusHelos,
1068 1400 1135 1460 pro·

140 1468 311 1527 montorium
328 1465 458 1539 Acritas,
483 1468 561 1524 sinus
576 1466 720 1524 Asinaeus
736 1464 773 1524 ab
789 1465 898 1543 oppido
914 1464 1020 1540 Asine,
1045 1463 1135 1525 Coro·
1146 1482 1173 1525 rs

142 1566 233 1609 naeus
253 1546 411 1607 aCorone.
442 1548 573 1607 finiuntur
595 1546 728 1607 Taenaro
750 1544 957 1626 promontorio.
988 1545 1032 1605 Ibi
1052 1548 1135 1624 regio

144 1631 289 1690 Messenia
308 1629 404 1690 XVIII
425 1632 569 1691 montium.
596 1631 686 1689 amuis
703 1629 840 1689 Pamisus.
867 1631 943 1689 intus
963 1637 1057 1688 autem
1071 1632 1136 1708 ipsa

144 1713 291 1788 Messene,
303 1712 424 1787 Ithome,
441 1712 590 1788 Oechalia,
606 1712 715 1786 Arene,
728 1713 859 1788 Pteleon,
872 1712 998 1787 Thryon,
1013 1712 1135 1788 Dorion,

145 1795 263 1870 Zancle,
279 1796 365 1854 variis
381 1795 459 1855 clara
474 1795 663 1872 temporibus.
686 1793 775 1853 Huius
790 1796 868 1855 sinus
883 1796 1018 1855 circuitus
1031 1794 1137 1855 LXXX

143 1876 172 1934 M
190 1894 279 1953 pass,
296 1879 433 1936 traiectus
448 1894 520 1937 vero
534 1874 618 1936 XXX
633 1876 672 1936 M.
1143 1896 1171 1936 to

101 1963 135 2017 16
203 1957 266 2037 (8.)
282 1959 395 2018 Dehinc
410 1977 426 2019 a
442 1958 574 2019 Taenaro
590 1977 662 2035 ager
676 1958 838 2018 Laconicus
852 1960 964 2021 liberae
979 1960 1086 2037 gentis,
1103 1967 1141 2018 et‘

137 2041 220 2100 ,sinus
237 2042 356 2101 circuitu
370 2039 434 2100 CVI
446 2042 485 2118 M,
500 2043 622 2115 traiectu
638 2040 788 2101 XXXVIII
802 2043 918 2102 milium.
941 2044 1047 2121 oppida
1062 2042 1135 2103 Tae·

142 2141 251 2199 narum,
263 2123 415 2197 Amyclae,
427 2124 550 2199 Pherae,
565 2124 698 2200 Leuctra,
714 2134 744 2185 et
754 2126 828 2184 intus
839 2126 953 2204 Sparta,
971 2126 1135 2202 Therapne,

142 2215 227 2284 atque
243 2206 292 2265 ubi
306 2207 390 2266 fuere
406 2204 594 2285 Cardamyle,
611 2207 745 2283 Pithane,
762 2207 890 2283 Anthea,
912 2209 995 2267 locus
1010 2207 1135 2281 Thyrea,

143 2286 275 2347 Gerania.
303 2306 384 2346 mons
407 2286 570 2365 Taygetus,
592 2293 682 2349 amnis
697 2290 838 2364 Eurotas,
861 2290 940 2347 sinus
961 2289 1170 2364 Aegilodes,as

142 2369 585 2510 ltttltllzltllttetlt
602 2370 1136 2529 ttltltmttttltall?

142 2532 283 2589 montorio
299 2531 488 2591 includuntur.
1095 2523 1097 2528 ’

102 2614 134 2670 17
201 2612 264 2691 (9.)
287 2611 343 2684 Qui
364 2614 493 2691 sequitur
511 2614 592 2671 sinus
616 2614 653 2673 ad
669 2614 835 2688 Scyllaeum
859 2614 1015 2690 Argolicus
1034 2616 1134 2694 appel·

141 2695 225 2770 latur,
243 2696 364 2754 traiectu
381 2693 445 2753 LM
456 2712 545 2774 pass,
564 2695 640 2754 idem
654 2696 761 2755 ambitu
772 2695 872 2755 CLXII
887 2696 1001 2755 milium.
1027 2698 1133 2776 oppida
1144 2711 1171 2753 ao

141 2775 232 2850 Boea,
245 2776 406 2854 Epidaurus
417 2776 529 2835 Limera
541 2779 724 2854 cognomine,
738 2779 842 2855 Zarax,
858 2776 1008 2856 C'yphauta'
1024 2789 1134 2859 portus.

141 2874 240 2917 amnes
255 2858 392 2934 Inachus,
409 2856 560 2936 Erasinus,
581 2860 657 2919 inter
673 2878 747 2939 quos
764 2860 862 2937 Argos
876 2859 1010 2939 Hippiam
1026 2878 1133 2937 cogno·

141 2941 274 2999 minatum
298 2958 395 3019 supra
408 2941 504 3001 locum
526 2940 640 3001 Lernen
661 2961 677 3003 a
698 2944 768 3002 mari
790 2942 849 3001 ΜΜ
872 2961 951 3021 pass.
973 2957 1134 3021 novemque

142 3021 245 3080 additis
260 3022 374 3082 milibus
389 3022 530 3097 Mycenae
547 3032 576 3082 et
591 3023 639 3083 ubi
654 3026 745 3084 luisse
760 3024 896 3099 Tiryntha
916 3025 1030 3085 tradunt
1046 3033 1074 3084 et
1091 3026 1133 3083 lo·

2 3095 8 3110 '
80 3176 82 3179 ¹
140 3119 191 3161 cus
207 3101 360 3164 Mantinea.
387 3114 499 3163 montes
513 3104 696 3181 Artemisius,
712 3106 886 3183 Apesantus,
902 3107 1051 3183 Asterion,
1065 3107 1132 3166 Par·
1143 3122 1171 3165 aa

140 3201 228 3261 parus
239 3184 345 3261 aliique
357 3183 398 3243 XI
408 3203 536 3244 numero.
559 3186 656 3247 fontes
666 3187 773 3262 Niobe,
785 3188 956 3263 Amymone,
972 3189 1132 3249 Psamatbe.

99 3265 166 3327 18A
181 3266 317 3340 Scyllaeo
334 3266 370 3325 ad
382 3265 517 3327 Isthmum
529 3266 685 3329 CLXXVII
694 3268 725 3330 M
739 3287 817 3347 pass.
842 3270 957 3348 Oppida
967 3270 1133 3345 Hermione,

139 3346 289 3429 Troezen,
306 3346 532 3429 Coryphasium,
555 3350 791 3438 appellatumqpc
814 3348 886 3414 alias
903 3353 1048 3413 Inachium
1062 3352 1135 3413 alias
