2542 3842
349 224 430 271 usn.
447 224 538 271 uren.
555 224 616 272 vn.
638 220 757 273 crs-so.
775 210 925 296 (us-31.)
1032 207 1034 211 ’
1096 214 1134 277 21

135 398 190 459 per
206 388 249 439 tot
265 379 481 457 disciplinarum
496 396 606 455 genera
624 386 772 439 ettantam
788 396 883 438 rerum
899 396 1075 459 operumque
1089 393 1138 443 v'a·

135 466 278 538 rietatem,
293 465 349 522 nisi
366 463 441 523 iorte
454 462 580 522 Homero
592 472 657 522 vate
675 460 788 522 Graeco
801 463 906 522 nullum
921 464 1034 525 felicius
1051 468 1138 525 exsti·

134 550 206 608 tisse
225 548 376 621 convenit,
399 547 461 606 sive
483 548 582 625 operis
597 546 711 607 fortuna
728 548 789 605 sive
807 548 924 606 materia
940 548 1139 611 aestumetur?
1176 612 1182 633 ,

133 631 235 709 ltaque
243 629 701 706 Alexanderblagnus—etenim
712 630 870 708 insignibus
882 630 993 691 iudiciis
1005 642 1182 711 optumeloit

111 717 267 793 ccitraque
290 714 424 774 invidiam
447 724 504 773 taur
529 714 658 792 superba
685 732 806 774 censura
828 724 984 791 peragetur
1007 750 1047 763 -—·
1067 719 1140 777 inter

135 800 230 877 spolia
247 799 328 859 Darii
343 797 495 857 Persarum
510 799 813 875 regisungucntorum
825 800 931 858 scrinio
949 808 1046 878 capto,
1063 802 1140 879 quod

136 892 198 942 erat
214 900 283 941 auro
300 882 463 960 margaritis
483 882 664 960 gemmisque
684 885 858 960 pretiosum,
878 884 976 941 varios
995 885 1055 943 eius
1070 902 1140 943 usus

135 967 236 1026 amieis
252 965 522 1042 demonstrantibus
538 967 653 1043 quando
670 966 806 1026 taedebat
817 970 954 1043 unguenti
969 966 1140 1027 bellatorem

136 1060 166 1110 et
183 1050 281 1110 militia
302 1050 465 1126 sordidum,
489 1050 593 1109 immo
619 1050 798 1128 Hercule,
829 1053 935 1127 inquit,
963 1051 1139 1110 librorurn

100 1134 217 1194 ouon
227 1136 281 1193 eri
298 1134 494 1208 custodiae
507 1133 920 1211 detur,ut,pretiosissimum
931 1134 1042 1194 humani
1056 1136 1138 1194 animi

59 1282 67 1289 y
136 1236 210 1296 opus
226 1236 310 1297 quam
321 1235 453 1277 maxume
468 1217 548 1277 diviti
559 1235 652 1294 opere
668 1228 844 1278 servaretur.
870 1221 938 1278 item
950 1218 1062 1277 Pindari
1073 1238 1121 1278 va·
1131 1228 1182 1282 109

135 1305 172 1362 tis
187 1302 314 1362 familiae
332 1301 542 1379 penatibusque
563 1302 646 1359 iussit
667 1304 764 1379 parci,
787 1301 987 1367 cumlhebas
1009 1310 1138 1381 caperet.

136 1386 303 1446 Aristotelis
318 1384 486 1465 philosophi
501 1386 621 1464 patriam
638 1386 780 1461 condidit,
797 1395 950 1463 tantaeque
968 1404 1063 1445 rerum
1081 1386 1139 1447 cla·

136 1472 212 1530 ritati
233 1480 289 1529 tam
310 1470 465 1546 benignum
480 1469 671 1529 testimonium
694 1470 816 1529 miscuit.
847 1470 1017 1529 Archilochi
1032 1478 1138 1549 poetae
1210 1544 1213 1551 ι

101 1568 126 1608 15
135 1555 343 1614 interfectores
363 1553 473 1632 Apollo
493 1555 587 1631 arguit
607 1553 738 1631 Delphis.
776 1554 955 1632 Sophoclem
970 1556 1072 1630 tragici
1090 1572 1138 1613 co·

135 1638 229 1697 thurni
245 1641 405 1717 principem
420 1638 584 1699 defunctum
599 1639 728 1716 sepelire
743 1636 829 1698 Liber
844 1646 928 1716 pater
944 1640 1044 1713 iussit,
1058 1637 1138 1696 obsi·

136 1721 269 1782 dentibus
297 1723 412 1782 moenia
436 1721 687 1797 Lacedaemoniis,
715 1720 863 1796 Lysandro
887 1740 986 1781 eoranr
1012 1739 1086 1797 rege
1112 1722 1140 1779 in

137 1808 235 1884 quiete
258 1809 375 1884 saepius
399 1807 544 1866 admonito
568 1814 600 1865 ut
620 1814 769 1884 pateretur
789 1806 899 1866 humari
918 1806 1038 1867 delicias
1060 1821 1137 1863 suas.

135 1891 286 1968 requisivit
300 1908 362 1965 rex,
380 1892 444 1969 quis
461 1908 622 1969 supremum
640 1891 715 1950 diem
731 1890 851 1949 Athenis
867 1889 999 1965 obiisset,
1015 1906 1070 1948 nec
1087 1888 1139 1948 dil·

100 1988 127 2027 20
137 1974 252 2036 licuiter
267 1993 305 2033 ex
316 1976 352 2033 iis
363 1992 449 2053 quem
461 1975 532 2034 deus
544 1974 737 2051 significasset
751 1974 904 2049 intellexit,
921 1989 1082 2051 pacemque
1094 1972 1137 2031 iu-

138 2057 200 2117 neri
216 2059 303 2118 dedit.

200 2142 250 2202 30.
276 2141 360 2221 (31.)
396 2141 507 2201 Platoni
535 2142 694 2220 sapientiae
715 2140 833 2199 antistiti
851 2138 1007 2213 Dionysius
1027 2148 1122 2213 tyran·
1133 2146 1183 2202 110

136 2244 190 2285 nus
208 2225 280 2286 alias
302 2226 441 2284 saevitiae
464 2224 676 2303 superbiaeque
697 2232 779 2283 natus
800 2224 928 2282 vittatam
942 2238 1045 2282 navem
1065 2222 1141 2281 ruisit
1175 2223 1178 2237 '

137 2310 269 2385 obviam,
286 2310 351 2388 ipse
371 2308 518 2387 quadrigis
539 2308 613 2370 albis
635 2306 832 2385 egredientem
856 2307 884 2365 in
904 2306 991 2366 litore
1012 2306 1138 2383 excepit.

101 2393 245 2471 ²⁵Vigicti
267 2393 384 2453 talentis
404 2402 487 2452 unam
504 2393 664 2451 orationem
684 2388 829 2451 Isocrates
846 2390 985 2452 vendidit.
1016 2388 1138 2449 Aeschi-

137 2495 191 2537 nes
207 2477 393 2537 Atheniensis
409 2494 532 2536 summus
547 2485 656 2553 orator,
671 2494 733 2535 curu
749 2478 961 2536 accusationem
977 2490 1032 2553 qua
1046 2474 1140 2533 iuerat

137 2573 208 2621 usus
224 2560 345 2623 Rhodiis
360 2561 499 2639 legisset,
515 2562 589 2638 legit
604 2569 633 2619 et
649 2560 850 2620 defensionem
864 2559 1068 2619 Demosthenis
1084 2572 1139 2633 qua

137 2646 167 2703 iu
177 2645 248 2706 iliud
260 2645 361 2722 pulsus
373 2646 467 2705 iuerat
479 2646 622 2720 exsilium,
633 2644 857 2723 mirantibusque
873 2652 931 2703 tarn
943 2645 1035 2719 magis
1050 2642 1139 2701 luisse

137 2729 291 2788 miraturos
314 2730 400 2804 dixh,
431 2731 456 2787 si
482 2731 575 2809 ipsum
602 2738 731 2787 orantem
757 2727 946 2800 audivissent,
979 2724 1138 2785 calamitate

101 2826 128 2883 uo
138 2814 222 2872 testis
237 2814 340 2889 ingens
353 2814 448 2873 lactus
465 2814 580 2873 inimici.
610 2811 797 2887 Thucydiden
812 2812 1015 2888 imperatorem
1032 2808 1181 2870 Athe-111

136 2898 256 2957 nienses
266 2899 296 2955 in
311 2897 443 2956 exsilium
454 2912 557 2973 egere,
573 2912 670 2960 rerum
682 2896 861 2955 conditorem
871 2907 1063 2965 revocavere,
1077 2891 1138 2949 elo·
1215 2956 1217 2961 ,

137 2982 282 3059 quentiam
296 2980 389 3041 mirati
406 2981 486 3039 cuius
500 2981 634 3038 virtutem
650 2978 861 3038 damnaverant.
887 2976 1019 3053 lilagnurn
1036 2982 1065 3031 et
1079 2971 1139 3032 hle·

137 3064 248 3123 candro
263 3067 293 3123 ia
308 3065 422 3125 comico
434 3079 528 3122 socco
545 3063 738 3121 testimonium
754 3078 854 3137 regum
865 3058 993 3137 Aegypti
1005 3066 1033 3117 et
1044 3055 1155 3143 lilaea·-

139 3148 243 3207 doniae
266 3148 388 3225 contigit
406 3146 502 3207 classe
523 3155 552 3205 et
570 3162 625 3222 per
645 3145 759 3223 legatos
779 3146 887 3223 petito,
911 3146 1000 3203 maius
1018 3158 1056 3202 ex
1076 3140 1141 3217 ipso

100 3244 129 3286 ss
139 3232 240 3307 regiae
255 3233 389 3292 fortunae
408 3229 539 3308 praelata
556 3229 713 3302 litterarum
730 3229 916 3289 conscientia.
948 3224 1184 3287 Perhlbderellh

139 3324 170 3374 et
192 3313 312 3376 Romani
331 3332 474 3394 proceres
495 3323 579 3373 etiarn
594 3314 703 3373 exteris
716 3314 887 3371 testimonia.
917 3310 970 3371 Gn.
986 3308 1142 3386 Pompeius

138 3398 278 3459 conlecto
303 3398 497 3459 Mithridatico
522 3397 601 3457 bello
626 3400 778 3456 intraturus
804 3394 950 3456 Posidonii
982 3391 1142 3472 sapientiae

138 3482 326 3561 proiessione
355 3482 426 3543 clari
447 3481 560 3541 domum
582 3482 675 3540 iorem
696 3480 808 3558 percuti
830 3480 866 3539 de
894 3494 975 3537 more
998 3494 1015 3536 a
1038 3476 1141 3537 lictore
