2542 3842
408 106 511 187 aar.
525 136 616 186 nisu.
631 137 683 184 ιιι
699 135 723 188 5
738 122 835 208 (9.)
899 80 904 93 ι
1079 128 1137 191 135

144 295 224 377 qnod
245 294 363 375 scripsit
379 291 527 353 Nicodoro
544 292 762 371 Atheniensium
775 293 941 369 magistratu
955 312 1003 373 qur
996 294 1070 356 init
1093 315 1137 356 nr-

22 454 25 461 ,
144 380 192 441 his
218 388 336 439 nostrae
360 374 521 437 CCCCXL.
548 394 630 438 anno.
663 376 801 456 quidquid
825 394 897 454 ergo
928 388 1069 442 terrarum
1093 391 1138 439 est

144 472 265 545 praeter
280 462 383 523 decem
400 462 477 521 milia
491 479 626 539 passuum
641 460 763 520 ambitus
784 460 930 521 adnexum
944 464 1055 525 insulae
1071 473 1137 543 post

145 566 211 609 eum
226 565 328 607 annum
343 547 469 609 accessit
486 544 595 607 Italiae.
622 544 709 604 Aliud
723 536 890 605 miraculum
904 564 921 607 a
933 543 1044 608 Circeis
1054 550 1180 628 palusstt

122 632 294 709 ernnptmn
309 639 365 706 est,
385 647 470 709 quem
485 628 580 689 locum
590 627 698 689 XXIIII
712 628 824 689 urbium
833 628 923 691 inisse
934 628 1081 693 Mucianus
1092 642 1138 694 ter

145 714 248 777 consul
267 674 401 793 prodiint.
430 713 496 773 dein
516 712 621 773 humen
640 713 811 789 Aufentum,
833 731 920 792 snpra
943 715 1020 793 quod
1037 716 1137 777 Tarra·

146 800 211 859 cina
226 798 363 877 oppidum
384 796 481 875 lingua
495 796 669 857 Volscorum
683 796 784 857 Anxur
799 797 919 873 dictum,
945 807 974 858 et
994 798 1042 859 nbi
1056 799 1137 860 inere

146 881 287 957 Amyclae
302 899 319 941 a
335 881 518 959 serpentibus
536 881 663 955 deletae,
680 880 746 942 deiu
762 881 845 942 locus
859 882 1041 959 Speluncae,
1058 884 1139 944 lacus

147 964 308 1040 Fundanus,
325 962 427 1025 Caieta
441 974 557 1043 portus,
576 965 712 1043 oppidum
725 962 858 1027 Formiae
873 964 1007 1028 Hormiae
1023 968 1137 1043 dictum,

110 1059 179 1110 nont
194 1050 421 1123 existumarem,
437 1049 551 1127 antiqua
565 1047 792 1133 Laestrygonum
806 1050 903 1110 sedes
930 1050 1003 1113 ultra
1017 1051 1070 1113 init
1086 1069 1137 1131 op·
1186 1103 1189 1111 .

145 1133 244 1213 pidum
258 1132 361 1208 Pyrae,
378 1140 424 1193 est
438 1132 552 1192 colonia
569 1122 733 1193 dilutumae
742 1131 800 1193 Liri
816 1152 899 1193 amne
914 1134 1004 1194 dlvisa
1020 1135 1137 1197 Clanica

144 1215 1180 1380 thillhiltthithhithetrithei?tillo

146 1385 210 1445 sinn
232 1384 370 1461 incipiunt
389 1382 496 1443 vitiferi
518 1383 612 1443 colles
634 1392 665 1442 et
684 1383 849 1445 temulentia
869 1385 976 1446 nobilis
996 1404 1067 1447 suco
1084 1406 1152 1471 per

110 1480 137 1523 as
147 1469 239 1529 omnis
254 1476 348 1527 terras
364 1467 487 1543 incluto,
510 1476 596 1547 atque
615 1467 661 1545 (ut
675 1476 793 1529 veteres
807 1468 924 1547 dixere)
941 1488 1078 1532 summum
1093 1470 1138 1531 hi·

145 1552 210 1613 heri
231 1551 324 1611 I’atris
348 1569 412 1611 cum
435 1548 546 1611 Cerere
568 1561 724 1612 certamen.
754 1551 821 1611 hino
842 1553 934 1611 Setini
956 1564 986 1613 et
1011 1553 1139 1615 Caecubi

145 1636 355 1715 protenduntur
370 1634 440 1711 ngri.
467 1636 511 1695 his
532 1630 684 1711 iunguntur
699 1634 830 1711 Falerni,
848 1632 959 1697 Caleni.
987 1638 1053 1698 dein
1070 1658 1137 1699 con·

146 1728 266 1796 snrgunt
280 1716 414 1793 Massici,
439 1718 561 1779 Gaurani
577 1720 794 1798 SurrentInique
809 1729 929 1780 montes.
948 1720 987 1781 ibi
1004 1721 1139 1784 heburIni

148 1805 243 1881 campi
264 1810 427 1861 sternuntur
448 1811 477 1863 et
498 1804 527 1861 in
545 1803 667 1864 delicias
687 1803 780 1864 alicae
796 1803 902 1880 politur
916 1807 1029 1865 messis.
1058 1807 1139 1868 Ilaec

10 1924 14 1936 ·
110 1894 138 1936 ²⁰
148 1887 233 1949 litora
244 1885 370 1947 fontibus
384 1887 485 1947 calidis
495 1886 632 1964 rigantur,
641 1896 823 1966 praeterque
839 1899 938 1951 cetera
952 1890 980 1949 in
995 1900 1055 1952 toto
1068 1893 1140 1952 mari

148 1970 300 2045 conchylio
327 1979 366 2031 et
381 1972 463 2049 pisce
490 1971 580 2031 nobili
605 1972 781 2033 adnotantur.
806 1990 945 2051 nusquam
966 1978 1139 2050 generosior

147 2055 235 2115 oleae
253 2056 363 2131 liquor,
385 2063 414 2114 et
437 2054 493 2113 hoc
514 2072 628 2132 quoque
653 2064 800 2116 certamen
814 2054 951 2116 hnmanae
972 2058 1137 2135 voluptatis.

147 2147 271 2199 tenuere
286 2135 354 2197 Osci
361 2122 508 2213 ,GraecI,
524 2137 640 2211 Umbri,
658 2136 755 2209 Tusci,
772 2132 917 2213 Campani.
948 2137 980 2197 ln
995 2157 1047 2199 era
1062 2142 1137 2201 Savo
1146 2141 1180 2197 61

69 2249 73 2263 ·
147 2222 268 2296 fluvius,
291 2219 459 2282 Volturnum
480 2221 617 2299 oppidum
640 2238 704 2279 cum
727 2237 826 2294 amne,
851 2218 1007 2295 biternum,
1032 2220 1138 2283 Cumae

111 2314 139 2355 25
149 2303 392 2381 Chalcidensium,
407 2304 558 2380 IIisenum,
574 2312 676 2382 portus
686 2301 827 2378 Baiarum,
842 2302 932 2379 Bauli,
949 2304 1030 2365 lacus
1044 2305 1138 2367 Lucri-

147 2408 201 2451 nus
225 2399 254 2450 et
268 2389 417 2465 Avernus,
443 2390 520 2449 iuxta
536 2406 621 2467 quem
639 2385 819 2447 Cimmerium
836 2389 971 2466 oppidum
987 2391 1138 2468 quondam,

148 2475 216 2535 dein
237 2473 348 2533 Puteoli
371 2434 485 2534 coIonia
507 2472 708 2533 Dicaearobea
730 2471 814 2547 dictI,
839 2482 963 2552 postque
985 2474 1139 2553 Phlegraei

149 2558 255 2644 campi,
271 2555 432 2617 Acherusia
447 2556 529 2634 palus
546 2554 642 2617 Cumis
656 2556 759 2617 vicina
786 2555 870 2617 litore
888 2567 981 2618 autem
998 2557 1138 2637 Neapolis
1145 2573 1180 2628 62

150 2626 381 2702 Chalcidensium
394 2649 422 2700 et
436 2640 509 2718 ipsa,
521 2639 705 2719 Parthenope
715 2658 732 2700 a
742 2638 849 2701 tumulo
862 2640 971 2701 Sirenis
982 2643 1138 2721 appellata,

114 2736 141 2779 ιι
149 2723 376 2801 Herculaneum,
401 2724 519 2801 Pompei
535 2723 611 2785 haud
625 2723 728 2802 procul
743 2732 874 2801 spectato
890 2733 984 2783 monte
1000 2724 1138 2800 Vesuvio,

149 2808 285 2869 adluente
306 2825 378 2867 vero
395 2809 486 2869 Sarno
509 2826 607 2882 amne,
630 2825 702 2885 ager
715 2806 876 2867 Nucerinus
897 2816 926 2866 et
945 2824 1049 2866 norem
1063 2803 1139 2869 milia

150 2909 286 2968 passuum
309 2910 325 2951 a
347 2893 417 2952 mari
431 2892 494 2969 Ipsa
514 2890 658 2965 Nuceria,
679 2890 843 2949 Surrentum
859 2908 922 2951 cum
945 2894 1138 2967 promontorio

149 2972 297 3035 IIiuerrae
313 2976 444 3036 Siasuum
465 2974 608 3053 quondam
629 2973 712 3033 sede.
738 2972 881 3048 navigatio
899 2991 916 3033 a
937 2968 1048 3034 Chosis
1070 2975 1138 3036 duo·

150 3057 335 3135 deoctogInta
357 3059 434 3119 milia
455 3075 590 3136 passuum
612 3066 700 3135 patet.
731 3054 825 3132 Regio
846 3072 881 3117 ea
898 3076 915 3118 a
930 3056 1028 3119 'liberi
1051 3062 1180 3137 prIma63

117 3140 250 3203 ”Italiae
265 3144 397 3203 servatur
414 3160 452 3201 ex
467 3140 662 3218 descriptione
679 3139 810 3216 Augusti.
842 3138 919 3201 Intus
935 3142 1066 3203 columae
1086 3142 1137 3203 Ca·

150 3241 208 3302 pua
218 3225 255 3285 ab
266 3224 316 3285 XL
327 3223 356 3284 II
367 3240 445 3302 pass.
458 3242 559 3302 campo
576 3224 661 3299 dicta,
677 3224 830 3302 Aquinum,
843 3224 960 3300 Suessa,
972 3225 1137 3301 Venafrum,
1257 3288 1262 3295 ,

150 3304 236 3383 Cora,
250 3308 377 3373 Teanum
388 3307 543 3367 Sidicinum
554 3308 735 3385 cognomine,
747 3304 830 3369 Nola.
847 3310 954 3388 oppida
965 3309 1138 3384 Abellinum,

150 3389 260 3473 Ariola,
276 3392 353 3453 Alba
367 3390 464 3471 longa,
480 3391 632 3469 Acerrani,
648 3390 776 3469 ANiiaui,
791 3391 936 3469 Atinates,
953 3390 1138 3465 Aletrinates,
