2542 3842
155 161 194 223 66
515 172 545 219 c.
561 172 656 219 rnrur
673 171 821 242 ssccnnr
893 222 900 237 x

155 327 377 406 appellantium,
398 327 502 387 sedet
525 336 691 404 argumenta
709 344 806 386 rernm
826 325 948 400 docent,
972 343 1029 385 non
1049 311 1142 386 sol'um

156 414 222 490 qnia
237 412 303 473 talis
325 410 415 487 figura
439 412 568 470 omnibus
591 412 634 470 sui
650 410 778 488 partibus
798 410 894 486 vergit
910 410 938 468 in
954 428 1020 469 sese
1036 429 1071 470 ac
1086 410 1142 469 sibi

155 498 218 573 ipsa
235 495 384 575 toleranda
401 504 446 553 est
461 514 553 573 seque
570 494 687 554 includit
703 504 732 553 et
749 496 875 553 continet
896 493 1035 553 nrullarum
1050 512 1143 570 egens

156 596 316 657 conpagum
337 596 392 639 nec
414 579 499 638 finem
520 587 567 637 aut
588 579 696 636 initium
717 578 783 637 ullis
799 578 842 636 sui
859 577 988 655 partibus
1003 579 1141 651 sentiens,

154 680 210 721 nec
228 663 291 739 quia
307 663 342 723 ad
359 671 478 736 motum,
504 679 561 739 quo
577 662 698 722 subinde
718 662 792 720 verti
814 679 882 720 mox
897 660 1061 740 adparebit,
1077 660 1170 720 taliso

155 747 300 824 aptissima
316 754 376 821 est,
403 746 455 805 sed
472 745 619 805 oculorum
635 753 755 824 quoque·
768 744 957 823 probatione,
981 744 1058 824 qnod
1074 761 1141 803 con-

153 849 244 889 vexus
265 830 432 907 mediusque
455 846 633 907 quacumque
656 838 806 904 cernatur,
830 847 893 888 curu
909 829 937 889 id
958 829 1093 889 accidere
1115 829 1143 888 in

154 914 208 973 alia
224 931 280 972 non
295 914 387 989 possit
402 912 502 989 ligura.
765 984 769 993 Ι

125 1005 142 1058 6
215 996 244 1056 3.
262 995 323 1073 (3.)
336 995 414 1055 Hanc
428 1013 499 1071 ergo
513 995 633 1055 formam
645 997 707 1055 eius
719 1004 839 1056 aeterno
852 1004 880 1055 et
892 997 1052 1074 inrequieto
1065 995 1142 1055 amb·

153 1083 208 1154 itu,
235 1079 417 1139 inenarrabili
441 1080 609 1155 celeritate,
631 1081 731 1157 viginti
753 1088 886 1159 quattuor
901 1080 1034 1141 horarum
1049 1081 1177 1158 spatioso

154 1164 309 1240 circumagi
327 1164 398 1223 solis
416 1173 535 1223 exortus
561 1174 590 1223 et
615 1181 740 1224 occasus
761 1164 828 1223 hant
848 1164 964 1225 dubium
984 1164 1140 1242 reliquere.

153 1248 197 1307 An
216 1250 251 1309 sit
269 1250 412 1307 inmensus
430 1259 458 1308 et
475 1249 541 1308 ideo
558 1267 672 1308 sensum
690 1249 797 1309 aurium
813 1248 961 1308 excedens
976 1257 1069 1308 tantae
1083 1264 1141 1306 mo·

153 1332 188 1390 lis
211 1341 320 1390 rotatae
341 1334 483 1407 vertigine
507 1333 624 1392 adsidua
651 1333 759 1390 sonitus
773 1347 832 1388 non
848 1332 981 1408 equidem
996 1332 1083 1391 facilc
1101 1331 1141 1390 di·

152 1416 253 1487 xerim,
270 1431 337 1488 non,
353 1413 490 1488 Hercule,
506 1416 597 1489 magis
614 1433 696 1491 quam
713 1415 949 1473 circumactorum
964 1415 1046 1473 simul
1062 1415 1141 1474 tinni·
1205 1444 1212 1459 ι

153 1509 198 1557 tus
215 1496 340 1557 siderum
362 1513 488 1574 suosque
509 1497 684 1556 volventium
707 1496 787 1555 orbis
808 1513 843 1554 an
864 1496 957 1555 dulcis
983 1497 1097 1575 qnidam
1112 1508 1142 1557 et
1152 1519 1176 1559 15

153 1580 315 1640 incredibili
332 1581 470 1640 suavitate
489 1589 656 1640 concentus.
686 1579 770 1639 nobis
786 1580 834 1657 qui
851 1580 925 1638 intus
940 1582 1050 1657 agimus
1065 1582 1142 1640 iuxta
1270 1649 1271 1660 ,

125 1664 255 1729 tdiebns
271 1664 461 1741 noctibusque
483 1667 584 1724 tacitus
607 1663 713 1724 labitur
729 1664 870 1734 mundus.¹
888 1662 963 1723 Esse
980 1666 1148 1727 innumeras.
1244 1668 1248 1671 ’
1270 1669 1271 1702 i

153 1750 179 1807 ei
198 1747 312 1822 effigies
330 1749 488 1807 animalium
505 1754 658 1826 rerumque
676 1758 838 1808 cunctarum
860 1749 1007 1826 inpressas
1022 1766 1095 1823 nec,
1113 1757 1142 1807 ut
1270 1761 1271 1770 ¹

47 1868 50 1875 -
152 1830 344 1895 involucrum
360 1840 489 1891 notamus
505 1834 584 1908 ovis,
606 1832 742 1892 laevitate
764 1832 897 1891 continua
919 1832 1059 1891 lubricum
1075 1849 1138 1892 cor·
1214 1839 1221 1845 ⁴

152 1933 215 1993 pus,
232 1917 309 1993 quod
326 1915 475 1975 clarissimi
497 1926 631 1975 auctores
654 1917 770 1991 dixere,
793 1933 889 1975 rerum
910 1915 1083 1993 argumentis
1098 1918 1175 1974 irc-ao

152 1999 278 2074 dicatur,
298 2001 428 2077 quoniam
446 1999 512 2059 inde
530 2000 660 2061 deciduis
677 2019 773 2061 rerum
789 2002 910 2059 omnium
927 1999 1083 2059 seminibus
1098 2001 1139 2058 in·

151 2101 296 2158 numerae,
313 2085 341 2143 in
355 2084 424 2143 mari
440 2086 612 2163 praecipue,
629 2102 664 2143 ac
680 2083 848 2163 plerumque
866 2085 993 2144 confusis
1008 2084 1139 2143 monstri·

152 2167 223 2226 lrcae
247 2169 397 2244 gignantur
419 2169 549 2246 effigies,
576 2178 730 2248 praeterea
751 2170 830 2229 visus
854 2168 1044 2247 probatione,
1071 2167 1140 2228 alibi

151 2253 219 2325 ursi,
242 2254 314 2312 tauri
337 2252 422 2327 alibi,
445 2254 514 2313 alibi
529 2254 645 2313 litterae
661 2254 767 2329 figura,
792 2254 957 2315 candidiore
973 2253 1068 2312 medio
1086 2270 1140 2329 per

123 2336 288 2395 8verticem
307 2336 424 2393 circulo.
455 2338 484 2395 4.
501 2335 643 2412 Equidem
659 2346 688 2394 et
703 2354 846 2395 consensu
863 2338 990 2411 gentium
1005 2350 1135 2393 moveor.
1147 2355 1173 2393 cs

150 2434 213 2475 nam
229 2434 313 2492 quem
331 2412 440 2491 κόσμον
456 2416 559 2476 Graeci
575 2418 687 2477 nomine
704 2419 860 2476 ornamenti
873 2417 1062 2494 appellavere
1073 2434 1138 2476 eum

152 2507 180 2557 et
201 2516 254 2557 nos
279 2517 294 2557 a
320 2499 452 2575 perlecta
474 2499 664 2577 absolutaque
690 2498 834 2576 elegantia
855 2500 995 2560 mundum.
1026 2500 1138 2559 caelum

62 2586 63 2589 ’
151 2582 264 2659 quidem
279 2581 346 2642 haut
362 2582 447 2643 dubie
463 2582 566 2642 caelati
581 2592 748 2660 argumento
765 2583 900 2657 diximus,
924 2592 953 2643 ut
968 2584 1137 2661 interpreta-

123 2676 195 2731 9tur
214 2664 251 2723 Μ.
273 2665 376 2726 Varro.
409 2666 532 2726 Adiuvat
558 2684 652 2726 rerum
679 2667 751 2727 ordo
779 2666 926 2743 descripto
950 2667 1060 2725 circulo
1089 2668 1136 2745 qui
1239 2683 1246 2693 ’

151 2748 271 2825 signifer
291 2759 410 2810 vocatur
435 2752 462 2809 in
484 2750 637 2811 duodecim
653 2749 812 2811 animalium
828 2748 943 2825 efligies
959 2758 988 2809 et
1002 2750 1172 2829 perillasao
1242 2824 1249 2836 ο

151 2833 221 2892 solis
238 2852 338 2893 cursus
353 2852 516 2911 congruens
530 2842 572 2893 tot
587 2836 713 2894 saeculis
727 2834 811 2893 ratio.

110 2932 143 2983 10
213 2918 241 2976 5.
260 2919 320 2996 (4.)
333 2922 396 2981 Nec
408 2920 446 2978 de
457 2918 607 2977 elementis
621 2918 707 2979 video
723 2917 845 2978 dubitari
857 2926 990 2996 quattuor
1004 2935 1070 2976 esse
1090 2934 1134 2978 ea.

150 3001 254 3076 ignium
267 3020 412 3077 summum,
428 3003 493 3062 inde
506 3011 548 3062 tot
561 3003 708 3061 stellarum
721 3002 788 3060 illos
800 3001 1009 3061 conlucentium
1022 3000 1134 3074 oculos,

150 3100 315 3161 proxumum
333 3088 464 3163 spiritus,
488 3104 572 3165 quem
591 3085 693 3146 Graeci
706 3086 854 3164 nostrique
870 3085 974 3145 eodem
990 3084 1134 3145 vocabulo

151 3185 218 3227 aera
234 3167 396 3245 appellant,
420 3170 535 3229 vitalem
554 3168 629 3229 hunc
646 3179 674 3229 et
690 3188 742 3248 per
758 3177 859 3229 cuncta
873 3187 969 3229 rerum
983 3168 1170 3229 meabilemaa

149 3258 268 3331 totoque
286 3262 456 3311 consertum.
477 3252 558 3312 huius
573 3255 601 3311 vi
617 3268 785 3331 suspensam
801 3271 864 3313 cum
879 3261 980 3331 quarto
998 3267 1134 3328 aquarum

109 3334 294 3395 llelemento
313 3334 410 3394 librari
430 3336 525 3395 madio
548 3337 622 3415 spati
646 3337 788 3397 tellurem.
822 3337 865 3397 lta
879 3346 975 3396 mutuo
989 3332 1134 3410 conplexu
1240 3381 1245 3392 .

151 3416 324 3479 diversitatis
345 3420 421 3479 ellici
445 3438 548 3479 nexum
569 3430 598 3480 et
624 3421 700 3480 levia
723 3420 900 3498 ponderibus
926 3417 1048 3478 inhiberi
1076 3432 1134 3495 quo
