2542 3842
319 256 400 302 nun.
419 254 511 303 mrsu.
527 257 561 302 x.
580 254 700 306 22—23.
719 246 873 326 (nt—33.)
1051 248 1109 311 131

105 420 242 488 metopon
264 420 292 471 et
315 408 484 487 Carambin,
507 428 575 470 mox
595 411 716 472 saburra
741 412 871 473 stabiliri.
902 431 966 474 enm
987 416 1112 477 medium

105 496 288 570 transierint
305 494 380 554 abici
394 495 514 573 lapillos
533 514 549 555 e
565 495 706 575 pedibus,
723 516 787 557 cum
802 499 948 581 attigerint
963 504 1111 561 continen

105 589 172 655 tem,
197 588 226 641 et
242 597 258 637 e
275 588 391 655 gutture
413 580 557 639 harenam.
591 578 744 645 Cornelias
765 580 878 660 Nepos,
900 585 950 663 qui
972 586 1030 644 diri
1052 584 1110 645 Au·

105 666 180 742 gusti
195 664 356 763 principatu
373 662 458 739 obiit,
480 682 543 723 oum
559 664 704 724 scriberet
718 665 820 725 turdos
832 666 920 744 paolo
937 677 1004 727 ante
1020 686 1109 748 coep-

80 757 151 809 atos
180 748 321 824 saginari,
350 747 459 808 addidit
481 749 608 810 ciconias
631 751 723 827 magis
751 750 890 828 placere
898 769 982 829 qoam
1009 770 1109 830 grues,
1220 747 1222 754 ’

8 906 10 909 ¹
108 851 170 894 eum
182 832 256 892 haee
270 850 345 892 nune
362 832 425 892 ales
438 834 513 893 inter
527 835 638 913 primas
655 842 824 913 expetatur,
843 835 923 895 illam
939 853 1024 927 nemo
1039 838 1111 897 velit

107 916 249 993 attigisse.
327 963 331 967 ,

169 999 253 1079 (31.)
278 997 417 1061 ciconiae
433 1019 556 1079 quonam
579 1020 595 1061 c
613 1002 681 1062 loeo
698 1004 814 1063 veniant
834 1012 883 1063 ant
901 1021 959 1083 qao
983 1022 1017 1063 se
1028 1002 1109 1065 reie-
1118 1014 1152 1070 61

105 1094 168 1145 rant
191 1086 390 1163 inconpertum
406 1084 499 1145 adbuc
516 1094 571 1146 est.
596 1106 612 1145 e
630 1087 790 1165 longinquo
807 1088 908 1147 venire
920 1105 979 1149 non
995 1088 1110 1150 dubium

8 1222 13 1255 ,
72 1194 97 1234 ιο
108 1170 211 1229 eodem
227 1185 284 1247 qno
303 1188 392 1247 grues
413 1171 510 1246 modo,
528 1171 592 1232 illas
611 1170 730 1247 hiemis,
755 1173 807 1232 bas
828 1175 947 1232 aestatis
971 1172 1108 1234 advenas.

105 1254 234 1315 abiturae
246 1256 480 1331 congregantur'
472 1272 500 1313 ιι
516 1256 584 1315 loco
597 1265 691 1347 certo,
704 1258 918 1335 comitataeque
932 1261 976 1317 sie
987 1266 1017 1315 ut
1031 1258 1110 1317 nulla

105 1340 149 1398 sui
163 1338 281 1415 generis
305 1338 484 1418 relinquatur
503 1341 558 1398 nisi
577 1328 691 1420 captiva
714 1349 744 1399 et
757 1358 843 1399 serva
864 1358 919 1400 eeu
943 1342 1012 1418 lege
1024 1360 1109 1420 prae·

105 1422 181 1483 dicta
196 1422 243 1482 die
260 1422 409 1483 recedunt
431 1440 516 1483 nemo
532 1424 603 1484 vidit
618 1442 722 1501 agmen
734 1424 956 1501 discedentium,
967 1443 1038 1484 cunr
1052 1425 1109 1484 dis·

106 1525 255 1567 cessurum
272 1506 420 1585 adpareat,
444 1526 499 1567 nee
515 1510 616 1567 venire
637 1508 689 1567 sed
700 1510 818 1568 venisse
831 1511 983 1569 cernimus.
1003 1516 1108 1569 utrum·

72 1610 161 1671 usque
185 1593 333 1651 nocturnis
350 1592 379 1651 lit
399 1592 593 1671 temporibus,
620 1601 650 1652 et
671 1594 799 1670 quamvis
820 1592 896 1653 ultra
917 1594 1027 1653 citrave
1042 1612 1108 1671 per·

104 1676 214 1752 volent,
232 1694 384 1755 numquam
400 1686 495 1736 tamen
517 1676 671 1737 advenisse
691 1694 810 1755 nsquam
830 1679 885 1737 nisi
896 1687 984 1738 noctu
1001 1681 1108 1738 existu-

104 1770 224 1821 mantur.
246 1760 394 1836 Pythonos
411 1778 514 1821 comen
525 1770 631 1822 vocant
643 1762 671 1822 in
683 1762 754 1822 Asia
763 1762 929 1840 patentibus
942 1764 1051 1842 campis
1062 1764 1152 1827 ubist

105 1854 301 1923 congregatae
316 1848 439 1905 intense
461 1856 703 1922 conmurmurant,
720 1862 843 1924 eamque
858 1864 932 1925 quae
951 1848 1108 1908 novissima

104 1930 220 1989 advenit
247 1929 378 1989 lacerant
402 1939 489 2008 atque
516 1932 554 1990 ita
580 1930 696 1991 abeunt.
725 1938 852 1990 notatum
876 1940 945 2007 post
970 1932 1034 1991 idus
1051 1932 1109 1990 Au·

69 2022 205 2089 angustas
226 2030 284 2071 non
307 2020 418 2072 temere
440 2014 519 2089 uisas
540 2014 590 2073 ibi.
636 2022 701 2072 sunt
722 2016 769 2091 qui
790 2014 910 2072 ciconiis
931 2031 990 2073 non
1010 2016 1110 2075 inesse

103 2097 229 2173 linguam
245 2096 423 2155 confirment.
457 2097 550 2155 bonos
571 2097 606 2154 iis
623 2099 800 2175 serpentium
817 2096 906 2155 exitio
921 2106 1020 2157 tantus·
1034 2107 1065 2157 ut
1082 2100 1110 2157 in

103 2178 257 2239 Thessalia
280 2179 387 2258 capital
407 2179 495 2238 luerit
519 2180 667 2239 occidisse
691 2180 852 2259 eademque
873 2180 989 2259 legibus
1011 2197 1109 2261 poena

103 2282 179 2343 quae
195 2265 224 2321 in
239 2263 419 2323 homicidam.

165 2346 250 2427 (32.)
273 2348 364 2408 Simili
380 2366 499 2407 anseres
516 2364 632 2427 quoque
649 2358 679 2407 et
701 2349 800 2409 olores
816 2351 928 2410 ratione
945 2360 1108 2427 conmeant,
1118 2361 1152 2415 63
1177 2403 1182 2412 .

66 2454 92 2494 ιι
104 2432 158 2493 sed
174 2432 275 2491 borum
289 2433 405 2492 volatus
419 2432 555 2492 cernitur.
586 2430 802 2493 Liburnicarum
816 2451 899 2494 more
915 2436 1068 2495 rostrato
1058 2454 1109 2494 rm·

103 2524 173 2595 petu
191 2516 337 2593 feruntur,
354 2515 493 2576 lacilius
484 2527 523 2577 ita
536 2517 678 2576 findentes
696 2536 763 2577 aera
782 2537 866 2597 qnam
881 2520 906 2577 si
918 2528 1001 2580 recta
1013 2519 1109 2579 ironte

102 2600 288 2679 inpellerent,
300 2562 385 2677 tedgo
399 2602 506 2661 sensim
519 2602 657 2662 dilatante
670 2610 703 2663 sc
717 2620 809 2663 cuneo
823 2604 982 2681 porrigitur
994 2622 1108 2682 agmen,

103 2684 245 2763 largeque
262 2684 415 2764 inpellenti
433 2686 592 2765 praebetur
611 2704 708 2748 aurae.
743 2686 820 2747 colla
835 2689 976 2766 inponunt
986 2706 1108 2764 praece
1219 2760 1225 2771 .

103 2768 250 2844 dentibus,
271 2769 371 2828 fessos
391 2770 484 2829 duces
508 2768 543 2829 ad
567 2765 651 2847 terga
675 2772 829 2851 recipiunt.
865 2766 1005 2829 ciconiae
1026 2769 1108 2831 nidos

65 2874 93 2915 so
105 2851 225 2911 eosdem
240 2862 385 2932 repetunt,
401 2854 579 2930 genetricum
596 2865 743 2914 senectam
755 2856 877 2913 invicem
890 2854 1022 2913 educam
1040 2854 1108 2915 Olo-

101 2954 163 2996 rum
180 2944 273 2995 morte
288 2946 420 2996 narratur
446 2936 553 2997 debilis
574 2948 686 3015 cantus,
702 2938 790 3014 laiso,
807 2948 838 2997 nt
859 2936 984 2997 arbitror
999 2936 1110 3017 aliquot
1221 2942 1223 2945 ⁴

103 3022 322 3100 experimentis.
355 3020 444 3081 'iidem
461 3031 556 3080 mutua
573 3040 661 3081 carne
676 3031 832 3081 vescuntur
850 3022 924 3081 inter
941 3041 984 3082 se.

91 3102 100 3113 ⁵
149 3121 152 3127 ’
167 3105 248 3185 (33.)
270 3104 379 3165 Verum
392 3105 465 3165 haee
477 3108 686 3165 conmeautiam
698 3126 753 3186 per
765 3106 853 3167 maria
867 3116 1020 3185 terrasque
1036 3124 1102 3184 per·
1115 3115 1150 3170 ot

103 3190 245 3267 egrinatio
262 3206 319 3249 non
341 3190 448 3269 patitur
468 3188 576 3250 differri
595 3192 722 3250 minores
739 3206 856 3269 quoqne
873 3188 976 3272 quibus
999 3199 1044 3251 est
1059 3208 1107 3249 na-

64 3281 166 3334 setura
183 3274 283 3333 similis
292 3282 477 3354 ,utcumque
494 3292 581 3354 supra
599 3272 690 3335 dictas
712 3276 877 3353 magnitudo
901 3284 930 3334 et
947 3275 1026 3333 vires
1042 3292 1106 3333 cor·

101 3370 205 3436 porum
223 3359 344 3417 invitare
361 3358 453 3417 videri
469 3361 589 3438 possint.
622 3356 793 3419 Coturuices
809 3369 875 3419 ante
888 3363 973 3419 etiam
990 3368 1149 3438 semperbd

101 3435 258 3501 adveniunt
277 3460 360 3520 quam
377 3460 475 3521 grues,
491 3461 579 3523 parva
596 3445 658 3503 avis
673 3454 712 3520 et,
736 3462 799 3505 cum
815 3443 850 3504 ad
865 3462 919 3503 nos
936 3445 1025 3520 venit,
1048 3453 1104 3504 ter-

71 3527 203 3586 restris
224 3528 321 3605 potius
345 3548 428 3611 quam
448 3490 586 3589 ddblimis.
621 3528 758 3590 advolant
779 3538 808 3590 et
829 3528 885 3588 bae
907 3527 990 3673 siqnqli
1005 3530 1103 3605 modo,
