2542 3842
377 461 442 577 'o
471 493 617 576 nurui
646 490 876 576 suanum

80 682 86 693 ·
185 635 611 781 ,uxuuunum
663 642 1039 739 ursnouinn

483 810 663 877 LIBER
696 809 794 875 VII.

203 1078 297 1155 (Seu.
317 1076 363 1155 1.)
400 1075 520 1137 blundus
539 1085 568 1136 et
587 1059 616 1134 in
640 1092 675 1135 eo
693 1084 805 1151 terrae,
827 1083 947 1153 gentes,
969 1076 1074 1153 maria,
1097 1080 1165 1148 in·1

139 1165 239 1240 signes
255 1156 382 1236 insulae,
400 1159 488 1220 urbes
504 1160 540 1224 od
556 1160 631 1219 bunc
647 1159 761 1220 modum
775 1178 807 1218 se
822 1158 937 1219 habent.
961 1159 1139 1225 animantium

138 1250 167 1307 in
179 1248 283 1322 eodem
294 1254 393 1323 natupa
404 1241 510 1303 nullius
521 1261 615 1323 prope
626 1246 716 1322 partis
729 1244 972 1321 contemplatione
982 1245 1073 1304 minor
1084 1258 1138 1327 est,

139 1331 279 1409 siquidem
301 1329 394 1389 omnia
415 1330 536 1406 exsequi
558 1328 696 1388 humanus
718 1329 825 1389 animus
841 1335 936 1405 queat.
969 1329 1139 1408 principium

115 1418 200 1475 siure
212 1413 355 1472 tribuetur
365 1412 488 1488 homini,
502 1413 583 1471 cuius
596 1430 683 1473 causa
695 1413 808 1471 videtur
821 1420 921 1472 cuncta
934 1411 990 1471 alia
1002 1416 1139 1489 genuisse

137 1509 253 1572 natura,
273 1514 376 1576 magna
392 1514 480 1557 saeva
495 1497 631 1557 mercede
651 1506 751 1557 contra
766 1504 842 1555 tanta
858 1512 909 1555 sua
925 1513 1058 1573 munera,
1083 1517 1139 1559 non

138 1584 176 1643 sit
189 1591 219 1641 ut
235 1582 305 1639 satis
326 1590 505 1654 aestumare,
527 1598 632 1658 parens
648 1580 751 1641 melior
771 1578 876 1644 homini
899 1598 935 1639 an
957 1582 1067 1645 tristior
1089 1601 1139 1643 no·

80 1732 85 1742 ,
138 1684 226 1727 verca
241 1665 336 1723 luerit.
366 1664 443 1724 Ante
458 1666 551 1723 omnia
567 1684 650 1723 unum
664 1666 842 1723 animantium
858 1673 1023 1725 cunctorum
1038 1665 1167 1733 alienisn

138 1751 216 1810 velat
229 1748 343 1827 opibus.
369 1750 476 1807 ceteris
487 1750 566 1807 varie
578 1751 732 1826 tegimenta
743 1748 857 1823 tribuit,
875 1756 982 1824 testas,
1001 1752 1138 1827 cortices,

103 1856 128 1896 ao
141 1836 257 1913 spinas,
280 1834 375 1908 coria,
393 1832 496 1906 villos,
514 1842 626 1908 saetas,
649 1834 740 1911 pilos,
757 1832 896 1911 plumam,
919 1834 1035 1910 pinnas,
1054 1853 1138 1914 squa·
1202 1832 1205 1837 ’

138 1937 215 1992 mas,
237 1914 359 1978 vellera.
403 1926 520 1977 truncos
538 1919 624 1976 etiam
646 1918 826 1995 arboresque
848 1918 974 1991 cortice,
999 1919 1140 1979 interdum

138 2003 272 2081 gemino,
295 2020 312 2061 a
327 2001 484 2077 frigoribus
506 2010 535 2059 et
553 2001 653 2061 calore
669 2010 757 2060 tutata
773 2011 826 2060 est.
870 2000 1013 2059 hominem
1031 2010 1139 2065 tantum

138 2087 241 2145 nudum
257 2093 286 2143 et
306 2086 335 2143 in
356 2082 429 2143 nuda
445 2084 529 2143 humo
546 2084 632 2142 natali
653 2084 698 2143 die
715 2083 801 2143 abicit
816 2083 850 2141 ad
867 2084 979 2157 vagitus
998 2086 1091 2145 statim
1109 2096 1139 2146 et

139 2170 297 2249 ploratum,
320 2167 487 2245 nullumque
503 2176 545 2225 tot
561 2167 720 2227 animalium
736 2165 812 2226 aliud
827 2165 862 2226 ad
878 2165 1026 2243 lacrimas,
1044 2178 1072 2227 et
1087 2171 1139 2231 bas

102 2255 268 2331 asprotinus
290 2254 366 2311 vitae
382 2252 536 2329 principio.
570 2259 616 2325 at,
640 2248 782 2325 Hercule,
806 2250 880 2309 risus
898 2266 1027 2326 praecox
1045 2252 1139 2313 illest

139 2336 309 2395 celerrimus
331 2344 396 2400 ante
422 2334 671 2413 quadragesimum
693 2334 767 2393 diem
788 2334 856 2393 nulli
878 2333 969 2393 datur.
1014 2332 1059 2393 Ab
1082 2336 1166 2402 hoca

138 2421 214 2482 lucis
230 2420 390 2482 rudimento
407 2437 481 2497 quae
504 2438 540 2479 ne
557 2418 636 2479 ieras
659 2418 771 2497 quidem
788 2420 930 2477 internos
948 2419 1062 2495 genitas
1078 2421 1138 2479 viu·

139 2503 204 2564 cula
220 2504 367 2582 excipiunt
382 2512 410 2562 et
426 2503 548 2563 omnium
563 2501 753 2562 membrorum
769 2520 876 2577 nexus,
888 2501 997 2579 'itaque
1013 2502 1140 2565 feliciter

78 2593 81 2596 '
138 2598 221 2648 natus
239 2589 316 2647 iacet
335 2587 464 2647 manibus
482 2587 663 2665 pedibusque
681 2586 837 2661 devinctis,
860 2586 948 2660 ileos,
970 2588 1072 2649 animal
1091 2606 1148 2649 cen

100 2688 128 2729 ao
140 2673 210 2731 teris
231 2672 450 2750 imperaturum,
482 2680 511 2731 et
537 2690 554 2731 a
577 2671 727 2749 suppliciis
752 2670 1030 2746 vitamauspicatur
1055 2691 1138 2733 unam

139 2764 246 2815 tanturn
267 2754 314 2816 ob
333 2755 462 2833 culpam,
491 2772 547 2833 qua
566 2762 661 2815 natum
689 2763 741 2813 est.
786 2755 842 2827 heu
866 2754 1009 2814 dementia
1034 2755 1069 2817 ab
1095 2756 1138 2817 his

139 2840 224 2899 initiis
241 2840 468 2900 existumantium
483 2838 520 2898 ad
536 2838 699 2917 superbiam
716 2856 748 2897 se
764 2836 892 2913 genitos!
914 2836 1007 2897 Prima
1022 2837 1167 2905 roboriso

138 2942 210 3002 spes
230 2924 408 3000 primumque
431 2923 570 2999 temporis
590 2941 690 2981 munus
714 2921 882 2999 quadripedi
911 2921 1031 2981 similem
1057 2923 1135 2983 lacit.

139 3008 254 3085 quando
270 3006 390 3066 hominis
407 3005 554 3065 incessus!
578 3006 692 3083 quando
708 3004 780 3065 vox!
807 3002 920 3083 quando
937 3004 1045 3064 firmum
1066 3006 1139 3067 cibis
1192 3048 1194 3055 ·

102 3108 129 3147 25
139 3090 189 3151 os!
217 3091 349 3168 quamdiu
364 3088 508 3167 palpitans
522 3098 642 3163 vertex,
659 3106 784 3163 summae
800 3090 874 3149 inter
890 3098 991 3149 cuncta
1008 3089 1138 3164 animalia

140 3173 334 3233 inbecillitatis
363 3171 511 3233 indicium!
545 3173 599 3231 iarn
618 3171 710 3231 morbi
732 3180 774 3231 tot
803 3181 887 3251 atque
913 3172 1075 3233 medicinae
1096 3181 1139 3235 tot

141 3267 240 3317 contra
256 3257 329 3316 mala
347 3257 549 3334 excogitatae,
572 3264 601 3315 et
620 3256 674 3315 liae
690 3272 805 3333 quoque
824 3256 945 3317 subinde
965 3256 1138 3319 novitatibus

139 3342 248 3402 victae!
265 3350 295 3402 et
305 3350 403 3400 cetera
416 3340 521 3399 sentire
537 3350 665 3400 naturam
678 3358 767 3415 suam,
781 3340 836 3400 alia
848 3341 1045 3419 pernicitatem
1057 3359 1137 3415 usur·

139 3443 228 3506 pare,
243 3426 298 3487 alia
306 3432 469 3505 praepetes
484 3424 614 3502 volatus,
631 3424 687 3487 alia
702 3442 787 3501 nare,
807 3424 949 3487 bominem
964 3423 1032 3485 nilril
1049 3426 1136 3503 sciro,

158 3560 166 3575 ,
182 3529 251 3567 nnuc
267 3530 328 3569 uxr.
344 3530 413 3568 nisu.
430 3514 460 3566 ll.
962 3508 973 3566 l

1215 2799 1219 2806 ”
1262 2784 1265 2837 l
