2542 3842
167 182 226 245 too
506 192 534 243 o.
551 194 647 241 eninr
663 194 812 244 suoonnr
879 241 882 251 ,

165 359 259 411 autem
280 348 382 409 oculos
400 359 574 427 praeterque
592 368 608 409 e
626 350 760 419 sensibus
776 360 880 411 tactum
901 361 987 430 atque
1008 360 1164 427 gustatum,

166 434 261 511 aliqua
278 443 305 491 et
321 434 481 507 odoratum,
497 450 590 512 pauca
605 442 635 492 at
650 435 782 493 auditum.

125 526 156 580 li
221 518 250 576 5.
268 518 330 594 (t.)
348 518 406 576 Sed
419 519 493 575 inter
505 519 598 576 omnia
615 536 649 576 ea
664 519 841 596 principatus
853 519 954 597 apibus
969 528 998 577 et
1006 519 1066 577 iure
1076 536 1164 595 prae-

166 604 249 679 cipue
269 600 436 675 admiratio,
458 600 528 663 solis
550 618 587 660 ex
603 618 640 661 eo
655 618 765 678 genere
780 602 922 663 hominum
940 620 1026 662 causa
1045 603 1163 677 genitis.

165 684 251 745 llella
269 685 447 759 contrahunt,
463 702 618 763 sucumque
636 685 829 744 dulcissimum
847 696 933 764 atque
949 686 1185 754 subtilissimums

166 788 202 828 uc
216 768 443 828 saluberrimum.
470 770 553 828 favos
571 769 735 845 confingunt
750 778 780 827 et
794 788 878 829 ceras
892 770 970 829 mille
987 770 1023 828 ad
1039 787 1105 848 usus
1120 771 1164 827 vi·

165 863 223 926 tae,
241 852 371 913 laborem
383 851 517 927 tolerant,
532 868 620 930 opera
636 853 799 926 confidunt,
815 869 876 911 rem
889 853 1032 931 publicam
1044 853 1162 927 habeut,

167 936 288 997 consilia
304 936 434 1013 priuatim
450 952 485 995 ac
501 935 591 995 duces
605 938 761 1013 gregatim,
781 945 811 994 et
826 937 902 1013 quod
917 954 1049 995 maxume
1063 937 1183 1014 mirum*

125 1029 157 1082 12
166 1022 213 1095 sil,
229 1038 326 1079 mores
343 1019 457 1079 habent.
479 1029 643 1097 praeterea,
661 1038 725 1079 oum
740 1022 795 1079 sint
809 1038 904 1098 neque
919 1022 1057 1079 mansueti
1072 1037 1163 1096 gene·

165 1106 207 1163 ris
221 1121 316 1181 neque
331 1104 396 1178 ieri,
412 1112 491 1163 tauta
505 1112 550 1163 est
564 1113 663 1165 natura
680 1122 775 1164 rerum
789 1114 820 1164 ιιι
834 1121 928 1182 prope
945 1122 982 1164 ex
998 1102 1097 1163 umbra
1111 1106 1161 1161 mi·
1173 1122 1199 1161 ro

166 1206 249 1247 numa
265 1187 393 1247 animalis
409 1187 624 1266 incomparabile
647 1188 780 1248 effecerit
801 1188 944 1265 quiddam.
975 1204 1047 1265 quos
1066 1187 1163 1247 cilica-

167 1274 231 1331 olae
254 1262 469 1349 industriaeque
490 1281 584 1331 tantae
612 1288 802 1350 conparemus
828 1288 949 1348 neruos,
978 1290 1049 1349 quas
1074 1269 1165 1329 viris?

167 1372 241 1433 quos
255 1354 358 1425 rationi
373 1356 484 1415 medius
500 1356 583 1415 lidius
598 1352 701 1415 viros?
725 1356 782 1415 hoo
799 1364 879 1415 certe
895 1354 1162 1455 praestantioribus,

167 1457 224 1518 quo
241 1438 312 1499 nihil
335 1454 444 1498 novere
465 1440 519 1499 nisi
541 1456 699 1499 commune.
730 1438 794 1497 Non
808 1442 846 1499 sit
859 1440 895 1501 de
911 1440 1001 1500 anima
1018 1440 1163 1516 quaestio,
1254 1475 1255 1514 q

167 1532 283 1584 constet
299 1522 380 1582 etde
397 1523 544 1599 sangnine,
561 1523 725 1621 quantulum
740 1532 834 1582 tamen
850 1541 918 1582 esse
932 1526 960 1582 in
976 1523 1092 1583 tantulis
1109 1539 1162 1600 po·
1173 1538 1198 1577 u
1254 1521 1255 1570 i

167 1604 245 1667 testi
261 1606 442 1665 aestimemus
458 1615 562 1681 postea
576 1608 729 1682 ingenium.
1254 1587 1255 1672 i

128 1700 159 1754 13
231 1689 260 1747 6.
279 1688 341 1766 (5.)
358 1688 683 1747 liierneoonduntur-
700 1690 776 1747 unde
792 1690 916 1747 enimad
937 1690 1051 1763 pruinas
1076 1690 1166 1746 niris-
1254 1681 1255 1746 i

167 1790 223 1849 que
238 1779 267 1829 et
282 1770 445 1848 aquilonum
462 1771 545 1829 datus
561 1771 752 1847 perferendos
767 1765 991 1829 sireni-sane
1007 1780 1037 1827 et
1053 1771 1168 1830 insecta

167 1854 274 1928 omnia,
290 1853 342 1911 sud
358 1854 449 1913 minus
465 1854 524 1913 diu·
541 1871 615 1932 quae
637 1853 794 1932 parietibus
814 1855 919 1912 nostris
938 1852 1082 1911 occultata
1103 1872 1168 1913 nra·

165 1947 229 1997 ture
243 1937 392 2015 tepefiunt.
423 1938 501 1997 circa
516 1939 580 2015 epis
594 1947 642 1997 aut
657 1947 816 2015 temporum
831 1938 997 1997 locorumve
1012 1937 1086 1994 ratio
1102 1950 1201 1997 ιιιιι-ιι

165 2031 223 2082 tata
240 2030 293 2096 est,
312 2031 360 2081 aut
377 2030 545 2081 erraverunt
560 2022 684 2099 priores.
707 2022 866 2081 conduntur
883 2040 900 2080 a
914 2020 1097 2096 vergiliarum
1113 2038 1165 2079 oc·

168 2122 253 2179 cusu,
276 2115 305 2165 et
320 2106 410 2165 latent
424 2106 498 2169 ultra
517 2115 662 2180 exortum,
684 2107 758 2165 adeo
773 2122 829 2165 non
844 2104 879 2164 ad
893 2106 970 2163 veris
987 2106 1111 2178 initium,
1132 2114 1164 2175 ut

167 2191 284 2265 dixere,
307 2208 363 2249 noc
382 2192 531 2269 quisquam
551 2191 579 2248 in
597 2190 679 2251 ltalia
694 2190 731 2249 de
746 2190 819 2250 alvis
834 2190 978 2249 existimat
1000 2196 1064 2246 ante
1081 2187 1163 2247 iabus

126 2274 308 2337 tolerantis
345 2273 458 2333 Exeunt
483 2275 518 2333 ad
536 2292 626 2351 opera
642 2284 672 2333 et
688 2273 817 2349 labores,
839 2273 1008 2350 nullusque,
1031 2288 1162 2347 comper

168 2359 279 2419 caelum
296 2358 389 2430 licuit,
407 2359 466 2415 otio
482 2358 557 2434 perit
574 2358 647 2417 dies.
677 2360 795 2434 primum
816 2354 899 2416 iavos
914 2364 1096 2429 construunt,
1112 2370 1201 2412 neas·
1254 2349 1255 2366 ¹

168 2460 227 2501 ram
242 2441 360 2515 fingunt,
377 2438 434 2497 lroo
450 2450 495 2499 est
508 2440 610 2500 domos
625 2440 775 2517 cellasque
789 2440 905 2499 iaciunt.
938 2440 1006 2499 dein
1021 2437 1162 2510 subolem,

167 2521 382 2603 posteacunila,
399 2540 495 2581 ceram
511 2542 548 2583 ex
566 2523 696 2615 floribus,
712 2524 887 2601 melliginem
901 2540 919 2581 e
936 2522 1059 2582 lacrimis
1076 2519 1164 2577 arlto·

167 2622 244 2679 rum,
265 2622 339 2683 quae
355 2606 492 2683 glutinum
508 2606 635 2686 pariunt',
659 2606 772 2682 salicis,
797 2606 879 2682 ulmi,
901 2606 1062 2667 harundinis
1076 2618 1164 2678 suco,
1254 2623 1255 2662 ι

128 2691 286 2764 roeummi
302 2691 408 2749 resina.
431 2690 486 2749 his
501 2692 620 2769 primum
635 2690 753 2749 alvom'
744 2708 836 2767 ipsam
850 2692 924 2749 intus
942 2696 1073 2752 totamut
1090 2702 1165 2764 quo·
1254 2675 1255 2758 J

169 2772 232 2845 darn
242 2767 373 2833 lectorio
389 2774 523 2848 inlinunt
550 2782 579 2833 et
594 2774 657 2833 aliis
679 2774 866 2833 amarioribus
886 2776 964 2833 sucis
981 2782 1078 2832 coum
1094 2770 1165 2829 alia·
1174 2786 1203 2825 so

168 2874 228 2915 rum
244 2857 430 2917 bestiolarum
445 2858 605 2933 aviditates,
618 2858 647 2917 id
663 2876 695 2917 se
711 2854 838 2918 iacturas
854 2859 989 2917 consciae
1002 2856 1080 2933 quod
1095 2870 1165 2931 cora

169 2943 278 3083 eupi7sci
294 2943 395 3017 possit.
426 2942 469 3001 his
486 2942 551 3001 dein
566 2942 647 3001 iores
664 2960 780 3021 quoque
795 2942 915 3001 latiores
933 2943 1165 3000 circumstrount.

130 3030 160 3087 ιδ
246 3070 252 3083 .
224 3024 307 3101 76(
310 3027 335 3102 )
352 3024 443 3085 Prima
459 3026 640 3087 fundamenta
655 3028 813 3085 commosin
827 3034 933 3091 vocant
946 3024 1043 3103 periti,
1061 3038 1166 3081 secun-

169 3108 203 3169 da
220 3110 408 3187 pissoceron,
424 3112 507 3169 tertia
530 3110 681 3188 propolin‚
706 3111 780 3171 inter
794 3111 873 3169 coria
890 3126 1048 3184 cerasque,
1069 3108 1167 3203 magni
1254 3111 1255 3118 ’

138 3216 142 3227 ’
169 3193 204 3252 ad
225 3191 412 3251 medicamina
439 3210 516 3252 usus.
563 3192 724 3253 Commosis
745 3202 841 3253 crusta
865 3202 909 3252 est
932 3193 1023 3269 prima
1049 3190 1203 3267 saporiscs

168 3276 265 3335 amari
296 3278 464 3373 pissoceros
482 3294 571 3354 super
587 3294 650 3336 eam
666 3278 743 3335 venit
745 3278 923 3355 ‚picantium
938 3275 1035 3348 modo,
1052 3292 1106 3332 ceu
1122 3272 1167 3332 di·

168 3358 255 3417 lutior
270 3374 346 3417 cera.
375 3360 507 3417 evitium
524 3360 754 3437 populorumque
775 3362 887 3419 mitiore
908 3362 1010 3420 cummi
1032 3357 1168 3436 propolis

170 3441 322 3499 crassioris
337 3442 392 3499 ium
407 3442 555 3515 materiae,
572 3442 675 3500 additis
690 3442 820 3518 donibus,
836 3442 959 3503 nondam
975 3452 1168 3520 tamencum,
