2542 3842
340 175 419 224 nar.
441 175 532 224 msa.
555 177 587 225 v.
609 173 711 228 9-13
736 163 886 242 (ll-14)
1040 164 1099 225 197
1133 181 1136 188 ’

108 327 270 404 iunguntur,
287 324 323 387 ab
339 327 449 388 oriente
465 325 613 403 Canchlei,
630 346 647 388 a
664 328 781 388 meridie
799 326 914 404 Cedrei,
933 347 980 408 qur
972 329 1099 390 deinde

109 409 194 470 ambo
215 409 392 469 Nabataeis.
416 410 651 509 Heroopoliticus
670 419 790 471 vocatur
810 411 940 510 alterque
960 413 1097 474 Aelaniti-

109 511 161 554 cus
183 495 262 552 siuns
277 493 367 552 Rubri
388 496 473 555 maris
494 496 522 554 in
545 495 710 573 Aegyptum
730 497 893 570 vergentis,
916 494 1011 560 etot
1032 516 1097 576 p-as
1151 504 1155 514 '

107 592 190 636 suum
211 576 363 637 intervallo
384 578 529 637 interduo
545 579 667 655 oppida,
691 577 801 640 Aelana
826 580 898 637 etin
914 589 1013 639 nostro
1029 583 1098 641 mari

87 659 222 721 sCazam.
262 658 393 737 Agrippa
416 679 432 720 a
452 660 567 721 Pelusio
587 660 732 720 Arsinoen
753 660 842 720 Rubri
861 662 946 720 maris
964 665 1098 740 oppidum

106 762 162 821 per
182 743 299 803 deserta
317 740 423 802 CXXV
439 742 469 802 Μ
489 762 622 822 passuum
640 745 733 804 tradit.
771 753 827 804 tam
848 761 937 866 parvo
960 745 1044 806 distat
1059 747 1098 806 ibi

105 835 183 887 tanta
200 843 296 885 rerum
311 835 428 888 naturae
446 827 607 888 diversitas

192 909 241 968 12.
269 909 353 989 (13.)
381 909 463 971 lunta
486 912 569 985 Syria
592 910 659 970 litus
682 919 821 989 οιιιιιριι,
844 911 985 992 quondam
1007 920 1096 972 terra·
1087 921 1139 978 66

106 1011 168 1054 rum
182 1010 314 1052 maxuma
330 1001 360 1052 et
371 994 500 1071 pluribus
518 994 650 1054 distincta
664 994 833 1054 nominibus.
860 1012 981 1073 namque
997 995 1095 1055 Palae-

73 1079 181 1136 ttstina
202 1075 360 1136 vocabatur
382 1095 438 1154 qua
464 1079 601 1152 contingit
621 1077 748 1156 Arabas,
771 1087 800 1137 et
818 1076 921 1138 ludaea
946 1087 974 1137 et
994 1075 1096 1154 Coele,

106 1161 175 1220 exin
188 1157 353 1234 Phoenice,
377 1169 407 1220 et
427 1178 482 1238 qua
502 1160 614 1219 recedit
636 1163 711 1221 intus
732 1160 926 1237 Damascena,
951 1179 984 1221 ac
1005 1164 1096 1239 magis

105 1246 259 1304 etiamnum
272 1243 428 1303 meridiana
444 1241 617 1318 Babylonia,
643 1253 672 1303 et
688 1244 793 1303 eadem
790 1243 1008 1323 Mesopotamia
1023 1247 1097 1305 inter

103 1325 274 1406 Euphraten
290 1335 319 1385 et
335 1325 450 1403 Tigrin,
471 1344 584 1405 quaque
605 1328 706 1385 transit
719 1326 841 1386 Taurum
856 1328 1008 1405 Sophene,
1025 1329 1096 1388 citra

103 1427 177 1470 uero
200 1411 284 1469 etiam
303 1405 510 1486 Commagene,
527 1420 557 1469 at
571 1410 644 1470 ultra
658 1410 820 1470 Armeniam
835 1409 985 1471 Adiabene
1005 1411 1094 1488 Assy·

71 1507 96 1550 15
106 1496 149 1554 ria
165 1501 231 1554 ante
247 1491 339 1567 dicta,
363 1502 391 1552 et
405 1493 455 1559 ubi
475 1492 603 1555 Ciliciam
619 1495 729 1570 attingit
744 1493 906 1554 Antiochia.
934 1495 1092 1572 longitudo
1102 1503 1136 1558 67

106 1579 169 1637 eius
188 1579 264 1636 inter
285 1573 413 1636 Ciliciam
434 1586 464 1636 et
484 1576 618 1636 Arabiam
638 1575 815 1637 CCCCLXX
836 1576 866 1636 Μ
884 1595 1018 1656 passuum
1039 1588 1094 1656 est,

105 1659 226 1720 latitudo
242 1678 259 1720 a
274 1660 409 1720 Seleucia
424 1652 517 1720 Pieria
543 1661 579 1721 ad
597 1661 761 1740 oppidum'
753 1680 781 1720 m
802 1659 947 1738 Euphrate
968 1661 1095 1740 Zeugma
1158 1693 1159 1696 ι

106 1741 236 1803 CLXXV
250 1741 280 1801 Μ
294 1761 438 1821 passuum.
473 1745 521 1823 qni
548 1743 678 1804 subtilius
695 1743 821 1804 dividunt
843 1745 1027 1818 circumfundi
1041 1748 1094 1823 Sy-

14 1874 15 1913 4
104 1829 149 1887 ria
162 1825 328 1886 Phoenicen
342 1827 456 1903 volunt,
481 1836 511 1886 et
526 1847 593 1887 esse
609 1846 688 1888 oram
703 1829 866 1888 maritimam
879 1829 998 1904 Syriae,
1015 1832 1094 1890 cuius

14 1928 15 1957 ι
70 1925 175 1989 sopars
199 1910 234 1970 sit
248 1909 381 1971 Idumaea
401 1910 570 1987 etludaea,
599 1912 665 1973 dein
686 1910 866 1988 Phoenicen,
890 1913 956 1972 dein
973 1913 1094 1988 Syriam.

105 1994 139 2055 ld
154 1993 231 2072 quod
252 1995 400 2070 praeiacet
415 2011 493 2056 mare
510 2003 600 2055 totum
620 1995 804 2055 Phoenicium
826 1995 999 2073 appellatur.
1030 1998 1094 2075 ipsa

105 2095 180 2155 gens
194 2076 368 2137 Phoenicum
381 2079 410 2137 in
425 2095 527 2154 magna
548 2078 641 2154 gloria
657 2078 813 2137 litterarum
827 2078 998 2138 inventionis
1014 2088 1042 2138 et
1057 2079 1093 2137 si·

103 2162 206 2223 derum
225 2161 422 2239 navaliumque
439 2177 474 2219 ac
489 2160 657 2220 bellicarum
675 2161 782 2219 artium.

191 2243 274 2322 (14.)
298 2245 324 2304 A
344 2244 461 2304 Pelusio
478 2241 620 2302 Chabriae
641 2251 751 2321 castra,
774 2239 874 2302 Casius
895 2259 991 2318 mons,
1014 2243 1135 2308 dem-68

70 2328 188 2388 aabrnm
204 2326 281 2386 lovis
297 2324 391 2404 Casii,
411 2325 534 2386 tumulus
550 2325 646 2403 llagni
661 2325 789 2404 Pompei
822 2324 970 2385 Ostracine
986 2325 1093 2386 Arabia

104 2412 218 2485 linitur,
239 2409 676 2489 aPelusioLXVllpassuum.
722 2409 769 2470 13.
792 2407 1090 2471 Moxldumaeainct-

14 2486 15 2517 ³
90 2496 149 2575 pit
165 2501 194 2552 et
212 2492 374 2555 Palaestina
390 2493 426 2553 ab
441 2512 554 2554 emersu
570 2493 700 2554 Sirbonis
716 2492 796 2554 lacus
804 2511 912 2572 ,quem
928 2495 1039 2573 quidam
1046 2493 1093 2554 CL

103 2576 135 2638 Μ
149 2594 286 2656 passuum
302 2578 420 2638 circuitu
434 2577 587 2638 tradidere
619 2577 784 2638 Herodotus
800 2575 885 2637 Casio
901 2580 988 2637 monti
1004 2577 1092 2675 adpli-

105 2662 180 2736 cuit,
202 2677 277 2719 nunc
298 2669 342 2719 est
363 2661 446 2739 palus
465 2662 587 2726 modica
630 2661 737 2740 oppida
757 2660 951 2720 Rhinocolura
973 2669 1001 2720 et
1020 2662 1092 2721 intus

70 2742 264 2821 aoRhapbea,
286 2742 361 2804 (laza
384 2753 412 2802 et
434 2745 507 2804 intus
530 2743 700 2820 Anthedon,
722 2760 803 2802 mons
826 2742 955 2818 Argaris.
999 2741 1092 2820 Regio

104 2845 161 2906 per
182 2842 262 2885 oram
284 2827 420 2886 Samaria.
455 2828 590 2905 oppidum
611 2826 719 2886 Ascalo
741 2825 877 2896 liberum,
900 2824 1027 2900 Azotos,
1048 2826 1091 2885 la·

103 2926 208 2969 mneae
224 2909 312 2984 dnae,
338 2909 429 2969 altera
448 2910 531 2968 intus.
571 2909 642 2988 lope
664 2908 852 2982 Phoenicum,
874 2909 1014 2986 antiquior
1036 2917 1092 2972 ter·
1100 2919 1134 2973 69

101 3010 201 3053 rarum
230 2992 428 3068 inundatione,
455 3001 485 3053 ut
511 2991 620 3066 ierunt,
649 2991 752 3050 insidet
776 2990 880 3050 collem
908 2991 1091 3069 praeiacente

103 3093 178 3135 saxo
194 3076 295 3152 inquo
310 3075 488 3136 vinculorum
504 3074 706 3135 Andromedae
717 3075 840 3150 vestigia
855 3075 1015 3134 ostendunt.
1043 3093 1091 3136 co·

70 3159 175 3219 celitur
195 3155 257 3217 illic
276 3157 409 3218 fabulosa
429 3156 513 3217 Ceto.
548 3157 617 3217 lnde
638 3155 810 3236 Apollonia,
834 3157 974 3217 Stratonis
994 3161 1094 3233 turris,

102 3239 209 3301 eadem
230 3230 393 3315 Caesarea,
423 3239 459 3300 ab
483 3239 599 3301 llerode
627 3256 699 3316 rege
727 3239 855 3315 condita,
884 3260 958 3301 nunc
980 3242 1091 3301 colonia

101 3323 200 3385 Prima
214 3321 343 3384 Flaviae
362 3322 542 3402 Vespasiano
558 3325 733 3402 imperatore
749 3324 881 3384 deducta
914 3325 976 3384 linis
993 3324 1092 3386 Palae·

102 3406 197 3470 stinss
212 3402 420 3468 ouxxxvntt
440 3407 498 3467 mil.
516 3423 686 3488 passunma
710 3407 831 3468 confinio
854 3407 988 3470 Arabiae.
1027 3408 1098 3468 dein
1193 3415 1196 3420 '
1258 3459 1259 3472 .
