2542 3842
303 155 387 215 ,use
404 154 495 204 uror.
512 156 550 203 11.
571 153 691 207 tto—64.
709 143 859 229 (ct-64.)
1064 150 1104 209 99

103 309 236 391 quaesita
256 318 351 369 morte
376 308 523 387 sepultura
549 307 657 387 pabulo
680 311 780 386 fieret,
804 330 841 371 ne
865 312 936 373 ferri
959 284 1104 375 eruciatus

102 395 251 455 scinderet
268 409 385 470 corpus.
416 392 457 453 lta
474 401 539 467 est,¹
557 393 686 453 miserita
705 395 804 469 genuit
824 396 853 455 id
868 397 948 456 ouius
961 397 1103 460 facillimo

100 479 202 539 baustu
218 476 337 536 inlibato
355 482 481 553 corpore
498 484 527 535 ct
542 493 606 534 cum
619 484 681 535 toto
699 478 838 553 sanguiue
852 481 1104 557 exstingueremur
1207 551 1211 560 ,

100 562 178 621 nullo
196 559 310 633 labore,
327 558 487 618 sitientibus
504 558 623 633 similes,
639 560 765 637 qualiter
781 560 932 621 defunctos
947 581 1005 622 non
1020 565 1102 623 volu·

79 645 175 719 soris,
201 660 258 703 non
273 642 336 701 fera
357 642 529 717 attingeret,
552 652 707 720 terraeque
726 652 893 703 servaretur
910 647 958 722 qui
975 647 1030 706 sibi
1045 648 1103 725 ipsi

101 728 238 807 perisset.
269 724 377 784 Verum
392 724 540 783 fateamur.
573 734 650 784 terra
667 726 751 785 uobis
766 727 906 787 malorum
923 730 1081 790 remedium
1093 744 1145 799 157

100 812 210 887 genuit,
226 825 280 867 nos
295 808 365 867 illud
380 809 457 866 vitae
472 807 594 867 fecimus
608 826 761 867 venenum.
791 809 857 869 Non
874 813 950 870 enim
966 820 994 871 et
1008 805 1100 891 ferro,

101 910 158 972 quo
180 908 284 952 carere
301 906 358 949 non
375 908 544 968 possumus,
571 891 655 950 simili
675 893 761 959 modo
783 893 906 954 utimur?
935 912 991 954 nec
1006 902 1102 954 tamen

101 992 290 1055 quereremur
304 975 423 1049 merito,
441 976 553 1034 etiamsi
567 975 692 1035 malefici
707 993 795 1036 causa
811 978 935 1037 tulisset.
959 977 1102 1038 adversus

71 1076 185 1119 rounam
207 1059 315 1137 quippe
341 1066 458 1116 naturae
481 1067 590 1135 partem
615 1059 719 1134 ingrati
743 1078 848 1120 sumus.
882 1059 961 1134 Quas
983 1078 1041 1120 non
1064 1061 1102 1121 ad

100 1142 221 1204 delicias
238 1158 366 1219 quasque
383 1157 439 1199 non
455 1141 491 1200 ad
507 1142 695 1201 contumelias
709 1145 799 1202 servit
813 1142 939 1202 bomini?
964 1144 1100 1204 lnmaria

99 1225 211 1300 iacitur,
229 1234 276 1284 aut
292 1232 322 1283 ut
336 1220 410 1283 freta
426 1223 605 1283 admittamus
622 1225 760 1283 eruditur.
789 1228 882 1304 aquis,
898 1225 990 1301 ferro,
1008 1228 1099 1303 ligno,

99 1311 183 1386 igne,
200 1308 313 1385 lapide,
330 1306 430 1383 fruge,
449 1305 579 1365 omnibus
595 1308 738 1366 cruciatur
753 1307 849 1383 boris,
871 1309 1019 1387 multoque
1034 1310 1100 1387 plus

99 1402 128 1452 ut
151 1391 265 1451 deliciis
286 1407 370 1468 quam
392 1398 422 1449 ut
439 1390 581 1449 alimentis
597 1389 758 1449 ¹famuletur
783 1392 899 1450 nostris.
930 1392 967 1453 Ut
984 1402 1079 1453 tamen
1092 1398 1145 1454 158

69 1493 173 1555 requae
189 1491 297 1533 summa
312 1473 434 1551 patiatur
450 1481 535 1550 atque
559 1482 688 1532 extrema
709 1482 774 1533 cute
796 1474 961 1537 tolerabilia
982 1476 1099 1536 videau-

99 1568 153 1634 tur,
171 1565 358 1636 penetramus
375 1556 403 1614 in
424 1556 540 1616 uiscera
556 1557 616 1615 auri
631 1558 801 1635 argentique
817 1576 910 1619 venas
926 1568 955 1619 ct
970 1559 1047 1619 aeris
1065 1576 1101 1618 ac

100 1640 207 1721 plumbi
224 1639 341 1699 metalla
356 1638 513 1713 fodientes,
529 1657 658 1715 gemmas
670 1643 756 1699 etiam
768 1649 797 1699 et
809 1643 949 1719 quosdam
961 1641 1101 1719 parvolus

100 1724 263 1805 quaerimus
279 1722 392 1800 lapides
408 1720 561 1781 scrobibus
577 1724 606 1781 in
620 1722 792 1800 profundum
806 1726 888 1784 actis.
910 1726 1025 1785 viscera
1039 1725 1101 1783 eius

100 1806 284 1867 extrahimus.
311 1815 340 1864 ut
356 1806 444 1881 digito
467 1814 614 1881 gestetur,
636 1824 749 1882 gemma
771 1809 888 1884 petitur.
916 1818 986 1887 quot
1001 1823 1113 1868 manus·

67 1905 91 1945 ao
99 1898 273 1961 atteruntur,
290 1897 321 1947 ut
335 1906 407 1947 unus
426 1889 514 1947 niteat
528 1889 680 1949 articulus!
707 1892 731 1949 si
745 1889 796 1949 ulli
812 1902 912 1951 essent
925 1892 1026 1967 inferi,
1045 1892 1102 1949 iam

100 1973 235 2051 profecto
259 1972 326 2049 illos
350 1972 487 2033 avaritiae
514 1979 599 2050 atque
616 1972 746 2033 luxuriae
769 1975 893 2034 cuniculi
907 1972 1100 2035 refudissent!

100 2066 128 2115 et
141 2056 276 2114 miramur
292 2056 316 2113 si
331 2054 432 2114 eadem
449 2054 485 2114 ad
502 2071 605 2114 noxam
620 2058 720 2133 genuit
736 2056 853 2133 aliqual
884 2057 978 2118 Ferae
994 2058 1145 2129 euim,159

97 2138 208 2213 credo,
238 2138 399 2197 custodiunt
424 2137 501 2197 illam
524 2148 682 2215 arcentque
709 2140 870 2213 sacrilegas
895 2156 1004 2197 manus.
1036 2137 1103 2197 Nou

100 2224 175 2281 inter
191 2222 335 2297 serpentis
350 2220 476 2281 fodimus
498 2227 527 2278 et
549 2230 641 2279 venas
658 2220 718 2277 auri
740 2227 895 2279 tractamus
916 2237 980 2278 cum
996 2219 1103 2278 veneni
1201 2263 1207 2270 ,

67 2314 91 2353 ²⁵
99 2299 270 2365 radicibus?
288 2302 447 2379 placatiore
458 2310 553 2361 tamen
566 2301 621 2362 dea
634 2300 673 2361 ob
686 2300 773 2375 baec,
785 2302 863 2381 quod
875 2319 976 2363 omues
987 2301 1016 2361 hi
1031 2317 1102 2377 opu·

99 2387 208 2447 lentiae
222 2386 316 2444 exitus
329 2385 364 2444 ad
376 2386 491 2445 scelera
504 2383 662 2463 caedisque
675 2393 704 2444 et
715 2384 794 2446 bella
810 2386 947 2461 tendunt,
964 2385 1102 2465 quodque

100 2470 241 2547 sanguine
256 2476 357 2527 nostro
372 2469 500 2545 rigamus
512 2469 723 2547 insepultisque
742 2469 857 2529 ossibus
876 2471 1016 2548 tegimus,
1040 2467 1101 2546 qui·

99 2552 154 2613 bus
169 2561 267 2612 tamen
286 2550 366 2609 velut
388 2550 565 2629 exprobrato
585 2552 685 2612 furore
708 2552 824 2613 tandem
846 2554 911 2631 ipsa
929 2572 961 2613 sc
983 2550 1102 2612 obducit

101 2645 130 2695 et
151 2636 268 2695 scelera
291 2650 406 2712 quoque
423 2634 583 2694 mortalium
598 2634 733 2695 occultat.
768 2634 846 2695 Inter
863 2637 980 2695 crimina
996 2632 1101 2709 ingrati

68 2719 184 2778 unanimi
201 2725 230 2776 et
244 2716 303 2797 boc
321 2717 450 2776 duxerim
466 2717 543 2794 quod
557 2727 685 2779 naturam
701 2720 764 2776 eius
778 2719 953 2793 ignoramus.

160 2801 212 2861 64,
232 2800 315 2877 (64.)
332 2796 385 2858 Est
400 2808 492 2861 autem
509 2800 598 2876 ligura
610 2802 701 2878 prima
717 2799 754 2858 de
770 2817 826 2877 qua
838 2816 998 2858 consensus
1009 2797 1080 2857 iudi·
1095 2802 1146 2856 160

100 2893 155 2944 cat.
189 2880 298 2941 Orbem
315 2891 396 2941 certe
414 2883 663 2958 dicimussterrae,
689 2883 866 2961 globumque
887 2880 1102 2939 verticibusin-

101 2964 178 3024 eludi
194 2964 326 3023 fatemur.
353 2964 459 3043 Neque
476 2966 551 3025 enim
572 2963 698 3025 absoluti
719 2963 800 3021 orbis
815 2971 860 3021 est
874 2963 969 3025 forma
983 2965 1104 3023 intanta

100 3048 236 3107 montium
253 3046 437 3122 excelsitate,
452 3056 530 3107 tanta
546 3064 712 3124 camporum
726 3044 857 3122 planitie,
875 3045 929 3106 sed
946 3048 1028 3106 cuius
1045 3064 1102 3106 am-

69 3130 224 3207 ttplexus,
250 3130 275 3187 'si
292 3130 386 3206 capita
405 3130 535 3189 liniarum
550 3128 820 3206 conprehendantur
836 3128 960 3205 ambitu,
982 3130 1102 3205 figuram

102 3212 227 3272 absoluti
241 3210 321 3271 orbis
334 3210 453 3285 efficiat,
468 3213 497 3271 id
512 3211 589 3289 quod
604 3212 668 3288 ipsa
680 3226 775 3269 rerum
789 3219 909 3272 naturae
921 3215 1001 3289 cogit
1015 3213 1100 3284 ratio,

91 3312 158 3354 'nou
181 3292 285 3351 iisdem
307 3295 402 3351 causis
423 3311 499 3371 quas
518 3293 662 3353 attulimus
681 3293 710 3349 in
730 3292 825 3351 caelo.
856 3311 979 3372 namque
1000 3295 1028 3352 in
1050 3294 1102 3351 illo

103 3394 173 3437 cava
189 3378 218 3435 in
236 3392 270 3434 se
286 3377 457 3437 convexitas
472 3377 584 3453 vergit,
608 3383 638 3435 et
653 3374 761 3435 cardini
776 3392 847 3452 suo,
861 3376 980 3493 boc*est
993 3384 1102 3448 terrae,

886 3461 905 3516 7
