2542 3842
141 181 207 243 230<
377 226 380 233 .
504 187 805 240 mememoratur

140 350 246 425 tingat,
275 347 305 406 in
327 343 450 424 quodam
468 343 534 406 laun
554 343 710 422 hospitari,
737 342 804 404 iude
827 343 922 405 leuem
943 343 1051 419 fluere,
1082 341 1133 404 ubi

140 433 308 512 minumum,
341 427 396 490 Vll
426 428 504 489 milia
536 445 672 508 passuum
703 426 865 503 latitudine,
902 428 951 488 ubi
978 427 1131 502 modicum,

139 514 296 576 stadiorum
313 510 355 590 0,
375 512 522 574 altitudine
541 529 681 590 nusquam
702 512 813 582 minore
825 509 1055 592 passuumXX,
1080 527 1131 570 uo·

140 599 256 660 sissima
284 594 795 676 gente‘dangaridumilalingarum.
831 595 917 676 regia
935 594 1059 657 l’rotalis
1080 611 1134 654 vo·

52 716 60 723 ·
142 693 232 744 calui.
882 710 883 713 ¹
1137 698 1158 752 ,⁵

99 775 133 831 66
196 757 245 827 19.
270 763 592 843 liegihXMpeditnm,
604 763 718 842 equites
729 760 769 839 M,
781 753 926 842 elephanti
937 760 1015 824 nco
1026 763 1132 843 inpro-

74 866 90 920 J
142 847 548 911 niuotubellorumexoubaut.
565 846 1133 939 namquevitamitioribuspopulislndo·

140 951 203 994 rum
213 933 397 1012 multipartita
411 931 538 1010 degitur..
566 931 700 992 tellurem
715 939 868 1008 exercent,
882 931 1011 992 militiam
1022 931 1070 994 ulii
1085 948 1133 990 oa·

83 1088 87 1094 ¹
141 1026 271 1097 pessunt,
283 1018 388 1076 merois
393 1015 442 1076 alii
452 1033 521 1076 suas
526 1015 652 1077 evehunt
659 1025 852 1095 externasque
861 1015 1008 1092 invehunt,
1021 1032 1071 1075 res
1081 1032 1133 1093 pu·

142 1102 235 1162 blieas
247 1101 346 1180 optimi
358 1099 547 1178 ditissimique
555 1107 733 1180 temperant,
748 1100 853 1162 iudioia
863 1099 1003 1178 reddunt,
1015 1097 1134 1176 regibus
1144 1117 1170 1156 ro

143 1186 283 1248 adsident.
306 1183 1134 1263 quintumgeuusoelebrataeillinetpropeinreligionem

142 1287 247 1330 versae
264 1270 429 1348 sapientiae·
443 1268 569 1329 deditum
579 1267 739 1331 voluntaria
751 1285 866 1347 semper
877 1277 970 1328 morte
986 1269 1072 1328 vitam
1085 1284 1134 1327 ao-

144 1371 233 1414 eenso
242 1354 320 1432 prius
327 1369 401 1430 rogo
408 1353 478 1412 linit.
493 1351 1135 1432 unumsuperhaeoestsemiierumaoplenunr
1149 1373 1154 1384 ·

143 1436 251 1498 laboris
263 1437 384 1497 inmensi
397 1446 443 1513 et,
466 1453 524 1516 quo
539 1454 626 1515 supra
641 1435 717 1498 diota
733 1437 922 1513 eontinentur,
938 1435 1059 1498 venandi
1073 1435 1146 1496 ele?

144 1521 265 1599 phantes
280 1520 479 1599 donandique.
505 1518 551 1580 his
565 1529 662 1596 arant,
683 1519 727 1581 his
743 1519 894 1598 vehuntur,
914 1521 988 1582 haee
1004 1532 1170 1580 maxumam

145 1621 254 1664 nouere
277 1604 430 1682 pecuaria,
450 1603 495 1663 his
514 1603 634 1664 militant
648 1603 839 1684 dimicantque
854 1621 908 1683 pro
929 1605 1041 1665 linibus.
1084 1603 1134 1664 de·

33 1702 44 1715 ·
103 1695 136 1750 67
149 1688 253 1747 laetum
271 1689 301 1746 in
316 1686 396 1746 bella
409 1687 488 1746 vires
507 1694 538 1746 et
551 1695 631 1748 aetas
647 1693 733 1766 atque
747 1687 912 1764 magnitudo
929 1687 1046 1749 laniunt.
1077 1687 1135 1748 .ln-

143 1770 206 1829 sula
232 1772 262 1828 iu
286 1767 385 1846 Gange
414 1778 461 1829 est
487 1786 608 1847 magnae
635 1771 826 1848 amplitudinis
845 1780 961 1848 gentem
985 1771 1135 1832 continens
1249 1809 1254 1815 -

145 1868 238 1929 unam,
257 1853 371 1913 nomine
384 1851 627 1930 Modogalingam.
662 1853 744 1916 Ultra
758 1855 805 1914 siti
819 1863 884 1914 sunt
897 1853 1053 1930 Modubae,
1073 1853 1135 1914 lio·

144 1934 251 2013 budae,
271 1935 387 1997 Uberae
403 1954 466 1996 eum
481 1937 589 2016 oppido
605 1936 734 1998 eiusdem
750 1938 870 1998 nominis
887 1939 1049 2016 magnifiee,
1072 1938 1171 2008 Mosa
1193 1928 1203 1956 Χ

12 2033 16 2038 ·
144 2019 233 2096 dresi,
251 2019 339 2096 Preti,
361 2019 482 2098 Galoae,
501 2022 610 2099 Sasuri,
628 2019 763 2099 Fasulae,
786 2019 928 2100 Colobae,
951 2021 1134 2099 Orumcolae,

146 2101 249 2181 Abali,
268 2103 416 2166 Thalutae.
448 2123 502 2167 rex
522 2106 623 2167 hortun
637 2105 799 2185 peditumh
815 2105 860 2184 M,
883 2109 1009 2188 equitnm
1023 2105 1077 2168 llll
1093 2105 1133 2182 M,

86 2219 88 2224 ·
146 2187 362 2266 elephantorum
381 2187 481 2250 0000
499 2191 528 2251 in
547 2191 632 2252 armis
651 2191 748 2252 habet.
772 2191 922 2253 .l⁷alidior
937 2191 1040 2252 deiude
1061 2207 1134 2269 gens

145 2271 294 2348 Andarae,
315 2273 456 2351 plurumis
467 2276 557 2352 uiuis,
579 2273 662 2334 XXX
678 2276 881 2354 oppidis'quae
894 2276 981 2336 muris
997 2273 1133 2336 turribus·

147 2373 204 2433 que
227 2358 400 2433 muniuntur,
425 2359 490 2434 regi
513 2358 635 2436 praebet
653 2357 779 2437 peditum
800 2357 824 2418 G
846 2358 892 2436 M,
921 2359 1046 2438 equitum
1065 2357 1169 2434 MM,ae

147 2437 317 2515 elephantos
333 2437 372 2496 M.
408 2438 576 2500 fertilissimi
595 2450 661 2501 snut
681 2443 742 2503 auri
756 2441 887 2519 Dardae,
911 2443 998 2504 Setae
1016 2458 1088 2502 uero
1105 2451 1136 2502 et
1199 2413 1212 2502 i

105 2530 140 2584 68
151 2523 272 2599 argenti.
302 2520 356 2581 sed
369 2523 461 2581 omnia
476 2525 505 2582 in
519 2522 598 2584 ludia
610 2541 720 2603 prope,
742 2542 799 2585 non
814 2525 900 2586 ruodo
916 2527 944 2587 in
958 2525 1015 2587 hoe
1029 2534 1134 2608 traam,

147 2606 275 2683 potentia
295 2604 482 2685 claritateque
505 2607 677 2668 antecedunt
693 2609 784 2670 Prasii
803 2604 977 2690 amplissima
998 2608 1069 2670 urbe
1092 2609 1134 2669 di·

147 2690 313 2769 tissimuque
339 2689 519 2768 Palibothra,
548 2690 624 2751 uude
650 2693 764 2772 quidam
792 2694 883 2772 ipsam
913 2703 1029 2772 gentem
1059 2692 1133 2754 Pali·

146 2772 266 2833 bothros
282 2782 397 2848 nonant,
413 2776 497 2834 immo
508 2791 580 2835 vero
594 2775 715 2837 traetum
729 2777 891 2838 universum
906 2796 922 2840 a
938 2777 1047 2856 Gange.
1070 2780 1133 2856 regi
1143 2799 1169 2842 no

148 2873 247 2917 eorum
255 2856 441 2937 peditumDG
451 2857 491 2934 M,
504 2857 718 2938 equihnuXXX
728 2859 766 2938 M,
779 2862 996 2942 elephantorum
1002 2861 1083 2923 Vllll
1094 2861 1133 2939 M,

147 2958 202 3019 per
215 2943 305 3002 omnis
325 2940 386 3002 dies
404 2943 624 3022 stipendiantur,
644 2943 719 3005 unde
742 2947 912 3006 oonieotatio
932 2945 1033 3022 ingens
1049 2961 1134 3024 opum

106 3032 141 3088 69
151 3034 205 3084 est.
233 3025 280 3085 Ab
293 3025 337 3086 his
353 3027 383 3086 in
399 3026 602 3089 interioresitn
613 3027 753 3090 lionedes
769 3038 798 3089 et
809 3029 902 3105 Suari,
919 3047 1038 3108 quorum
1052 3046 1134 3091 mous

57 3193 60 3198 Ι
147 3107 259 3168 Maleus
276 3110 306 3168 in
322 3125 380 3188 qno
401 3109 520 3171 mirae
534 3111 571 3172 ad
589 3115 815 3192 septentrionem
834 3113 938 3174 eadunt
954 3113 1064 3190 hieme,
1084 3131 1133 3174 ae·

147 3200 225 3252 state
234 3194 264 3251 in
275 3201 418 3269 austroru,
432 3212 487 3272 per
500 3212 589 3256 seuos
604 3215 728 3256 menses.
761 3198 973 3276 septentriones
989 3197 1133 3259 e'o-traetu
1142 3215 1168 3256 ss

147 3274 238 3336 semel
252 3291 327 3336 anuo
341 3275 565 3354 adparere,'nee
579 3280 634 3340 uisi
648 3279 703 3340 XV
713 3280 945 3357 diebus,‘Baeton
962 3291 1062 3342 auetor
1076 3287 1131 3354 est,

146 3358 205 3417 hoe
219 3359 294 3420 idern
311 3358 441 3436 pluribus
457 3360 531 3422 loeis
545 3362 645 3424 ludiae
658 3363 721 3423 lieri
734 3363 945 3442 Megasthenes.
979 3357 1133 3424 austrinum

147 3440 245 3520 polum
257 3440 324 3502 indi
340 3442 473 3504 Diamasa
485 3454 600 3507 vocant.
642 3445 743 3508 hunis
755 3446 885 3509 iomanes
903 3447 1064 3525 in'Gangen
1077 3461 1134 3528 per
