2542 3842
163 148 222 212 130
241 208 247 219 ,
497 154 543 209 ¹0.
562 158 658 209 entur
672 159 821 212 saonam
1257 159 1260 256 1

162 315 234 377 lassi
248 316 433 394 proferuntur
449 315 485 376 ad
499 316 618 394 primos,
631 314 669 373 ita
685 317 777 375 ceteri
791 318 944 395 stipatione
955 322 1075 380 naturali
1089 341 1162 399 pro·
1258 317 1259 394 Ῑ

161 400 273 479 pellunt
288 416 349 460 eos.
382 396 572 459 Candidorum
587 398 707 459 alterum
721 400 846 477 vectigal
866 403 896 461 in
911 402 1014 479 pluma.
1043 405 1160 465 vellun—
1258 417 1259 480 ι

160 494 206 543 ιιι
225 483 393 561 quibusdam
415 482 489 543 locis
510 480 554 541 bis
576 498 660 541 anno.
694 500 794 543 rursus
814 484 966 561 plumigeri
986 490 1158 548 vestiuntur.
1258 515 1259 522 ι

161 566 287 643 mollior,
303 585 378 646 qaae
394 566 510 643 corpori
531 581 681 642 proxuma,
707 575 737 625 et
753 585 769 625 e
785 566 1156 631 Germania-laudatissima.
1258 587 1259 590 ¹

121 661 155 715 54
164 651 276 715 candidi
290 650 339 725 ibi,
352 667 452 710 rerum
465 650 603 724 minores,
618 658 724 725 gantae
736 660 884 711 vocantur.
908 654 1031 730 pretium
1041 654 1187 732 plumeas

144 750 261 795 ‘eorum
280 735 309 793 in
329 733 418 793 libras
439 732 549 793 denarii
571 732 658 810 quini.
696 734 810 793 atinde
840 736 956 795 crimina
985 737 1159 816 plerumque

162 818 296 881 auxilium
311 816 470 896 praelectis
485 834 501 875 a
516 815 597 893 vigili
612 817 737 877 statione
753 818 878 877 adhaec
895 821 1019 897 unccpia
1033 822 1159 881 dimissis

162 900 329 963 cohortibus
345 900 422 961 totis.
454 916 549 977 eoque
570 899 693 959 deliciae
705 893 892 978 ¹processere
915 912 945 961 nt
964 904 1027 961 sine
1042 904 1100 964 boc
1114 906 1157 963 in·

123 1034 128 1061 ι
161 994 317 1049 strumento
332 984 437 1046 durata
451 984 506 1043 iam
523 1001 560 1041 ne
576 985 701 1043 virorum
719 985 834 1062 quidem
850 987 983 1046 cervices
1000 990 1120 1063 possint.

119 1082 153 1133 55
223 1066 307 1148 (28.)
330 1066 417 1128 Aliud
438 1067 550 1145 reperit
564 1066 667 1141 Syriae
685 1086 752 1145 pars
768 1087 842 1147 quae
858 1067 1055 1148 Commagene
1068 1088 1154 1132 roca·
1166 1094 1194 1134 so

160 1162 215 1229 tur,
232 1152 345 1231 adipem
360 1168 461 1217 eorum
473 1152 502 1211 in
517 1169 585 1211 vase
602 1170 691 1211 aereo
704 1170 767 1213 cum
779 1155 908 1213 cinnamo
919 1155 985 1214 nire
1001 1156 1088 1214 multa
1103 1155 1156 1213 ob·

160 1246 252 1297 rutum
266 1254 301 1297 ac
323 1236 421 1313 rigore
443 1235 542 1311 gelido
567 1245 741 1296 maceratum
761 1238 797 1297 ad
812 1256 893 1298 usum
909 1239 1052 1315 praeclari
1068 1238 1156 1299 modi·

161 1320 277 1381 caminis
291 1319 370 1397 qnod
383 1318 419 1379 ab
433 1327 522 1397 gente
537 1318 641 1379 dieitur
655 1316 886 1396 Commagenum.

118 1414 153 1469 56
223 1402 306 1485 (29.)
330 1404 464 1463 Amerini
478 1403 596 1479 generis
613 1412 678 1463 sunt
697 1401 914 1487 obenalopeces
933 1413 963 1464 et
978 1404 1081 1482 quibas
1095 1405 1155 1465 lau·

134 1542 137 1551 .
160 1489 251 1549 tiores
277 1486 378 1567 epulas
405 1503 462 1545 non
485 1484 564 1545 novit
584 1485 744 1560 Britannia,
767 1487 941 1547 chenerotes
962 1488 1026 1548 lere
1046 1506 1194 1549 amarem

74 1594 77 1600 ’
160 1573 295 1631 minores.
326 1568 420 1629 Decet
444 1576 590 1631 tetraonas
618 1586 686 1627 suus
714 1570 791 1629 nitor
818 1570 1009 1648 absolutaque
1031 1574 1156 1648 nigritia,

160 1658 190 1715 in
204 1651 366 1731 superciliis
389 1651 471 1712 cocci
494 1651 591 1713 rubor.
638 1652 758 1711 alterum
780 1669 880 1712 eorum
903 1671 996 1729 genus
1013 1656 1157 1717 volturam

159 1734 381 1811 magnitudinem
398 1732 530 1809 excedit,
556 1748 675 1810 quorum
691 1743 721 1792 et
736 1733 865 1793 colorem
881 1734 986 1807 reddit.
1019 1754 1076 1795 neo
1096 1738 1159 1797 ulla

160 1818 221 1879 ales
244 1814 370 1895 excepto
391 1814 615 1876 struthocamelo
638 1817 729 1875 maius
750 1833 876 1893 corpore
896 1816 1011 1893 inplens
1029 1820 1158 1895 pondus,

158 1904 188 1961 in
209 1910 314 1961 tantum
334 1908 417 1961 ancta
438 1908 468 1959 ut
486 1898 515 1957 in
543 1909 620 1958 terra
648 1916 762 1977 qnoque
784 1898 926 1958 immobilis
949 1899 1157 1977 prehendatur.
1170 1920 1196 1958 ec

159 1984 278 2063 gignunt
292 2000 346 2045 eos
363 1984 456 2063 Alpes
473 1992 502 2043 et
517 1984 750 2061 septentrionalis
773 1983 866 2060 regio.
895 1984 925 2041 in
938 1984 1052 2043 aviariis
1067 2002 1157 2061 sapo-

118 2078 153 2133 ot
161 2088 222 2130 rem
246 2068 376 2148 perdunt.
406 2068 564 2129 moriuntur
585 2067 882 2144 contumaciaspiritn
902 2075 1051 2127 revocato.
1086 2066 1156 2127 Pro·

161 2171 264 2213 rumas
287 2153 329 2213 eis
345 2161 409 2213 sunt
427 2170 497 2231 quas
518 2150 734 2231 Hispaniensis
756 2150 854 2211 tardas
871 2149 1009 2229 appellat,
1034 2149 1155 2209 Graecia

162 2226 296 2313 ὠτίδας,
320 2236 465 2296 damnatas
489 2237 517 2295 in
544 2234 626 2295 cibis.
659 2235 762 2294 emissa
787 2235 860 2293 enim
889 2232 1004 2293 ossibus
1030 2233 1154 2295 medulla

120 2394 126 2397 ῃ
162 2320 259 2381 odoris
282 2319 404 2379 taedium
424 2314 570 2395 ertemplo
590 2320 728 2395 sequitur.
1159 2334 1189 2375 aa

121 2412 156 2467 58
225 2402 274 2463 23.
293 2400 376 2480 (30.)
399 2397 532 2485 Inducias
547 2401 635 2463 babet
649 2420 722 2477 gens
733 2399 876 2477 Pygmaea
887 2400 1026 2460 abscessu
1042 2416 1153 2477 gruum,

120 2495 203 2549 secut
220 2484 356 2558 diximus,
379 2502 441 2545 cum
462 2484 497 2543 iis
512 2485 711 2547 dimicantium.
742 2484 888 2544 inmensus
911 2492 957 2543 est
976 2492 1083 2543 tractus
1098 2498 1155 2558 quo

164 2568 295 2640 veniunt,
319 2566 343 2625 si
360 2568 422 2645 qais
438 2576 562 2645 reputet,
578 2586 596 2626 a
612 2568 682 2626 mari
697 2566 772 2625 Eoo.
807 2567 920 2644 quando
936 2566 1155 2645 proficiscantur
1258 2607 1259 2636 ι

166 2651 360 2729 consentiunt,
385 2650 484 2711 volant
504 2651 539 2711 ad
554 2650 786 2729 prospiciendum
805 2651 873 2726 alte,
894 2650 995 2714 ducem
1011 2665 1094 2726 quem
1108 2664 1156 2705 se·
1258 2697 1259 2708 ,

165 2740 284 2812 quantur
302 2734 419 2812 eligunt,
436 2735 465 2794 ln
481 2744 609 2797 extremo
630 2734 741 2811 agmine
759 2752 812 2813 per
831 2735 903 2794 vicis
925 2736 973 2813 qni
996 2730 1190 2792 adclamentao
1258 2723 1259 2740 ¹

124 2827 158 2880 59
168 2816 324 2897 dispositos
334 2816 440 2879 habent
458 2828 487 2878 et
502 2820 550 2897 qui
569 2832 689 2895 gregem
709 2835 783 2877 voce
809 2817 982 2879 contineant.
1018 2814 1156 2876 excubias

164 2898 269 2961 babent
290 2904 437 2961 nocturnis
460 2901 636 2981 temporibus
659 2900 785 2979 lapillum
811 2900 886 2979 pede
907 2900 1083 2973 sustinentis,
1108 2900 1156 2976 qui

165 2986 276 3047 laxatus
295 3002 395 3045 somno
412 2995 441 3045 et
466 2986 603 3045 decidens
618 2984 823 3062 indiligentiam
845 2993 990 3061 coarguat.
1039 2991 1155 3041 ceterae
1179 2983 1185 2992 ‘

167 3069 307 3129 dormiunt
328 3071 422 3147 capite
444 3069 542 3129 subter
562 3069 635 3130 alam
666 3070 780 3130 condito
803 3068 920 3127 alternis
942 3066 1064 3146 pedibus
1088 3064 1154 3124 insi-

166 3161 285 3213 stentes.
305 3152 361 3211 dux
374 3162 473 3211 erecto
489 3154 622 3232 providet
636 3151 713 3212 collo
726 3170 760 3211 ac
776 3151 925 3230 praedicit.
948 3149 1068 3211 eaedem
1079 3166 1154 3207 man·
1164 3170 1191 3211 sc

170 3236 316 3295 arefactae
333 3236 492 3310 lasciviunt,
516 3253 665 3313 gyrosque
682 3237 819 3312 quosdam
837 3235 975 3294 indecoro
999 3251 1084 3294 cursu
1107 3230 1156 3290 vel

126 3317 299 3393 cosingulae
322 3328 471 3395 peragunt.
510 3328 618 3377 certum
640 3327 685 3376 est
711 3319 829 3378 Pontum
852 3317 1076 3378 transvolaturas
1100 3315 1155 3393 pri·
1197 3362 1201 3366 .

98 3399 100 3405 ’
169 3418 242 3459 mum
267 3402 387 3460 omnium
403 3400 547 3475 angustias
570 3411 671 3478 petere
690 3403 763 3461 inter
785 3402 839 3461 duo
861 3402 1055 3478 promontoria
1075 3395 1155 3457 Criu·
