2542 3842
85 158 90 164 ·
125 128 130 137 ’
169 147 230 210 216
532 155 672 224 onum
688 159 836 210 sacuam

165 277 325 388 'Bithyniam
336 320 449 374 vocant.
478 312 729 376 est'etdutioehia
747 323 776 374 et
791 323 890 375 eontra
905 315 996 376 lauris
1008 315 1160 392 Rhyndaci

168 395 425 458 BeshieosXVIll
445 395 474 456 hl
493 397 622 461 eirouitu.
664 407 709 458 est
729 397 819 459 Elaea
837 408 867 459 et
885 385 957 462 duae
975 399 1159 478 Rhodussae,
1256 368 1257 456 b

169 480 373 557 Erebinthote,
387 478 843 558 hlegale,Chaleitis,Pityodes.
1256 483 1257 504 ³

409 742 444 825 0.
472 742 615 825 Phllll
646 741 874 826 sudditi

288 896 624 992 urrunnun
662 881 1029 994 urrunnun.
1125 847 1132 856 ’

500 1060 692 1127 LIBER
721 1061 785 1128 VI.

561 1227 725 1236 ——uu

145 1335 159 1386 1
256 1321 326 1400 Gap.
342 1323 369 1381 1.
395 1322 490 1400 (Seot.
505 1324 550 1397 1.)
587 1321 693 1381 Pontus
706 1319 832 1381 Euxinus
848 1331 932 1382 antea
947 1319 983 1379 ah
997 1319 1161 1398 inhospitali

65 1405 76 1416 ’
172 1407 287 1467 feritate
308 1403 417 1465 Axinus
439 1405 617 1484 appellatus,
641 1405 797 1484 peculiaris
815 1405 939 1464 invidiae
959 1413 1077 1464 naturae
1096 1405 1161 1463 sine

173 1490 232 1551 ulla
255 1489 316 1559 hue.
332 1489 521 1566 indulgentis,
550 1488 685 1562 auiditate
711 1489 797 1548 maris
821 1497 850 1547 et
875 1489 939 1567 ipse
963 1488 993 1545 in
1014 1485 1160 1565 Europam

171 1574 326 1649 Asiamque
346 1573 479 1634 funditur.
521 1580 579 1631 uon
596 1571 691 1631 fuerat
708 1573 777 1632 satis
792 1586 903 1632 oceano
921 1560 1043 1630 ambisse
1066 1579 1159 1633 terras
1170 1587 1198 1628 ro

173 1665 203 1716 et
221 1665 331 1734 partem
352 1673 448 1715 earum
468 1664 552 1716 aueta
565 1656 728 1714 inmanitate
750 1653 921 1729 abstulisse,
945 1671 1001 1714 non
1016 1656 1160 1732 inrupisse
1259 1699 1260 1704 η

172 1740 272 1799 fruetis
294 1738 436 1799 montibus
458 1737 607 1817 Calpeque
624 1738 743 1798 Africae
763 1738 864 1799 avolsa
886 1746 965 1798 tanto
984 1738 1090 1797 maiora
1110 1738 1160 1798 ah·

173 1821 321 1882 sorbuisse
344 1840 427 1899 quarn
452 1819 630 1900 relinqueret
657 1823 764 1901 spatia,
788 1839 845 1882 non
867 1839 921 1901 per
942 1820 1160 1899 Hellespontum

172 1905 344 1983 Propontida
358 1905 497 1965 infudisse
512 1908 614 1966 iterum
629 1909 715 1966 terris
728 1906 884 1966 devoratis.
909 1924 925 1966 a
943 1905 1072 1982 bosporo
1088 1921 1159 1982 quo·
1260 1912 1261 1984 l

173 1991 273 2068 quein
296 1989 380 2050 aliam
396 1992 557 2052 vastitatem
569 1991 701 2069 panditur
721 1989 799 2050 nulla
819 1989 951 2051 satietate
978 1987 1071 2048 donee
1091 2006 1196 2067 spa-1⁵
1260 1993 1261 2012 ¹

145 2074 252 2138 atianti
267 2073 349 2134 laens
366 2072 483 2134 Maeotii
496 2076 624 2153 rapinam
645 2075 853 2151 suamiungat.
895 2072 991 2133 Invitis
1011 2073 1067 2132 hoe
1083 2074 1159 2132 aoei-

172 2156 250 2217 disse
263 2159 348 2217 terris
362 2158 468 2218 indicio
483 2167 549 2219 sunt
569 2167 613 2218 tot
635 2159 784 2236 angustiae
799 2167 886 2236 atque
907 2166 961 2218 tam
978 2173 1066 2234 parva
1080 2165 1159 2216 natu-

88 2286 92 2290 -
172 2258 223 2301 rae
249 2243 436 2320 repugnantis
461 2242 626 2317 intervalla,
656 2243 691 2302 ad
717 2240 934 2319 Hellespontum
955 2238 1160 2300 ocochxxv

174 2342 323 2404 passuum,
339 2325 374 2384 ad
384 2325 533 2403 Bosporos
548 2326 620 2385 duos
636 2325 685 2384 vel
699 2324 793 2384 bubus
807 2322 921 2382 meabili
934 2325 1066 2400 transitu,
1080 2319 1160 2384 ‘unde

173 2425 277 2466 nomen
291 2407 441 2482 ambobus,
459 2417 488 2466 et
501 2409 557 2467 iam
571 2408 713 2485 quaedam
727 2409 756 2466 in
770 2405 973 2466 dissociatione
985 2409 1158 2482 germanitas
1167 2435 1196 2475 20

174 2506 306 2550 concors.
346 2489 443 2549 alitum
464 2491 571 2566 quippe
594 2497 693 2548 santus
723 2505 879 2565 sanumque
903 2487 1021 2547 latratus
1038 2491 1161 2551 invicem
1224 2495 1233 2512 ¹

174 2571 331 2647 audiuntur,
354 2574 436 2630 vocis
453 2573 536 2630 etiam
553 2571 692 2630 humanae
706 2571 879 2643 conmercia,
902 2571 976 2628 inter
992 2571 1064 2631 duos
1080 2573 1159 2633 orbis

146 2665 304 2721 amanente
319 2655 489 2732 conloquio,
512 2655 567 2714 nisi
578 2672 642 2713 eum
659 2654 685 2714 id
701 2656 793 2733 ipsum
808 2654 936 2713 auferunt
950 2655 1037 2713 venti.
1080 2655 1159 2716 lien-

175 2757 269 2798 suram
283 2739 365 2799 Ponti
386 2738 551 2816 aBosporo
577 2735 788 2798 ad'lllaeotium
807 2737 897 2798 larum
922 2737 1035 2814 quidam
1059 2739 1159 2801 iecere

169 2821 593 2902 WXXXVlllhlpassuum,
606 2819 814 2882 Eratosthenes
829 2817 1004 2881 Ominorem.
1027 2823 1156 2903 Agrippa
1167 2853 1194 2895 25

176 2925 192 2967 a
221 2906 406 2967 Chalcedone
434 2907 469 2967 ad
495 2906 607 2968 Phasim
628 2907 678 2983 ἶ,
706 2906 772 2967 inde
797 2906 954 2982 Bosporum
980 2903 1158 2970 Cimmerium

178 2989 396 3052 occulimus.
420 3009 473 3050 nos
487 2989 638 3052 intervalla
650 2991 805 3068 generatim
822 3003 961 3066 ponemus
979 3001 1117 3071 conperta
1132 2995 1159 3052 in

155 3138 157 3143 ,
177 3091 250 3136 aevo
262 3083 371 3148 nostro,
384 3074 497 3152 quando
509 3076 593 3134 etiam
603 3075 706 3154 inipso
718 3092 769 3134 ore
778 3067 927 3131 Cimmerio
939 3084 1092 3150 pugnatum
1103 3084 1156 3135 est.

16 3219 20 3234 ,
150 3166 249 3233 hergo
265 3158 293 3215 in
306 3155 436 3216 iauoihus
447 3157 570 3236 Bospori
583 3167 632 3221 ‚est
641 3159 730 3218 amnis
741 3155 869 3230 Rhebas,
889 3172 973 3235 quem
984 3158 1072 3238 aliqui
1083 3156 1159 3220 lihe-

179 3259 239 3301 sum
250 3239 390 3299 dixerunt.
424 3238 491 3300 dein
501 3241 592 3316 Syris,
608 3251 708 3320 portus
720 3238 840 3317 Calpas,
861 3239 998 3316 Sanganis
1009 3241 1109 3302 fluvius
1120 3259 1195 3307 exau

177 3322 300 3385 inclutis.
334 3322 424 3382 oritur
436 3321 464 3382 i'n
482 3323 623 3400 Phrygia,
646 3325 748 3402 aecipit
759 3331 858 3382 uastos
870 3325 973 3399 amnis,
995 3326 1069 3384 inter
1085 3341 1158 3404 quos

183 3404 383 3482 Tembrogium
406 3413 435 3464 et
461 3404 587 3483 Gallum,
617 3407 693 3468 idem
715 3406 858 3482 Sagiarius
885 3405 1032 3484 plerisque
1055 3406 1157 3485 dietus,

654 3695 679 3774 d*
