2542 3842
185 142 244 203 100
554 97 862 217 ormnrasoonpu

71 356 73 361 ,
183 310 308 390 undique
325 308 469 370 incumbit.
496 308 570 369 haec
586 319 617 369 ut
631 309 725 371 solida
740 318 828 388 atque
843 310 974 371 conferta
991 310 1121 388 adsurgit
1136 312 1176 371 in·
1264 301 1266 374 J

181 396 354 455 tumescenti
376 392 475 452 similis
498 402 638 472 extraque
655 394 844 471 protenditur.
870 394 990 454 mundus
1006 396 1035 453 in
1051 405 1178 455 centrum

181 478 290 554 vergit,
307 487 336 537 at
349 484 427 537 terra
443 477 502 535 exit
519 495 536 537 a
557 486 658 536 cerno
681 478 837 536 inmensum
866 477 928 537 eius
943 476 1105 554 globum-in
1120 480 1177 539 ior·
1264 549 1265 552 Ἴ

182 579 255 623 marn
273 560 352 621 orbis
370 559 488 627 adsidua
504 560 581 621 circa
599 578 663 621 eam
677 560 773 620 mnndi
786 560 966 621 volubilitate
982 571 1118 638 cogente.

140 656 191 714 161
255 641 527 722 65.(65.)1ngens
549 644 596 702 hic
618 661 714 721 pugna
737 643 894 704 litterarum
912 653 1070 723 contraque
1087 644 1199 723 volgi,s
1264 682 1266 686 ψ

118 754 121 759 ·
184 728 370 790 circumfundi
390 735 487 787 terrae
509 726 633 804 undiquc
654 727 802 808 homines,
827 728 1036 807 conversisque
1057 729 1177 809 intense

182 812 306 893 pedibus
321 816 455 885 starc,'et
473 810 582 868 cunctis
599 810 722 868 similem
737 826 805 867 esse
820 812 977 886 verticem,
993 813 1078 871 simili
1092 813 1177 871 modo

184 915 221 957 ex
238 911 416 973 quacumque
433 900 514 970 parte
531 892 653 952 mediam
669 892 785 966 calcari,
801 891 1039 972 illoquaerente,
1056 914 1107 954 cur
1122 912 1178 953 non

183 979 317 1039 decidant
332 983 432 1035 contra
448 976 503 1049 siti,
518 983 662 1053 tamquam
676 985 734 1034 non
750 974 823 1034 ratio
839 985 957 1054 praesto
970 979 1006 1036 sit
1018 987 1047 1036 ut
1057 994 1111 1037 nos
1122 995 1178 1037 uon

183 1060 322 1123 decidere
339 1060 477 1117 mirentur
491 1058 542 1117 illi.
573 1058 730 1118 Intervenit
751 1060 894 1121 sententia
916 1061 1046 1139 quamvis
1061 1062 1177 1121 indocili
1191 1083 1212 1123 no

182 1140 344 1223 probabilis
368 1141 487 1217 turbae,
514 1142 658 1222 inaequali
682 1142 790 1220 globo,
816 1152 845 1203 ut
866 1145 890 1203 si
913 1146 950 1203 sit
971 1144 1062 1222 figura
1077 1147 1179 1223 pineae

141 1239 192 1295 loa
204 1227 295 1302 nucis,
308 1226 489 1285 nibilominus
500 1230 606 1287 tenram
617 1226 741 1306 undique
755 1227 851 1286 incoli.
868 1228 928 1287 Sed
940 1230 1007 1306 quid
1020 1228 1077 1287 boc
1089 1228 1180 1287 reiert
1264 1235 1265 1286 ζ

126 1326 133 1335 ·
184 1312 241 1372 alio
262 1310 402 1369 miraculo
421 1310 588 1386 exoriente,
615 1310 746 1388 pendere
766 1312 858 1388 ipsam
875 1328 910 1369 ac
932 1329 990 1371 non
1007 1312 1113 1371 cadere
1128 1327 1178 1369 no·
1264 1299 1266 1350 i

184 1396 304 1467 biscum,
321 1410 376 1450 ceu
393 1393 509 1473 spiritus
522 1394 578 1468 vis,
594 1394 698 1452 mundo
715 1394 887 1469 praesertim
901 1393 1013 1468 inclusi,
1031 1393 1116 1453 dubia
1132 1394 1178 1469 sit,

184 1486 231 1538 aut
255 1475 347 1552 possit
367 1474 474 1533 cadere
495 1483 594 1533 natura
615 1484 794 1552 repugnante
817 1484 847 1534 et
866 1492 924 1551 quo
947 1477 1030 1554 cadat
1045 1486 1178 1553 negante.
1191 1499 1215 1539 rs

183 1559 255 1619 Nam
271 1559 344 1617 sicut
359 1558 465 1635 ignium
481 1558 569 1617 sedes
584 1564 702 1615 nonest
717 1558 771 1616 nisi
785 1558 813 1615 in
830 1558 960 1633 ignibus,
976 1576 1111 1635 aquarum
1126 1561 1182 1617 nisi

183 1646 212 1701 in
227 1643 325 1718 aquis,
341 1642 458 1717 spiritus
472 1641 526 1698 nisi
541 1640 570 1698 in
583 1640 701 1719 spiritu,
726 1641 764 1701 ita
775 1649 875 1699 ¹terrae
891 1640 1057 1699 arcentibus
1069 1644 1182 1702 cunctis

183 1726 237 1783 nisi
253 1726 281 1781 iu
303 1742 335 1783 se
357 1724 439 1782 locus
456 1739 512 1782 non
530 1732 584 1781 est.
617 1722 739 1782 Globum
760 1730 856 1782 tamen
878 1722 955 1782 eiirci
975 1724 1075 1782 mirum
1092 1732 1136 1783 est
1153 1727 1182 1783 in
1264 1755 1266 1774 ι

182 1815 260 1867 tanta
276 1806 393 1883 planitie
408 1806 494 1865 maris
512 1798 745 1883 camporumqu‘e.
778 1804 830 1864 Cui
847 1807 1007 1865 sententiae
1033 1807 1116 1867 adest
1131 1803 1196 1866 nt:

184 1887 360 1963 caearchus,
384 1890 429 1947 vir
450 1890 478 1946 in
503 1890 602 1965 primis
626 1890 770 1963 eruditus,
796 1906 898 1964 regum
921 1907 988 1949 cura
1010 1906 1216 1967 permensusm

183 1972 298 2046 montis,
317 1990 354 2031 ex
369 1970 473 2051 quibus
488 1971 654 2030 altissimum
670 1971 795 2049 prodidit
812 1971 913 2038 Pelion
928 1970 1029 2031 noct
1047 1990 1182 2050 passuum

74 2098 81 2103 -
182 2056 294 2115 ratione
317 2052 534 2133 perpendiculi,
552 2054 662 2134 xunllam
678 2070 746 2113 esse
770 2070 835 2113 eam
851 2056 1014 2133 portionem
1028 2056 1181 2115 universae
1264 2065 1266 2078 ³

183 2137 364 2198 rotunditatis
376 2137 531 2214 colligens.
562 2136 631 2197 Mihi
646 2139 758 2197 incerta
778 2137 852 2197 baec
867 2139 983 2198 videtur-
996 2141 1181 2213 coniectatio,
1264 2131 1265 2194 j

182 2221 258 2282 baud
278 2222 375 2298 ignoto
392 2222 531 2301 quosdam
548 2219 665 2299 Alpium
679 2221 916 2298 verticeslongo
938 2231 1031 2281 tractu
1044 2238 1100 2281 nec
1116 2217 1181 2280 bre'-
1264 2209 1266 2287 i

142 2314 194 2369 163
204 2307 287 2365 viore
305 2306 509 2383 quinquaginta
531 2304 638 2363 milium
658 2320 793 2381 passuum
815 2304 985 2381 adsurgere.
1017 2304 1075 2364 Sed
1090 2303 1179 2380 volgo
1191 2324 1218 2361 25
1264 2297 1266 2368 l

182 2404 314 2467 maxuma
339 2386 413 2445 haec
434 2402 529 2463 pugna
551 2396 611 2460 est,
638 2388 663 2445 si
687 2396 817 2445 coactam
836 2388 865 2445 in
884 2389 1025 2446 verticem
1045 2404 1183 2466 aquarum
1264 2397 1266 2462 l

185 2486 300 2548 quoquc
318 2468 439 2543 liguram
464 2468 588 2526 credere
613 2477 743 2543 cogatur.
774 2470 852 2545 atqui
872 2485 929 2527 non
952 2470 1029 2529 aliud
1044 2472 1072 2527 iu
1087 2487 1183 2528 rerum
1264 2465 1266 2550 ξ

183 2561 283 2611 natura
298 2550 438 2627 adspectu
453 2550 641 2609 manifestius.
667 2561 789 2629 namque
812 2559 842 2608 et
857 2552 1059 2628 dependentes
1075 2552 1183 2631 ubique
1264 2553 1266 2647 l

184 2643 282 2711 guttae
306 2634 403 2710 parvis
424 2632 578 2709 globantur
593 2632 713 2691 orbibus
732 2642 764 2692 et
779 2634 892 2711 pulveri
907 2634 1012 2695 inlatae
1028 2635 1183 2694 irondinm-
1264 2651 1266 2764 q

184 2736 241 2795 que
260 2716 385 2793 lanugini
402 2716 551 2794 inpositae
567 2715 701 2775 absoluta
719 2715 892 2775 rotunditate
916 2727 1087 2799 cernuntur,
1108 2726 1139 2778 et
1155 2719 1183 2776 in
1194 2735 1221 2775 so
1264 2773 1266 2800 Ι

183 2798 298 2878 poculis
311 2801 432 2878 repletis
449 2799 543 2858 media
558 2812 690 2859 maxume
704 2808 828 2874 tument,
847 2817 921 2877 quac
937 2808 1057 2879 propter
1072 2799 1183 2859 subtili·
1264 2805 1266 2880 l

183 2891 271 2942 tatem
295 2884 401 2942 umoris
422 2880 627 2961 mollitiamque
650 2884 678 2941 in
692 2900 726 2941 se
749 2882 927 2946 residentem
940 2886 1053 2943 ratione
1068 2883 1184 2943 facilius
1264 2889 1266 2922 ⁵

185 2984 268 3043 quam
282 2967 345 3025 visu
360 2964 621 3043 deprehenduntur.
649 2967 739 3042 idque
755 2967 840 3025 etiam
854 2966 946 3041 magis
960 2968 1070 3040 mirum,
1086 2966 1115 3023 in
1129 2984 1183 3044 po·
1264 3015 1265 3018 .

109 3039 121 3054 ’
185 3048 257 3106 culis
274 3048 397 3125 repletis
412 3047 508 3108 addito
523 3064 622 3106 umore
639 3050 762 3107 minume
778 3047 978 3108 circumlinere
990 3049 1068 3128 quod
1079 3065 1183 3125 super-

184 3130 236 3204 sit,
260 3138 359 3189 contra
382 3131 500 3190 evenire
524 3130 703 3208 ponderibus
719 3131 823 3191 additis
838 3131 874 3190 ad
888 3131 1009 3191 vicenos
1025 3150 1115 3209 saepe
1132 3132 1220 3192 desc
1264 3162 1266 3214 ὲ

183 3213 290 3287 narios,
307 3211 421 3273 scilicet
433 3214 498 3290 quia
512 3215 587 3273 intus
604 3222 724 3290 recepta
740 3214 881 3290 liquorem
896 3214 925 3273 in
940 3217 1081 3274 verticem
1098 3216 1183 3274 attol-
1264 3223 1266 3275 i

142 3302 193 3357 164
205 3293 280 3367 lant,
303 3304 331 3353 at
347 3286 459 3354 cumulo
476 3298 611 3357 eminenti
624 3297 717 3356 infusa
728 3296 898 3356 dilabantur.
922 3298 1024 3357 eadem
1037 3305 1082 3355 est
1094 3314 1184 3357 causa

184 3383 305 3454 propter
327 3393 444 3455 quame
464 3377 585 3440 navibus
598 3388 685 3439 'terra
708 3395 764 3440 nou
787 3389 921 3440 cernatur
941 3380 1086 3439 enavium
1100 3380 1186 3440 malis
