2542 3842
351 170 431 216 san.
446 169 537 217 assu.
552 170 613 217 vrr.
629 166 732 219 9-13.
753 154 883 239 (7-11.)
1064 156 1098 217 11

101 327 190 386 rictas
212 324 393 388 molummis
414 334 498 385 notas
518 326 667 403 inprimet,
695 343 757 385 euna
781 328 890 397 ceteris
915 324 1101 387 animantibus
1176 334 1183 338 “

101 409 256 469 inmobiles
277 410 332 469 sint
356 410 441 469 animi
462 418 491 467 et
511 409 620 469 similes
642 408 772 469 omnihus
795 408 973 486 singulisque
999 411 1026 467 in
1048 425 1101 469 suo

103 494 207 571 cuique
222 511 343 570 genere.
370 491 515 552 Antiocho
529 495 593 569 regi
605 493 708 567 Syriae
720 510 736 551 e
749 492 836 570 plebe
852 494 965 553 nomine
982 492 1144 555 Artemood

100 578 129 636 in
144 586 252 637 tanturn
268 576 368 635 similis
383 576 435 635 fuit
451 585 481 635 ut
495 575 621 636 Laodice
639 578 840 654 coniuxregia
856 585 960 635 necato
975 577 1030 637 iam
1043 576 1101 637 An·

74 659 199 721 stiooho
216 660 330 719 mimum
348 678 402 739 per
422 678 487 720 cum
510 660 764 719 commendationis
779 661 920 737 regnique
936 661 1099 719 successio·

100 746 146 803 nis
168 744 327 822 peregerit.
370 740 475 821 llagno
498 741 636 822 Pompeio
659 744 760 805 Vibius
785 744 898 821 quidam
920 761 937 803 c
962 743 1051 821 plebe
1072 752 1112 809 et,

101 826 246 888 Publicius
271 829 356 886 etiam
380 828 520 887 servitute
542 827 680 887 liberatus
703 828 857 887 indiscreta
881 844 974 905 prope
999 829 1099 904 specie

101 912 185 971 luere
201 911 324 985 similes,
347 911 417 971 illud
435 928 468 969 os
484 909 605 989 probum
618 912 774 971 reddentes
795 913 947 990 ipsumque
962 911 1101 971 honorem

102 996 225 1055 eximiae
246 994 358 1054 frontis.
400 993 492 1072 qualis
512 1012 598 1055 carna
615 996 690 1073 patri
712 1012 828 1073 quoque
850 996 913 1054 eius
929 993 1100 1070 Menogenis
1108 1004 1150 1058 54

63 1096 91 1137 so
102 1079 169 1139 coci
182 1080 225 1137 sui
240 1096 401 1155 cognomen
417 1080 556 1155 inposuit,
575 1080 630 1139 iam
644 1078 793 1145 Strabonis
805 1096 821 1137 a
835 1080 936 1157 specio
952 1078 1101 1141 occulorum

99 1161 233 1225 habentis
254 1164 351 1221 vitium
368 1163 474 1221 imitata
496 1163 569 1221 etin
590 1180 687 1221 seruo.
724 1163 853 1240 Scipioni
869 1162 1052 1240 Serapionis,
1075 1162 1099 1221 is

101 1256 165 1305 erat
190 1247 278 1305 suarii
301 1247 490 1322 negotiatoris
512 1246 570 1305 vile
592 1248 773 1324 mancipium.
819 1245 948 1305 eiusdem
973 1246 1100 1305 familiae

101 1330 230 1408 Scipioni
258 1339 325 1408 post
351 1348 416 1389 eum
444 1346 605 1405 cognomen
630 1329 752 1391 Saluitto
777 1330 877 1389 mimus
903 1329 998 1404 dedit,
1026 1330 1100 1389 sicut
1170 1377 1176 1387 ,

101 1412 239 1492 Spinther
258 1404 448 1473 secundarum
464 1415 669 1491 tertiarumque
686 1412 852 1491 Pamphilus
877 1412 1004 1489 collegio
1027 1412 1098 1473 hen·

64 1519 92 1559 ss
102 1496 153 1557 tuli
166 1506 195 1557 et
210 1496 321 1561 lletelli
336 1513 430 1570 coss,
451 1497 550 1575 inquo
564 1515 702 1575 perquam
720 1498 870 1575 inportune
885 1496 1030 1557 fortuitum
1042 1496 1100 1558 hoo

102 1598 218 1661 quoque
230 1580 300 1656 luit,
316 1580 435 1640 duorum
445 1581 528 1641 simul
540 1580 689 1642 consulum
701 1581 729 1639 iu
742 1598 847 1641 scaena
859 1582 998 1657 imagines
1009 1582 1098 1639 cerni.

100 1684 118 1724 e
134 1664 251 1724 diverso
266 1663 296 1724 L.
313 1664 435 1723 Plancus
451 1674 549 1739 orator
563 1664 695 1724 histrioni
712 1663 821 1723 Rubrio
842 1680 1004 1740 cognomen
1019 1667 1154 1742 lupo-55*

102 1749 168 1807 suit.
194 1766 292 1807 rursus
306 1745 422 1807 Curioni
437 1750 511 1825 patri
525 1748 712 1824 Burbuleius,
729 1750 855 1826 itemque
870 1746 1016 1809 Messalae
1032 1767 1098 1808 cen·

100 1832 180 1890 sorio
195 1830 392 1907 Menogenes,
411 1832 530 1909 perinde
545 1832 709 1892 histriones.
737 1833 828 1893 Surae
846 1832 961 1909 quidem
975 1850 1098 1910 procon-

62 1915 173 1976 sosulis
197 1917 282 1974 etiam
308 1916 408 1974 rictum
429 1918 457 1975 iu
480 1916 626 1994 loquendo
645 1916 904 1993 intractionemque
930 1917 1046 1993 linguae
1070 1925 1100 1975 et

63 2018 68 2023 ’
101 2001 242 2058 sermonis
256 1998 420 2073 tumultum,
439 2016 496 2058 non
510 2001 662 2077 imaginem
677 1999 781 2074 modo,
799 2001 927 2077 piscator
943 2000 1056 2078 quidam
1071 2000 1099 2059 in

99 2082 200 2143 Sicilia
217 2081 349 2141 reddidit.
394 2080 496 2141 Cassio
518 2084 630 2141 Severo
657 2082 767 2141 celebri
793 2084 901 2140 oratori
926 2082 1098 2141 Armentarii

99 2166 278 2225 mirmillonis
293 2164 408 2225 obiecta
423 2165 576 2226 similitudo
593 2174 647 2224 cst.
677 2162 836 2224 'lhormrius
851 2180 954 2241 mango
971 2164 1096 2225 Antonio
1107 2178 1141 2231 56

99 2252 154 2309 iam
176 2249 322 2321 triumviro
343 2249 465 2308 eximios
485 2249 576 2309 torma
594 2264 719 2327 pueros,
743 2246 862 2307 alterum
879 2248 906 2307 in
925 2247 994 2308 Asia
1018 2250 1097 2325 geni-

60 2344 160 2394 sstum
181 2333 302 2393 alterum
326 2332 525 2411 tranaltlpis,
548 2341 578 2393 ut
591 2334 724 2410 geminos
746 2331 880 2392 vendidit.
912 2341 989 2395 tanta
1006 2334 1099 2393 unitas

100 2426 173 2477 erat.
209 2426 361 2495 postquam
383 2417 486 2476 deinde
508 2434 642 2477 sermone
659 2434 812 2494 puerorum
832 2415 948 2476 detecta
963 2414 1064 2477 fraude
1082 2432 1098 2475 a

99 2502 213 2561 furente
229 2502 385 2577 increpitus
401 2500 526 2560 Antonio
543 2509 603 2575 est,
624 2503 699 2559 inter
715 2500 770 2559 alia
785 2500 1006 2577 magnitudinem
1023 2500 1098 2578 preti

100 2592 298 2662 conquerente
311 2584 390 2661 (nam
406 2585 537 2645 ducentis
553 2593 614 2644 erat
625 2594 768 2644 mercatus
783 2585 960 2667 sestertiis),
976 2600 1097 2663 respon-

99 2669 141 2729 dit
152 2677 285 2727 versutus
300 2669 396 2745 ingeni
410 2687 514 2746 mango
535 2669 671 2745 idipsum
690 2686 722 2726 se
738 2669 806 2727 tanti
822 2666 1003 2741 vendidisse,
1026 2685 1096 2746 quo·

59 2754 175 2811 aoniam
191 2769 251 2811 non
271 2762 351 2812 esset
371 2754 441 2813 mira
462 2752 616 2813 similitudo
639 2754 667 2811 in
688 2752 755 2813 ullis
776 2752 880 2811 eodem
898 2759 980 2809 utero
1002 2751 1097 2827 editis,

41 2855 44 2862 ·
99 2837 278 2897 diversarum
292 2836 406 2912 quidem
420 2838 546 2914 gentium
560 2835 663 2896 naulis
679 2846 734 2897 tam
754 2834 892 2895 concordi
906 2834 998 2911 ligura
1012 2852 1097 2912 repe·

97 2921 150 2979 riri
170 2938 260 2999 super
279 2936 392 2979 omnem
418 2939 486 2981 esse
507 2922 690 2981 taxationem.
735 2919 868 2995 adeoque
896 2918 1097 2995 tempestivam

97 3002 314 3065 admirationem
328 3002 435 3080 intulit,
453 3014 484 3063 ut
498 3002 548 3063 ille
564 3004 746 3080 proscriptor
761 3003 869 3061 unimus
882 3002 969 3063 modo
983 3009 1017 3061 et·
1028 3018 1095 3063 oon

98 3087 216 3169 tumelia
237 3087 336 3147 furens
352 3104 410 3147 non
430 3087 506 3148 aliud
525 3087 553 3145 in
567 3104 657 3145 censu
673 3088 766 3163 magis
784 3102 826 3145 ox
842 3084 956 3148 fortuna
974 3102 1027 3146 sua
1046 3083 1096 3145 du·
1196 3159 1201 3169 Ι

58 3180 191 3231 soceret

57 3295 61 3303 ι
165 3252 212 3314 13.
235 3256 318 3335 (11.)
353 3253 407 3323 list
425 3254 565 3331 quaedam
585 3254 716 3332 privatim
741 3253 908 3313 dissociatio
931 3260 1139 3331 corporumst

99 3352 130 3400 et
152 3338 226 3399 inter
245 3357 279 3399 se
304 3338 435 3414 steriles,
460 3338 509 3399 ubi
532 3356 596 3399 cum
617 3338 682 3400 aliis
705 3333 842 3413 iunxere,
864 3339 1000 3415 gignunt,
1023 3338 1098 3398 sicul

98 3421 248 3501 Augustus
266 3432 296 3484 et
310 3422 399 3483 bivia.
436 3423 503 3484 item
520 3422 568 3483 alii
589 3422 722 3500 aliaeque
738 3421 858 3483 feminas
880 3430 986 3481 tanturn
1006 3438 1097 3498 geno·
