<?xml version="1.0" encoding="UTF-8"?>
<!DOCTYPE html PUBLIC "-//W3C//DTD XHTML 1.0 Transitional//EN"
    "http://www.w3.org/TR/xhtml1/DTD/xhtml1-transitional.dtd">
<html xmlns="http://www.w3.org/1999/xhtml" xml:lang="en" lang="en">
 <head>
  <title>
</title>
<meta http-equiv="Content-Type" content="text/html;charset=utf-8" />
  <meta name='ocr-system' content='tesseract 3.04.00' />
  <meta name='ocr-capabilities' content='ocr_page ocr_carea ocr_par ocr_line ocrx_word'/>
</head>
<body>
  <div class='ocr_page' id='page_1' title='image "./cplinisecundina25plingoog_0157.png"; bbox 0 0 2542 3842; ppageno 0'>
   <div class='ocr_carea' id='block_1_1' title="bbox 125 178 1089 277">
    <p class='ocr_par' dir='ltr' id='par_1_1' title="bbox 125 178 1089 277">
     <span class='ocr_line' id='line_1_1' title="bbox 125 178 1089 277; baseline 0.006 -22"><span class='ocrx_word' id='word_1_1' title='bbox 125 208 210 255; x_wconf 70' lang='lat' dir='ltr'>aar.</span> <span class='ocrx_word' id='word_1_2' title='bbox 227 206 317 255; x_wconf 74' lang='lat' dir='ltr'>rursu.</span> <span class='ocrx_word' id='word_1_3' title='bbox 335 207 372 253; x_wconf 90' lang='lat'>11.</span> <span class='ocrx_word' id='word_1_4' title='bbox 391 196 809 272; x_wconf 81' lang='lat' dir='ltr'>roa—roc.(112-1ra.)111.</span> <span class='ocrx_word' id='word_1_5' title='bbox 824 208 850 259; x_wconf 92' lang='lat'>1.</span> <span class='ocrx_word' id='word_1_6' title='bbox 866 178 984 277; x_wconf 77' lang='lat' dir='ltr'>(1—n.)</span> <span class='ocrx_word' id='word_1_7' title='bbox 1031 198 1089 261; x_wconf 81' lang='lat'>123</span> 
     </span>
    </p>
   </div>
   <div class='ocr_carea' id='block_1_2' title="bbox 10 358 1119 2263">
    <p class='ocr_par' dir='ltr' id='par_1_2' title="bbox 10 358 1119 2263">
     <span class='ocr_line' id='line_1_2' title="bbox 83 358 1088 439; baseline 0.001 -19"><span class='ocrx_word' id='word_1_8' title='bbox 83 363 188 439; x_wconf 85' lang='lat' dir='ltr'>sisque</span> <span class='ocrx_word' id='word_1_9' title='bbox 212 359 314 419; x_wconf 85' lang='lat' dir='ltr'>dilatis</span> <span class='ocrx_word' id='word_1_10' title='bbox 331 358 359 418; x_wconf 89' lang='lat' dir='ltr'>in</span> <span class='ocrx_word' id='word_1_11' title='bbox 374 376 442 420; x_wconf 88' lang='lat' dir='ltr'>suas</span> <span class='ocrx_word' id='word_1_12' title='bbox 462 360 561 438; x_wconf 90' lang='lat' dir='ltr'>partis.</span> <span class='ocrx_word' id='word_1_13' title='bbox 590 377 666 419; x_wconf 90' lang='lat' dir='ltr'>nono</span> <span class='ocrx_word' id='word_1_14' title='bbox 686 360 762 418; x_wconf 88' lang='lat' dir='ltr'>enim</span> <span class='ocrx_word' id='word_1_15' title='bbox 785 378 881 420; x_wconf 89' lang='lat' dir='ltr'>sermo</span> <span class='ocrx_word' id='word_1_16' title='bbox 902 362 940 422; x_wconf 91' lang='lat' dir='ltr'>de</span> <span class='ocrx_word' id='word_1_17' title='bbox 954 369 1017 422; x_wconf 89' lang='lat' dir='ltr'>toto</span> <span class='ocrx_word' id='word_1_18' title='bbox 1034 372 1088 423; x_wconf 87' lang='lat' dir='ltr'>est.</span> 
     </span>
     <span class='ocr_line' id='line_1_3' title="bbox 83 441 1089 523; baseline 0.002 -20"><span class='ocrx_word' id='word_1_19' title='bbox 83 462 178 523; x_wconf 82' lang='lat' dir='ltr'>quare</span> <span class='ocrx_word' id='word_1_20' title='bbox 197 444 249 501; x_wconf 83' lang='lat' dir='ltr'>sic&#39;</span> <span class='ocrx_word' id='word_1_21' title='bbox 263 442 359 519; x_wconf 77' lang='lat' dir='ltr'><strong>accipi</strong></span> <span class='ocrx_word' id='word_1_22' title='bbox 372 443 461 501; x_wconf 84' lang='lat' dir='ltr'>velim</span> <span class='ocrx_word' id='word_1_23' title='bbox 478 442 547 501; x_wconf 90' lang='lat' dir='ltr'>atsi</span> <span class='ocrx_word' id='word_1_24' title='bbox 563 442 650 502; x_wconf 83' lang='lat' dir='ltr'>vidua</span> <span class='ocrx_word' id='word_1_25' title='bbox 671 441 747 500; x_wconf 81' lang='lat' dir='ltr'>fama</span> <span class='ocrx_word' id='word_1_26' title='bbox 763 460 824 501; x_wconf 80' lang='lat' dir='ltr'>sua</span> <span class='ocrx_word' id='word_1_27' title='bbox 837 445 967 520; x_wconf 85' lang='lat' dir='ltr'>uomina,</span> <span class='ocrx_word' id='word_1_28' title='bbox 993 445 1089 523; x_wconf 88' lang='lat' dir='ltr'>qualia</span> 
     </span>
     <span class='ocr_line' id='line_1_4' title="bbox 82 522 1096 604; baseline 0 -17"><span class='ocrx_word' id='word_1_29' title='bbox 82 528 169 587; x_wconf 86' lang='lat' dir='ltr'>luere</span> <span class='ocrx_word' id='word_1_30' title='bbox 191 525 351 603; x_wconf 92' lang='lat' dir='ltr'>primordio</span> <span class='ocrx_word' id='word_1_31' title='bbox 368 533 434 585; x_wconf 89' lang='lat' dir='ltr'>ante</span> <span class='ocrx_word' id='word_1_32' title='bbox 455 543 504 585; x_wconf 89' lang='lat' dir='ltr'>res</span> <span class='ocrx_word' id='word_1_33' title='bbox 526 522 600 583; x_wconf 91' lang='lat' dir='ltr'>ullas</span> <span class='ocrx_word' id='word_1_34' title='bbox 621 533 740 601; x_wconf 80' lang='lat' dir='ltr'>gestas,</span> <span class='ocrx_word' id='word_1_35' title='bbox 763 536 978 604; x_wconf 78' lang='lat' dir='ltr'>nuncupentur,</span> <span class='ocrx_word' id='word_1_36' title='bbox 1000 536 1029 587; x_wconf 93' lang='lat' dir='ltr'>et</span> <span class='ocrx_word' id='word_1_37' title='bbox 1052 530 1096 587; x_wconf 82' lang='lat' dir='ltr'>sit</span> 
     </span>
     <span class='ocr_line' id='line_1_5' title="bbox 84 608 1088 689; baseline 0.001 -20"><span class='ocrx_word' id='word_1_38' title='bbox 84 609 230 689; x_wconf 86' lang='lat' dir='ltr'>quaedum</span> <span class='ocrx_word' id='word_1_39' title='bbox 246 610 274 666; x_wconf 91' lang='lat' dir='ltr'>in</span> <span class='ocrx_word' id='word_1_40' title='bbox 291 608 341 667; x_wconf 87' lang='lat' dir='ltr'>&#39;bis</span> <span class='ocrx_word' id='word_1_41' title='bbox 358 608 576 667; x_wconf 77' lang='lat' dir='ltr'>nomenclatura</span> <span class='ocrx_word' id='word_1_42' title='bbox 594 608 726 685; x_wconf 76' lang='lat' dir='ltr'>quidem,</span> <span class='ocrx_word' id='word_1_43' title='bbox 750 608 804 668; x_wconf 91' lang='lat' dir='ltr'>sed</span> <span class='ocrx_word' id='word_1_44' title='bbox 821 609 916 668; x_wconf 89' lang='lat' dir='ltr'>mnndi</span> <span class='ocrx_word' id='word_1_45' title='bbox 934 627 1088 689; x_wconf 89' lang='lat' dir='ltr'>rerumque</span> 
     </span>
     <span class='ocr_line' id='line_1_6' title="bbox 65 689 1119 769; baseline -0.001 -16"><span class='ocrx_word' id='word_1_46' title='bbox 65 701 218 754; x_wconf 75' lang='lat' dir='ltr'>uncturae.</span> <span class='ocrx_word' id='word_1_47' title='bbox 252 689 406 751; x_wconf 80' lang='lat' dir='ltr'>Terrarum</span> <span class='ocrx_word' id='word_1_48' title='bbox 428 690 508 749; x_wconf 89' lang='lat' dir='ltr'>orbis</span> <span class='ocrx_word' id='word_1_49' title='bbox 529 692 683 749; x_wconf 83' lang='lat' dir='ltr'>universus</span> <span class='ocrx_word' id='word_1_50' title='bbox 705 691 734 750; x_wconf 93' lang='lat' dir='ltr'>in</span> <span class='ocrx_word' id='word_1_51' title='bbox 756 692 808 751; x_wconf 89' lang='lat' dir='ltr'>tris</span> <span class='ocrx_word' id='word_1_52' title='bbox 832 691 967 751; x_wconf 86' lang='lat' dir='ltr'>dividitur</span> <span class='ocrx_word' id='word_1_53' title='bbox 988 695 1119 769; x_wconf 85' lang='lat' dir='ltr'>partis,3</span> 
     </span>
     <span class='ocr_line' id='line_1_7' title="bbox 82 771 1090 853; baseline 0 -17"><span class='ocrx_word' id='word_1_54' title='bbox 82 776 233 853; x_wconf 81' lang='lat' dir='ltr'>Europam</span> <span class='ocrx_word' id='word_1_55' title='bbox 248 773 349 833; x_wconf 81' lang='lat' dir='ltr'>Asiam</span> <span class='ocrx_word' id='word_1_56' title='bbox 365 773 504 833; x_wconf 81' lang='lat' dir='ltr'>Africam.</span> <span class='ocrx_word' id='word_1_57' title='bbox 536 771 626 850; x_wconf 83' lang='lat' dir='ltr'>Origo</span> <span class='ocrx_word' id='word_1_58' title='bbox 642 773 679 833; x_wconf 94' lang='lat' dir='ltr'>ab</span> <span class='ocrx_word' id='word_1_59' title='bbox 695 789 804 834; x_wconf 90' lang='lat' dir='ltr'>occasu</span> <span class='ocrx_word' id='word_1_60' title='bbox 819 775 892 834; x_wconf 92' lang='lat' dir='ltr'>solis</span> <span class='ocrx_word' id='word_1_61' title='bbox 906 784 935 833; x_wconf 90' lang='lat' dir='ltr'>et</span> <span class='ocrx_word' id='word_1_62' title='bbox 950 773 1090 838; x_wconf 81' lang='lat' dir='ltr'>Gaditano</span> 
     </span>
     <span class='ocr_line' id='line_1_8' title="bbox 82 855 1091 936; baseline 0 -17"><span class='ocrx_word' id='word_1_63' title='bbox 82 861 177 934; x_wconf 86' lang='lat' dir='ltr'>irato,</span> <span class='ocrx_word' id='word_1_64' title='bbox 202 875 259 936; x_wconf 84' lang='lat' dir='ltr'>qua</span> <span class='ocrx_word' id='word_1_65' title='bbox 280 858 447 935; x_wconf 80' lang='lat' dir='ltr'>inrumpens</span> <span class='ocrx_word' id='word_1_66' title='bbox 470 873 599 917; x_wconf 90' lang='lat' dir='ltr'>oceanus</span> <span class='ocrx_word' id='word_1_67' title='bbox 614 855 778 917; x_wconf 79' lang='lat' dir='ltr'>Atlanticus</span> <span class='ocrx_word' id='word_1_68' title='bbox 799 858 828 917; x_wconf 92' lang='lat' dir='ltr'>iu</span> <span class='ocrx_word' id='word_1_69' title='bbox 847 859 936 917; x_wconf 87' lang='lat' dir='ltr'>maria</span> <span class='ocrx_word' id='word_1_70' title='bbox 953 857 1091 919; x_wconf 89' lang='lat' dir='ltr'>interiora</span> 
     </span>
     <span class='ocr_line' id='line_1_9' title="bbox 82 938 1090 1018; baseline -0.003 -15"><span class='ocrx_word' id='word_1_71' title='bbox 82 941 262 1003; x_wconf 82' lang='lat' dir='ltr'>diffunditur.</span> <span class='ocrx_word' id='word_1_72' title='bbox 293 940 367 999; x_wconf 91' lang='lat' dir='ltr'>llinc</span> <span class='ocrx_word' id='word_1_73' title='bbox 383 941 498 999; x_wconf 87' lang='lat' dir='ltr'>intranti</span> <span class='ocrx_word' id='word_1_74' title='bbox 515 940 638 999; x_wconf 85' lang='lat' dir='ltr'>dextera</span> <span class='ocrx_word' id='word_1_75' title='bbox 653 938 755 999; x_wconf 88' lang='lat' dir='ltr'>Airica</span> <span class='ocrx_word' id='word_1_76' title='bbox 772 949 833 1015; x_wconf 91' lang='lat' dir='ltr'>est,</span> <span class='ocrx_word' id='word_1_77' title='bbox 859 940 944 1000; x_wconf 81' lang='lat' dir='ltr'>laeva</span> <span class='ocrx_word' id='word_1_78' title='bbox 959 938 1090 1018; x_wconf 87' lang='lat' dir='ltr'>Europa,</span> 
     </span>
     <span class='ocr_line' id='line_1_10' title="bbox 82 1021 1091 1095; baseline -0.001 -11"><span class='ocrx_word' id='word_1_79' title='bbox 82 1027 160 1084; x_wconf 89' lang='lat' dir='ltr'>inter</span> <span class='ocrx_word' id='word_1_80' title='bbox 181 1024 235 1083; x_wconf 87' lang='lat' dir='ltr'>bas</span> <span class='ocrx_word' id='word_1_81' title='bbox 254 1022 336 1083; x_wconf 88' lang='lat' dir='ltr'>Asia.</span> <span class='ocrx_word' id='word_1_82' title='bbox 363 1024 477 1083; x_wconf 88' lang='lat' dir='ltr'>termini</span> <span class='ocrx_word' id='word_1_83' title='bbox 498 1040 598 1082; x_wconf 89' lang='lat' dir='ltr'>amnes</span> <span class='ocrx_word' id='word_1_84' title='bbox 619 1021 724 1083; x_wconf 81' lang='lat' dir='ltr'>Tanais</span> <span class='ocrx_word' id='word_1_85' title='bbox 745 1030 774 1083; x_wconf 88' lang='lat' dir='ltr'>et</span> <span class='ocrx_word' id='word_1_86' title='bbox 794 1022 887 1083; x_wconf 85' lang='lat' dir='ltr'>Nilus.</span> <span class='ocrx_word' id='word_1_87' title='bbox 918 1022 1091 1095; x_wconf 85' lang='lat' dir='ltr'>Quindecim</span> 
     </span>
     <span class='ocr_line' id='line_1_11' title="bbox 54 1105 1090 1185; baseline 0.009 -26"><span class='ocrx_word' id='word_1_88' title='bbox 54 1108 112 1168; x_wconf 79' lang='lat' dir='ltr'>tobi</span> <span class='ocrx_word' id='word_1_89' title='bbox 125 1124 209 1185; x_wconf 84' lang='lat' dir='ltr'>pass.</span> <span class='ocrx_word' id='word_1_90' title='bbox 227 1107 256 1165; x_wconf 92' lang='lat' dir='ltr'>in</span> <span class='ocrx_word' id='word_1_91' title='bbox 273 1106 481 1182; x_wconf 81' lang='lat' dir='ltr'>longitudinem</span> <span class='ocrx_word' id='word_1_92' title='bbox 498 1123 570 1183; x_wconf 85' lang='lat' dir='ltr'>quus</span> <span class='ocrx_word' id='word_1_93' title='bbox 587 1105 710 1165; x_wconf 87' lang='lat' dir='ltr'>diximus</span> <span class='ocrx_word' id='word_1_94' title='bbox 732 1105 835 1165; x_wconf 86' lang='lat' dir='ltr'>fauces</span> <span class='ocrx_word' id='word_1_95' title='bbox 857 1106 960 1165; x_wconf 88' lang='lat' dir='ltr'>oceani</span> <span class='ocrx_word' id='word_1_96' title='bbox 979 1114 1090 1184; x_wconf 86' lang='lat' dir='ltr'>patent,</span> 
     </span>
     <span class='ocr_line' id='line_1_12' title="bbox 83 1186 1089 1269; baseline 0.001 -21"><span class='ocrx_word' id='word_1_97' title='bbox 83 1191 214 1269; x_wconf 67' lang='lat' dir='ltr'>miraque</span> <span class='ocrx_word' id='word_1_98' title='bbox 230 1188 259 1249; x_wconf 84' lang='lat' dir='ltr'>ol</span> <span class='ocrx_word' id='word_1_99' title='bbox 274 1190 303 1247; x_wconf 91' lang='lat' dir='ltr'>in</span> <span class='ocrx_word' id='word_1_100' title='bbox 320 1188 513 1263; x_wconf 88' lang='lat' dir='ltr'>latitudinem,</span> <span class='ocrx_word' id='word_1_101' title='bbox 536 1190 633 1248; x_wconf 84' lang='lat' dir='ltr'>avico</span> <span class='ocrx_word' id='word_1_102' title='bbox 650 1187 783 1247; x_wconf 89' lang='lat' dir='ltr'>blellaria</span> <span class='ocrx_word' id='word_1_103' title='bbox 796 1186 954 1266; x_wconf 80' lang='lat' dir='ltr'>Hispaniae</span> <span class='ocrx_word' id='word_1_104' title='bbox 971 1188 1009 1249; x_wconf 90' lang='lat' dir='ltr'>ad</span> <span class='ocrx_word' id='word_1_105' title='bbox 1021 1205 1089 1267; x_wconf 93' lang='lat' dir='ltr'>pro·</span> 
     </span>
     <span class='ocr_line' id='line_1_13' title="bbox 82 1268 1090 1345; baseline -0.003 -12"><span class='ocrx_word' id='word_1_106' title='bbox 82 1273 257 1333; x_wconf 91' lang='lat' dir='ltr'>montorium</span> <span class='ocrx_word' id='word_1_107' title='bbox 278 1270 399 1331; x_wconf 84' lang='lat' dir='ltr'>Africae</span> <span class='ocrx_word' id='word_1_108' title='bbox 420 1269 542 1345; x_wconf 87' lang='lat' dir='ltr'>Album,</span> <span class='ocrx_word' id='word_1_109' title='bbox 565 1279 686 1330; x_wconf 90' lang='lat' dir='ltr'>auctore</span> <span class='ocrx_word' id='word_1_110' title='bbox 710 1268 850 1329; x_wconf 82' lang='lat' dir='ltr'>&#39;l&#39;urranio</span> <span class='ocrx_word' id='word_1_111' title='bbox 872 1268 989 1330; x_wconf 82' lang='lat' dir='ltr'>Gracile</span> <span class='ocrx_word' id='word_1_112' title='bbox 1010 1271 1090 1331; x_wconf 78' lang='lat' dir='ltr'>iuxta</span> 
     </span>
     <span class='ocr_line' id='line_1_14' title="bbox 10 1349 1119 1441; baseline -0.002 -27"><span class='ocrx_word' id='word_1_113' title='bbox 10 1370 12 1441; x_wconf 65' lang='lat' dir='ltr'>p</span> <span class='ocrx_word' id='word_1_114' title='bbox 83 1357 194 1433; x_wconf 84' lang='lat' dir='ltr'>genito.</span> <span class='ocrx_word' id='word_1_115' title='bbox 227 1353 260 1414; x_wconf 83' lang='grc' dir='ltr'>Τ.</span> <span class='ocrx_word' id='word_1_116' title='bbox 276 1353 374 1413; x_wconf 87' lang='lat' dir='ltr'>Livius</span> <span class='ocrx_word' id='word_1_117' title='bbox 389 1372 424 1413; x_wconf 92' lang='lat' dir='ltr'>ac</span> <span class='ocrx_word' id='word_1_118' title='bbox 441 1349 543 1432; x_wconf 87' lang='lat' dir='ltr'>Nepos</span> <span class='ocrx_word' id='word_1_119' title='bbox 559 1350 714 1412; x_wconf 80' lang='lat' dir='ltr'>Cornelius</span> <span class='ocrx_word' id='word_1_120' title='bbox 734 1351 890 1413; x_wconf 92' lang='lat' dir='ltr'>latitudinis</span> <span class='ocrx_word' id='word_1_121' title='bbox 912 1352 1119 1419; x_wconf 83' lang='lat' dir='ltr'>tradiderunt4</span> 
     </span>
     <span class='ocr_line' id='line_1_15' title="bbox 10 1432 1089 1516; baseline -0.002 -18"><span class='ocrx_word' id='word_1_122' title='bbox 10 1450 12 1471; x_wconf 60' lang='lat'><em>¹</em></span> <span class='ocrx_word' id='word_1_123' title='bbox 83 1440 176 1498; x_wconf 91' lang='lat' dir='ltr'>minus</span> <span class='ocrx_word' id='word_1_124' title='bbox 191 1435 287 1496; x_wconf 86' lang='lat' dir='ltr'>Vllbl</span> <span class='ocrx_word' id='word_1_125' title='bbox 299 1454 390 1516; x_wconf 82' lang='lat' dir='ltr'>pass,</span> <span class='ocrx_word' id='word_1_126' title='bbox 406 1436 455 1496; x_wconf 93' lang='lat' dir='ltr'>ubi</span> <span class='ocrx_word' id='word_1_127' title='bbox 466 1452 538 1497; x_wconf 85' lang='lat' dir='ltr'>vcro</span> <span class='ocrx_word' id='word_1_128' title='bbox 551 1434 723 1513; x_wconf 84' lang='lat' dir='ltr'>plurumum,</span> <span class='ocrx_word' id='word_1_129' title='bbox 738 1432 815 1495; x_wconf 80' lang='lat' dir='ltr'>xit.</span> <span class='ocrx_word' id='word_1_130' title='bbox 831 1444 889 1497; x_wconf 88' lang='lat' dir='ltr'>tam</span> <span class='ocrx_word' id='word_1_131' title='bbox 903 1435 1020 1495; x_wconf 89' lang='lat' dir='ltr'>modico</span> <span class='ocrx_word' id='word_1_132' title='bbox 1036 1452 1089 1496; x_wconf 93' lang='lat' dir='ltr'>ore</span> 
     </span>
     <span class='ocr_line' id='line_1_16' title="bbox 10 1517 1088 1597; baseline 0.002 -20"><span class='ocrx_word' id='word_1_133' title='bbox 10 1528 11 1531; x_wconf 75' lang='grc'>’</span> <span class='ocrx_word' id='word_1_134' title='bbox 53 1537 75 1578; x_wconf 84' lang='lat'>15</span> <span class='ocrx_word' id='word_1_135' title='bbox 82 1532 141 1582; x_wconf 89' lang='lat' dir='ltr'>tam</span> <span class='ocrx_word' id='word_1_136' title='bbox 157 1522 288 1581; x_wconf 87' lang='lat' dir='ltr'>inmensa</span> <span class='ocrx_word' id='word_1_137' title='bbox 305 1536 463 1597; x_wconf 87' lang='lat' dir='ltr'>aequorum</span> <span class='ocrx_word' id='word_1_138' title='bbox 480 1520 600 1580; x_wconf 85' lang='lat' dir='ltr'>vastitas</span> <span class='ocrx_word' id='word_1_139' title='bbox 617 1518 759 1597; x_wconf 85' lang='lat' dir='ltr'>panditur.</span> <span class='ocrx_word' id='word_1_140' title='bbox 787 1517 852 1579; x_wconf 86' lang='lat' dir='ltr'>Nec</span> <span class='ocrx_word' id='word_1_141' title='bbox 867 1517 1010 1596; x_wconf 83' lang='lat' dir='ltr'>profunda</span> <span class='ocrx_word' id='word_1_142' title='bbox 1025 1518 1088 1579; x_wconf 89' lang='lat' dir='ltr'>alti-</span> 
     </span>
     <span class='ocr_line' id='line_1_17' title="bbox 82 1601 1091 1681; baseline -0.004 -16"><span class='ocrx_word' id='word_1_143' title='bbox 82 1604 153 1665; x_wconf 91' lang='lat' dir='ltr'>tado</span> <span class='ocrx_word' id='word_1_144' title='bbox 170 1602 341 1663; x_wconf 89' lang='lat' dir='ltr'>miraculum</span> <span class='ocrx_word' id='word_1_145' title='bbox 354 1604 461 1661; x_wconf 89' lang='lat' dir='ltr'>minuit.</span> <span class='ocrx_word' id='word_1_146' title='bbox 479 1602 650 1681; x_wconf 84' lang='lat' dir='ltr'>frequentes</span> <span class='ocrx_word' id='word_1_147' title='bbox 663 1602 771 1679; x_wconf 87' lang='lat' dir='ltr'>quippe</span> <span class='ocrx_word' id='word_1_148' title='bbox 783 1601 899 1661; x_wconf 90' lang='lat' dir='ltr'>taeniae</span> <span class='ocrx_word' id='word_1_149' title='bbox 912 1601 1091 1661; x_wconf 84' lang='lat' dir='ltr'>candicantis</span> 
     </span>
     <span class='ocr_line' id='line_1_18' title="bbox 10 1683 1090 1763; baseline -0.006 -16"><span class='ocrx_word' id='word_1_150' title='bbox 10 1732 11 1737; x_wconf 19' lang='grc' dir='ltr'>η</span> <span class='ocrx_word' id='word_1_151' title='bbox 83 1688 152 1749; x_wconf 88' lang='lat' dir='ltr'>vadi</span> <span class='ocrx_word' id='word_1_152' title='bbox 167 1686 282 1746; x_wconf 87' lang='lat' dir='ltr'>carinas</span> <span class='ocrx_word' id='word_1_153' title='bbox 297 1686 438 1745; x_wconf 87' lang='lat' dir='ltr'>territant.</span> <span class='ocrx_word' id='word_1_154' title='bbox 458 1702 514 1763; x_wconf 81' lang='lat' dir='ltr'>qua</span> <span class='ocrx_word' id='word_1_155' title='bbox 529 1684 567 1745; x_wconf 91' lang='lat' dir='ltr'>de</span> <span class='ocrx_word' id='word_1_156' title='bbox 583 1700 671 1745; x_wconf 90' lang='lat' dir='ltr'>causa</span> <span class='ocrx_word' id='word_1_157' title='bbox 686 1684 773 1743; x_wconf 91' lang='lat' dir='ltr'>limen</span> <span class='ocrx_word' id='word_1_158' title='bbox 788 1684 892 1743; x_wconf 88' lang='lat' dir='ltr'>interni</span> <span class='ocrx_word' id='word_1_159' title='bbox 908 1684 995 1743; x_wconf 91' lang='lat' dir='ltr'>maris</span> <span class='ocrx_word' id='word_1_160' title='bbox 1008 1683 1090 1743; x_wconf 90' lang='lat' dir='ltr'>multi</span> 
     </span>
     <span class='ocr_line' id='line_1_19' title="bbox 10 1766 1089 1847; baseline -0.004 -17"><span class='ocrx_word' id='word_1_161' title='bbox 10 1840 11 1843; x_wconf 8' lang='grc' dir='ltr'><strong>Ἴ</strong></span> <span class='ocrx_word' id='word_1_162' title='bbox 85 1789 152 1833; x_wconf 88' lang='lat' dir='ltr'>euru</span> <span class='ocrx_word' id='word_1_163' title='bbox 167 1768 265 1829; x_wconf 89' lang='lat' dir='ltr'>locum</span> <span class='ocrx_word' id='word_1_164' title='bbox 280 1768 482 1847; x_wconf 86' lang='lat' dir='ltr'>appellavere.</span> <span class='ocrx_word' id='word_1_165' title='bbox 512 1766 664 1827; x_wconf 83' lang='lat' dir='ltr'>Proxumis</span> <span class='ocrx_word' id='word_1_166' title='bbox 682 1774 777 1825; x_wconf 90' lang='lat' dir='ltr'>antem</span> <span class='ocrx_word' id='word_1_167' title='bbox 794 1766 928 1830; x_wconf 83' lang='lat' dir='ltr'>faucibus</span> <span class='ocrx_word' id='word_1_168' title='bbox 945 1767 1089 1845; x_wconf 84' lang='lat' dir='ltr'>utrimque</span> 
     </span>
     <span class='ocr_line' id='line_1_20' title="bbox 10 1846 1088 1933; baseline -0.003 -21"><span class='ocrx_word' id='word_1_169' title='bbox 10 1866 12 1927; x_wconf 58' lang='lat' dir='ltr'><em>g</em></span> <span class='ocrx_word' id='word_1_170' title='bbox 85 1852 206 1933; x_wconf 88' lang='lat' dir='ltr'>inpositi</span> <span class='ocrx_word' id='word_1_171' title='bbox 221 1860 334 1911; x_wconf 88' lang='lat' dir='ltr'>montes</span> <span class='ocrx_word' id='word_1_172' title='bbox 352 1858 493 1910; x_wconf 86' lang='lat' dir='ltr'>coercent</span> <span class='ocrx_word' id='word_1_173' title='bbox 508 1850 651 1926; x_wconf 86' lang='lat' dir='ltr'>claustra,</span> <span class='ocrx_word' id='word_1_174' title='bbox 673 1848 771 1925; x_wconf 77' lang='lat' dir='ltr'>Abyla</span> <span class='ocrx_word' id='word_1_175' title='bbox 788 1849 924 1924; x_wconf 74' lang='lat' dir='ltr'>Africae,</span> <span class='ocrx_word' id='word_1_176' title='bbox 950 1846 1088 1928; x_wconf 79' lang='lat' dir='ltr'>Europae</span> 
     </span>
     <span class='ocr_line' id='line_1_21' title="bbox 10 1930 1089 2014; baseline -0.001 -21"><span class='ocrx_word' id='word_1_177' title='bbox 10 1956 11 1963; x_wconf 50' lang='lat'>¹</span> <span class='ocrx_word' id='word_1_178' title='bbox 53 1954 76 1994; x_wconf 80' lang='lat' dir='ltr'>ao</span> <span class='ocrx_word' id='word_1_179' title='bbox 86 1934 191 2014; x_wconf 78' lang='lat' dir='ltr'>calpe,</span> <span class='ocrx_word' id='word_1_180' title='bbox 210 1934 341 1995; x_wconf 89' lang='lat' dir='ltr'>laborum</span> <span class='ocrx_word' id='word_1_181' title='bbox 356 1931 490 1995; x_wconf 88' lang='lat' dir='ltr'>Herculis</span> <span class='ocrx_word' id='word_1_182' title='bbox 505 1942 618 2007; x_wconf 86' lang='lat' dir='ltr'>nactae,</span> <span class='ocrx_word' id='word_1_183' title='bbox 647 1950 731 2011; x_wconf 85' lang='lat' dir='ltr'>quam</span> <span class='ocrx_word' id='word_1_184' title='bbox 746 1932 784 1991; x_wconf 93' lang='lat' dir='ltr'>ob</span> <span class='ocrx_word' id='word_1_185' title='bbox 802 1949 918 1993; x_wconf 88' lang='lat' dir='ltr'>causam</span> <span class='ocrx_word' id='word_1_186' title='bbox 934 1930 1089 2009; x_wconf 79' lang='lat' dir='ltr'>indigenae</span> 
     </span>
     <span class='ocr_line' id='line_1_22' title="bbox 86 2012 1089 2094; baseline -0.006 -15"><span class='ocrx_word' id='word_1_187' title='bbox 86 2018 237 2079; x_wconf 85' lang='lat' dir='ltr'>columnas</span> <span class='ocrx_word' id='word_1_188' title='bbox 252 2018 314 2077; x_wconf 87' lang='lat' dir='ltr'>eius</span> <span class='ocrx_word' id='word_1_189' title='bbox 327 2017 375 2078; x_wconf 90' lang='lat' dir='ltr'>dei</span> <span class='ocrx_word' id='word_1_190' title='bbox 384 2012 502 2091; x_wconf 73' lang='lat' dir='ltr'>incant,</span> <span class='ocrx_word' id='word_1_191' title='bbox 517 2016 695 2094; x_wconf 86' lang='lat' dir='ltr'>creduntque</span> <span class='ocrx_word' id='word_1_192' title='bbox 708 2016 859 2093; x_wconf 81' lang='lat' dir='ltr'>perfossas</span> <span class='ocrx_word' id='word_1_193' title='bbox 872 2014 993 2075; x_wconf 81' lang='lat' dir='ltr'>exclusa</span> <span class='ocrx_word' id='word_1_194' title='bbox 1004 2022 1089 2074; x_wconf 86' lang='lat' dir='ltr'>antea</span> 
     </span>
     <span class='ocr_line' id='line_1_23' title="bbox 86 2097 908 2163; baseline -0.011 -2"><span class='ocrx_word' id='word_1_195' title='bbox 86 2101 240 2163; x_wconf 85' lang='lat' dir='ltr'>admisisse</span> <span class='ocrx_word' id='word_1_196' title='bbox 255 2100 344 2160; x_wconf 91' lang='lat' dir='ltr'>maria</span> <span class='ocrx_word' id='word_1_197' title='bbox 361 2107 389 2159; x_wconf 88' lang='lat' dir='ltr'>et</span> <span class='ocrx_word' id='word_1_198' title='bbox 404 2117 501 2159; x_wconf 90' lang='lat' dir='ltr'>rerum</span> <span class='ocrx_word' id='word_1_199' title='bbox 515 2108 635 2158; x_wconf 88' lang='lat' dir='ltr'>naturae</span> <span class='ocrx_word' id='word_1_200' title='bbox 650 2106 778 2157; x_wconf 87' lang='lat' dir='ltr'>mutasse</span> <span class='ocrx_word' id='word_1_201' title='bbox 793 2097 908 2156; x_wconf 79' lang='lat' dir='ltr'>faciem.</span> 
     </span>
     <span class='ocr_line' id='line_1_24' title="bbox 150 2176 1119 2263; baseline -0.012 -19"><span class='ocrx_word' id='word_1_202' title='bbox 150 2185 248 2261; x_wconf 87' lang='lat' dir='ltr'>(Sect.</span> <span class='ocrx_word' id='word_1_203' title='bbox 267 2184 310 2261; x_wconf 91' lang='lat' dir='ltr'>l.)</span> <span class='ocrx_word' id='word_1_204' title='bbox 327 2182 451 2242; x_wconf 88' lang='lat' dir='ltr'>Primum</span> <span class='ocrx_word' id='word_1_205' title='bbox 472 2197 544 2257; x_wconf 86' lang='lat' dir='ltr'>ergo</span> <span class='ocrx_word' id='word_1_206' title='bbox 568 2181 605 2240; x_wconf 89' lang='lat' dir='ltr'>dc</span> <span class='ocrx_word' id='word_1_207' title='bbox 625 2178 744 2263; x_wconf 84' lang='lat' dir='ltr'>Europa</span> <span class='ocrx_word' id='word_1_208' title='bbox 765 2177 868 2237; x_wconf 87' lang='lat' dir='ltr'>altrice</span> <span class='ocrx_word' id='word_1_209' title='bbox 887 2176 1007 2234; x_wconf 82' lang='lat' dir='ltr'>victoris</span> <span class='ocrx_word' id='word_1_210' title='bbox 1029 2192 1119 2250; x_wconf 69' lang='lat' dir='ltr'>tam-5</span> 
     </span>
    </p>
   </div>
   <div class='ocr_carea' id='block_1_3' title="bbox 85 2257 1206 2343">
    <p class='ocr_par' dir='ltr' id='par_1_3' title="bbox 85 2257 1206 2343">
     <span class='ocr_line' id='line_1_25' title="bbox 85 2257 1206 2343; baseline -0.012 -16"><span class='ocrx_word' id='word_1_211' title='bbox 85 2268 163 2327; x_wconf 92' lang='lat' dir='ltr'>nium</span> <span class='ocrx_word' id='word_1_212' title='bbox 178 2266 306 2343; x_wconf 80' lang='lat' dir='ltr'>gentium</span> <span class='ocrx_word' id='word_1_213' title='bbox 321 2265 422 2343; x_wconf 90' lang='lat' dir='ltr'>populi</span> <span class='ocrx_word' id='word_1_214' title='bbox 438 2265 587 2340; x_wconf 82' lang='lat' dir='ltr'>longeque</span> <span class='ocrx_word' id='word_1_215' title='bbox 608 2270 748 2320; x_wconf 87' lang='lat' dir='ltr'>terrarum</span> <span class='ocrx_word' id='word_1_216' title='bbox 770 2257 981 2336; x_wconf 89' lang='lat' dir='ltr'>pulcherrima,</span> <span class='ocrx_word' id='word_1_217' title='bbox 1004 2274 1089 2335; x_wconf 63' lang='lat' dir='ltr'>mam</span> <span class='ocrx_word' id='word_1_218' title='bbox 1203 2319 1206 2325; x_wconf 21' lang='lat'><em>4</em></span> 
     </span>
    </p>
   </div>
   <div class='ocr_carea' id='block_1_4' title="bbox 10 2342 1125 3502">
    <p class='ocr_par' dir='ltr' id='par_1_4' title="bbox 10 2342 1125 3502">
     <span class='ocr_line' id='line_1_26' title="bbox 10 2342 1088 2447; baseline -0.006 -42"><span class='ocrx_word' id='word_1_219' title='bbox 10 2342 12 2447; x_wconf 61' lang='lat' dir='ltr'>l</span> <span class='ocrx_word' id='word_1_220' title='bbox 53 2365 77 2405; x_wconf 78' lang='lat' dir='ltr'>aa</span> <span class='ocrx_word' id='word_1_221' title='bbox 87 2350 224 2429; x_wconf 88' lang='lat' dir='ltr'>plerique</span> <span class='ocrx_word' id='word_1_222' title='bbox 239 2349 341 2407; x_wconf 89' lang='lat' dir='ltr'>merito</span> <span class='ocrx_word' id='word_1_223' title='bbox 357 2365 414 2408; x_wconf 89' lang='lat' dir='ltr'>non</span> <span class='ocrx_word' id='word_1_224' title='bbox 428 2345 718 2424; x_wconf 86' lang='lat' dir='ltr'>tertiamportionem</span> <span class='ocrx_word' id='word_1_225' title='bbox 729 2342 831 2402; x_wconf 88' lang='lat' dir='ltr'>iecere</span> <span class='ocrx_word' id='word_1_226' title='bbox 845 2358 944 2400; x_wconf 88' lang='lat' dir='ltr'>verum</span> <span class='ocrx_word' id='word_1_227' title='bbox 955 2356 1088 2418; x_wconf 90' lang='lat' dir='ltr'>aequam,</span> 
     </span>
     <span class='ocr_line' id='line_1_27' title="bbox 10 2424 1089 2525; baseline -0.012 -31"><span class='ocrx_word' id='word_1_228' title='bbox 10 2466 11 2525; x_wconf 66' lang='lat' dir='ltr'>p</span> <span class='ocrx_word' id='word_1_229' title='bbox 86 2435 115 2493; x_wconf 92' lang='lat' dir='ltr'>in</span> <span class='ocrx_word' id='word_1_230' title='bbox 131 2433 205 2493; x_wconf 90' lang='lat' dir='ltr'>duas</span> <span class='ocrx_word' id='word_1_231' title='bbox 221 2432 312 2508; x_wconf 89' lang='lat' dir='ltr'>partis</span> <span class='ocrx_word' id='word_1_232' title='bbox 337 2430 373 2490; x_wconf 92' lang='lat' dir='ltr'>ab</span> <span class='ocrx_word' id='word_1_233' title='bbox 388 2448 471 2492; x_wconf 90' lang='lat' dir='ltr'>amne</span> <span class='ocrx_word' id='word_1_234' title='bbox 487 2427 575 2489; x_wconf 86' lang='lat' dir='ltr'>Tanai</span> <span class='ocrx_word' id='word_1_235' title='bbox 595 2426 632 2487; x_wconf 89' lang='lat' dir='ltr'>ad</span> <span class='ocrx_word' id='word_1_236' title='bbox 648 2425 816 2487; x_wconf 84' lang='lat' dir='ltr'>Gaditanum</span> <span class='ocrx_word' id='word_1_237' title='bbox 830 2424 937 2484; x_wconf 78' lang='lat' dir='ltr'>fretum</span> <span class='ocrx_word' id='word_1_238' title='bbox 952 2424 1089 2483; x_wconf 82' lang='lat' dir='ltr'>universo</span> 
     </span>
     <span class='ocr_line' id='line_1_28' title="bbox 10 2506 1090 2590; baseline -0.011 -14"><span class='ocrx_word' id='word_1_239' title='bbox 10 2534 12 2559; x_wconf 88' lang='lat'><em>·</em></span> <span class='ocrx_word' id='word_1_240' title='bbox 87 2514 162 2575; x_wconf 91' lang='lat' dir='ltr'>orbe</span> <span class='ocrx_word' id='word_1_241' title='bbox 187 2514 292 2573; x_wconf 85' lang='lat' dir='ltr'>diviso.</span> <span class='ocrx_word' id='word_1_242' title='bbox 325 2511 459 2573; x_wconf 88' lang='lat' dir='ltr'>Oceanus</span> <span class='ocrx_word' id='word_1_243' title='bbox 480 2530 497 2572; x_wconf 90' lang='lat' dir='ltr'>a</span> <span class='ocrx_word' id='word_1_244' title='bbox 519 2528 577 2590; x_wconf 87' lang='lat' dir='ltr'>quo</span> <span class='ocrx_word' id='word_1_245' title='bbox 600 2510 708 2571; x_wconf 90' lang='lat' dir='ltr'>dictum</span> <span class='ocrx_word' id='word_1_246' title='bbox 730 2518 776 2569; x_wconf 89' lang='lat' dir='ltr'>est</span> <span class='ocrx_word' id='word_1_247' title='bbox 796 2509 890 2587; x_wconf 89' lang='lat' dir='ltr'>spatio</span> <span class='ocrx_word' id='word_1_248' title='bbox 913 2506 1090 2566; x_wconf 78' lang='lat' dir='ltr'>Atlanticum</span> 
     </span>
     <span class='ocr_line' id='line_1_29' title="bbox 10 2570 1090 2677; baseline -0.011 -19"><span class='ocrx_word' id='word_1_249' title='bbox 10 2570 13 2677; x_wconf 78' lang='lat' dir='ltr'>l</span> <span class='ocrx_word' id='word_1_250' title='bbox 87 2614 167 2657; x_wconf 87' lang='lat' dir='ltr'>marc</span> <span class='ocrx_word' id='word_1_251' title='bbox 183 2594 337 2655; x_wconf 86' lang='lat' dir='ltr'>infundens</span> <span class='ocrx_word' id='word_1_252' title='bbox 350 2605 384 2655; x_wconf 87' lang='lat' dir='ltr'>et</span> <span class='ocrx_word' id='word_1_253' title='bbox 399 2596 483 2657; x_wconf 85' lang='lat' dir='ltr'>avido</span> <span class='ocrx_word' id='word_1_254' title='bbox 498 2602 593 2654; x_wconf 87' lang='lat' dir='ltr'>meatu</span> <span class='ocrx_word' id='word_1_255' title='bbox 610 2602 705 2653; x_wconf 84' lang='lat' dir='ltr'>terras</span> <span class='ocrx_word' id='word_1_256' title='bbox 720 2608 911 2670; x_wconf 87' lang='lat' dir='ltr'>quaecunque</span> <span class='ocrx_word' id='word_1_257' title='bbox 925 2590 1090 2648; x_wconf 89' lang='lat' dir='ltr'>venientem</span> 
     </span>
     <span class='ocr_line' id='line_1_30' title="bbox 10 2672 1091 2758; baseline -0.011 -19"><span class='ocrx_word' id='word_1_258' title='bbox 10 2694 11 2739; x_wconf 81' lang='lat' dir='ltr'>t</span> <span class='ocrx_word' id='word_1_259' title='bbox 89 2696 238 2758; x_wconf 83' lang='lat' dir='ltr'>expavere</span> <span class='ocrx_word' id='word_1_260' title='bbox 273 2677 447 2755; x_wconf 84' lang='lat' dir='ltr'>demergens</span> <span class='ocrx_word' id='word_1_261' title='bbox 475 2678 640 2737; x_wconf 89' lang='lat' dir='ltr'>resistentis</span> <span class='ocrx_word' id='word_1_262' title='bbox 666 2691 783 2754; x_wconf 85' lang='lat' dir='ltr'>quoque</span> <span class='ocrx_word' id='word_1_263' title='bbox 811 2674 947 2734; x_wconf 82' lang='lat' dir='ltr'>flexuoso</span> <span class='ocrx_word' id='word_1_264' title='bbox 974 2672 1091 2730; x_wconf 89' lang='lat' dir='ltr'>litorum</span> 
     </span>
     <span class='ocr_line' id='line_1_31' title="bbox 55 2751 1090 2838; baseline -0.008 -21"><span class='ocrx_word' id='word_1_265' title='bbox 55 2762 231 2824; x_wconf 76' lang='lat' dir='ltr'>oamosctu</span> <span class='ocrx_word' id='word_1_266' title='bbox 253 2759 368 2836; x_wconf 80' lang='lat' dir='ltr'>lambit,</span> <span class='ocrx_word' id='word_1_267' title='bbox 394 2762 540 2838; x_wconf 89' lang='lat' dir='ltr'>Europam</span> <span class='ocrx_word' id='word_1_268' title='bbox 564 2759 613 2819; x_wconf 91' lang='lat' dir='ltr'>vel</span> <span class='ocrx_word' id='word_1_269' title='bbox 634 2775 766 2817; x_wconf 77' lang='lat' dir='ltr'>maxume</span> <span class='ocrx_word' id='word_1_270' title='bbox 787 2753 956 2815; x_wconf 87' lang='lat' dir='ltr'>recessibus</span> <span class='ocrx_word' id='word_1_271' title='bbox 977 2751 1090 2812; x_wconf 85' lang='lat' dir='ltr'>crebris</span> 
     </span>
     <span class='ocr_line' id='line_1_32' title="bbox 88 2836 1091 2922; baseline -0.015 -17"><span class='ocrx_word' id='word_1_272' title='bbox 88 2861 248 2918; x_wconf 85' lang='lat' dir='ltr'>excavans,</span> <span class='ocrx_word' id='word_1_273' title='bbox 265 2843 319 2902; x_wconf 89' lang='lat' dir='ltr'>sed</span> <span class='ocrx_word' id='word_1_274' title='bbox 333 2845 362 2903; x_wconf 88' lang='lat' dir='ltr'>in</span> <span class='ocrx_word' id='word_1_275' title='bbox 377 2854 510 2922; x_wconf 88' lang='lat' dir='ltr'>quattuor</span> <span class='ocrx_word' id='word_1_276' title='bbox 521 2842 699 2919; x_wconf 90' lang='lat' dir='ltr'>praecipuos</span> <span class='ocrx_word' id='word_1_277' title='bbox 715 2842 804 2914; x_wconf 91' lang='lat' dir='ltr'>sinus,</span> <span class='ocrx_word' id='word_1_278' title='bbox 821 2853 942 2916; x_wconf 83' lang='lat' dir='ltr'>quorum</span> <span class='ocrx_word' id='word_1_279' title='bbox 955 2836 1091 2911; x_wconf 88' lang='lat' dir='ltr'>primusa</span> 
     </span>
     <span class='ocr_line' id='line_1_33' title="bbox 89 2915 1091 3004; baseline -0.013 -17"><span class='ocrx_word' id='word_1_280' title='bbox 89 2926 181 3004; x_wconf 87' lang='lat' dir='ltr'>Calpe</span> <span class='ocrx_word' id='word_1_281' title='bbox 193 2924 350 3004; x_wconf 85' lang='lat' dir='ltr'>Hispaniae</span> <span class='ocrx_word' id='word_1_282' title='bbox 366 2935 481 2987; x_wconf 85' lang='lat' dir='ltr'>extumo</span> <span class='ocrx_word' id='word_1_283' title='bbox 497 2926 543 3002; x_wconf 88' lang='lat' dir='ltr'>(ut</span> <span class='ocrx_word' id='word_1_284' title='bbox 560 2923 742 2998; x_wconf 88' lang='lat' dir='ltr'>dictumest)</span> <span class='ocrx_word' id='word_1_285' title='bbox 759 2928 856 2979; x_wconf 92' lang='lat' dir='ltr'>monte</span> <span class='ocrx_word' id='word_1_286' title='bbox 871 2918 993 2992; x_wconf 81' lang='lat' dir='ltr'>Locros,</span> <span class='ocrx_word' id='word_1_287' title='bbox 1009 2915 1091 2975; x_wconf 88' lang='lat' dir='ltr'>Brut·</span> 
     </span>
     <span class='ocr_line' id='line_1_34' title="bbox 87 3001 938 3087; baseline -0.018 -16"><span class='ocrx_word' id='word_1_288' title='bbox 87 3012 157 3071; x_wconf 91' lang='lat' dir='ltr'>tium</span> <span class='ocrx_word' id='word_1_289' title='bbox 173 3018 267 3087; x_wconf 86' lang='lat' dir='ltr'>usque</span> <span class='ocrx_word' id='word_1_290' title='bbox 283 3011 519 3087; x_wconf 90' lang='lat' dir='ltr'>promontorium,</span> <span class='ocrx_word' id='word_1_291' title='bbox 534 3008 665 3067; x_wconf 89' lang='lat' dir='ltr'>inmenso</span> <span class='ocrx_word' id='word_1_292' title='bbox 680 3003 788 3065; x_wconf 87' lang='lat' dir='ltr'>ambitu</span> <span class='ocrx_word' id='word_1_293' title='bbox 803 3001 938 3060; x_wconf 84' lang='lat' dir='ltr'>flectitur.</span> 
     </span>
     <span class='ocr_line' id='line_1_35' title="bbox 154 3080 1124 3171; baseline -0.014 -18"><span class='ocrx_word' id='word_1_294' title='bbox 154 3091 218 3171; x_wconf 81' lang='lat'>(2.)</span> <span class='ocrx_word' id='word_1_295' title='bbox 235 3090 268 3151; x_wconf 93' lang='lat' dir='ltr'>ln</span> <span class='ocrx_word' id='word_1_296' title='bbox 283 3109 320 3151; x_wconf 90' lang='lat' dir='ltr'>eo</span> <span class='ocrx_word' id='word_1_297' title='bbox 337 3094 428 3169; x_wconf 88' lang='lat' dir='ltr'>prima</span> <span class='ocrx_word' id='word_1_298' title='bbox 442 3091 580 3169; x_wconf 88' lang='lat' dir='ltr'>Hispania</span> <span class='ocrx_word' id='word_1_299' title='bbox 594 3097 736 3147; x_wconf 89' lang='lat' dir='ltr'>terrarum</span> <span class='ocrx_word' id='word_1_300' title='bbox 760 3092 822 3158; x_wconf 88' lang='lat' dir='ltr'>est,</span> <span class='ocrx_word' id='word_1_301' title='bbox 845 3082 968 3143; x_wconf 88' lang='lat' dir='ltr'>ulterlor</span> <span class='ocrx_word' id='word_1_302' title='bbox 990 3080 1124 3159; x_wconf 77' lang='lat' dir='ltr'>appel-6</span> 
     </span>
     <span class='ocr_line' id='line_1_36' title="bbox 10 3164 1091 3297; baseline -0.01 -61"><span class='ocrx_word' id='word_1_303' title='bbox 10 3170 14 3297; x_wconf 61' lang='lat' dir='ltr'>p</span> <span class='ocrx_word' id='word_1_304' title='bbox 54 3176 147 3235; x_wconf 74' lang='lat' dir='ltr'>alata</span> <span class='ocrx_word' id='word_1_305' title='bbox 162 3175 266 3235; x_wconf 90' lang='lat' dir='ltr'>eadem</span> <span class='ocrx_word' id='word_1_306' title='bbox 282 3174 411 3247; x_wconf 87' lang='lat' dir='ltr'>Baetica,</span> <span class='ocrx_word' id='word_1_307' title='bbox 438 3176 507 3233; x_wconf 85' lang='lat' dir='ltr'>m&#39;ox</span> <span class='ocrx_word' id='word_1_308' title='bbox 524 3191 540 3233; x_wconf 90' lang='lat' dir='ltr'>a</span> <span class='ocrx_word' id='word_1_309' title='bbox 561 3171 617 3231; x_wconf 88' lang='lat' dir='ltr'>line</span> <span class='ocrx_word' id='word_1_310' title='bbox 632 3170 773 3246; x_wconf 75' lang='lat' dir='ltr'>Urgitano</span> <span class='ocrx_word' id='word_1_311' title='bbox 795 3167 913 3227; x_wconf 85' lang='lat' dir='ltr'>citerior</span> <span class='ocrx_word' id='word_1_312' title='bbox 929 3164 1091 3241; x_wconf 87' lang='lat' dir='ltr'>eademque</span> 
     </span>
     <span class='ocr_line' id='line_1_37' title="bbox 10 3246 1091 3331; baseline -0.017 -11"><span class='ocrx_word' id='word_1_313' title='bbox 10 3308 11 3311; x_wconf 63' lang='lat'>,</span> <span class='ocrx_word' id='word_1_314' title='bbox 90 3258 321 3319; x_wconf 81' lang='lat' dir='ltr'>Tarraconensis</span> <span class='ocrx_word' id='word_1_315' title='bbox 337 3256 374 3315; x_wconf 90' lang='lat' dir='ltr'>ad</span> <span class='ocrx_word' id='word_1_316' title='bbox 387 3256 530 3331; x_wconf 81' lang='lat' dir='ltr'>Pyrenaei</span> <span class='ocrx_word' id='word_1_317' title='bbox 546 3256 622 3331; x_wconf 74' lang='lat' dir='ltr'>iuga.</span> <span class='ocrx_word' id='word_1_318' title='bbox 655 3252 784 3313; x_wconf 90' lang='lat' dir='ltr'>Ulterior</span> <span class='ocrx_word' id='word_1_319' title='bbox 798 3251 828 3307; x_wconf 91' lang='lat' dir='ltr'>in</span> <span class='ocrx_word' id='word_1_320' title='bbox 842 3250 913 3309; x_wconf 88' lang='lat' dir='ltr'>duas</span> <span class='ocrx_word' id='word_1_321' title='bbox 929 3265 983 3326; x_wconf 91' lang='lat' dir='ltr'>per</span> <span class='ocrx_word' id='word_1_322' title='bbox 997 3246 1091 3321; x_wconf 82' lang='lat' dir='ltr'>longi·</span> 
     </span>
     <span class='ocr_line' id='line_1_38' title="bbox 10 3332 1125 3422; baseline -0.016 -20"><span class='ocrx_word' id='word_1_323' title='bbox 10 3388 11 3391; x_wconf 63' lang='lat'>,</span> <span class='ocrx_word' id='word_1_324' title='bbox 88 3340 218 3401; x_wconf 90' lang='lat' dir='ltr'>tudinem</span> <span class='ocrx_word' id='word_1_325' title='bbox 229 3339 395 3417; x_wconf 86' lang='lat' dir='ltr'>provincias</span> <span class='ocrx_word' id='word_1_326' title='bbox 407 3337 551 3412; x_wconf 88' lang='lat' dir='ltr'>dividitur,</span> <span class='ocrx_word' id='word_1_327' title='bbox 566 3336 709 3415; x_wconf 88' lang='lat' dir='ltr'>siquidem</span> <span class='ocrx_word' id='word_1_328' title='bbox 719 3333 856 3394; x_wconf 88' lang='lat' dir='ltr'>Baeticae</span> <span class='ocrx_word' id='word_1_329' title='bbox 868 3332 962 3391; x_wconf 86' lang='lat' dir='ltr'>lutere</span> <span class='ocrx_word' id='word_1_330' title='bbox 975 3335 1092 3422; x_wconf 83' lang='lat' dir='ltr'>septen·</span> <span class='ocrx_word' id='word_1_331' title='bbox 1122 3343 1125 3346; x_wconf 59' lang='lat'>‘</span> 
     </span>
     <span class='ocr_line' id='line_1_39' title="bbox 89 3409 1093 3502; baseline -0.019 -16"><span class='ocrx_word' id='word_1_332' title='bbox 89 3423 206 3487; x_wconf 90' lang='lat' dir='ltr'>triouali</span> <span class='ocrx_word' id='word_1_333' title='bbox 222 3422 422 3502; x_wconf 86' lang='lat' dir='ltr'>praetenditur</span> <span class='ocrx_word' id='word_1_334' title='bbox 438 3418 581 3485; x_wconf 81' lang='lat' dir='ltr'>Lusitania</span> <span class='ocrx_word' id='word_1_335' title='bbox 598 3435 682 3481; x_wconf 83' lang='lat' dir='ltr'>arnna</span> <span class='ocrx_word' id='word_1_336' title='bbox 697 3416 763 3479; x_wconf 88' lang='lat' dir='ltr'>Ana</span> <span class='ocrx_word' id='word_1_337' title='bbox 780 3416 918 3477; x_wconf 83' lang='lat' dir='ltr'>discreta.</span> <span class='ocrx_word' id='word_1_338' title='bbox 945 3420 1025 3471; x_wconf 87' lang='lat' dir='ltr'>ortus</span> <span class='ocrx_word' id='word_1_339' title='bbox 1046 3409 1093 3469; x_wconf 87' lang='lat' dir='ltr'>luc</span> 
     </span>
    </p>
   </div>
   <div class='ocr_carea' id='block_1_5' title="bbox 0 0 1283 3842">
    <p class='ocr_par' dir='ltr' id='par_1_5' title="bbox 0 0 1283 3842">
     <span class='ocr_line' id='line_1_40' title="bbox 0 0 1283 3842; baseline 0 0"><span class='ocrx_word' id='word_1_340' title='bbox 0 0 1283 3842; x_wconf 95' lang='lat' dir='ltr'> </span> 
     </span>
    </p>
   </div>
  </div>
 </body>
</html>
