2542 3842
324 173 404 222 nau.
419 171 509 221 mer.
524 172 562 221 11.
584 167 705 225 so-nt
722 158 872 245 (at-m.)
1007 161 1013 169 ’
1078 161 1119 226 83
1176 151 1180 157 ’

181 321 267 404 (33.)
292 324 378 387 Circa
401 326 494 387 solem
518 342 604 386 arcus
624 324 758 402 adparuit
776 315 938 404 neptuno
962 326 998 400 Q.
1015 326 1118 402 lininio,

119 409 200 554 arbi?
215 408 246 473 t.
265 409 370 471 Porcio
386 406 436 471 Μ’.
452 408 567 486 Acilio,
584 408 711 469 circulus
724 406 805 469 rubri
821 409 930 471 colosis
945 410 977 473 t.
996 411 1069 475 lulio
1085 412 1118 475 Ρ.

147 494 185 552 uti
198 492 227 553 io
244 510 321 554 coss.

180 575 231 637 30.
256 577 341 661 (30.)
365 575 449 637 Fiunt
470 572 635 655 prodigiosi
656 582 686 635 et
706 573 858 651 longiores
879 575 951 637 solis
973 577 1119 653 deiectus,

97 658 213 741 equalis
240 659 341 719 occiso
367 660 509 720 dictatore
528 657 658 721 Caesare
683 665 714 719 et
737 657 902 721 Antoniano
926 658 1007 722 bello
1031 662 1119 723 totius

119 761 214 824 paene
232 744 299 805 auni
317 743 430 821 pallore
449 744 594 803 continno.

184 828 234 889 31.
253 823 339 907 (31.)
360 824 398 887 Et
419 840 517 887 mtrem
540 825 640 905 plures
662 824 744 885 soles
763 823 847 886 simul
871 833 1040 901 cernuntur,
1062 833 1161 891 n0099

121 928 209 991 supra
225 910 319 990 ipsum
333 928 390 971 uec
404 909 494 986 inira,
520 908 573 971 sed
590 927 629 971 ex
646 908 785 986 obliquo,
804 922 956 987 numquam
971 910 1049 970 iuxta
1065 926 1121 969 nec

114 1004 220 1077 ⁴contra
236 1003 343 1054 terram
360 1010 415 1055 nec
430 1002 533 1067 noctu,
551 993 604 1053 sed
619 1001 667 1052 aut
682 994 795 1053 oriente
810 1002 859 1053 aut
873 993 1038 1055 occidente.
1066 993 1119 1052 Se·

87 1098 112 1140 so
122 1077 180 1146 mel
195 1086 225 1137 et
239 1077 360 1137 meridie
376 1077 530 1155 conspecti
552 1077 579 1135 in
594 1075 730 1154 Bosporo
746 1076 920 1153 produntur,
944 1077 993 1155 qui
1010 1075 1046 1138 ab
1061 1091 1120 1137 nra·

120 1162 210 1223 totino
226 1169 359 1238 tempore
375 1161 551 1221 duraverunt
567 1160 596 1219 in
611 1175 757 1220 oceasum.
790 1158 895 1219 Trinos
915 1160 996 1219 soles
1010 1159 1121 1237 antiqui

119 1244 380 1391 tfftttttttr
393 1239 1122 1403 tttttt.ittttttltttttl.titttt

121 1427 211 1487 coss,
230 1420 261 1471 et
277 1419 376 1471 nostra
391 1418 473 1470 aetas
489 1408 560 1469 vidit
576 1408 643 1469 divo
659 1404 780 1469 claudio
797 1409 946 1487 principe,
970 1406 1120 1469 consulatu

88 1494 185 1559 ateius
213 1491 352 1555 Cornelio
375 1492 467 1554 Orlito
492 1492 617 1569 collega.
648 1491 750 1570 plures
771 1509 856 1572 quam
876 1501 938 1553 tres
958 1491 1042 1553 simul
1064 1490 1121 1550 visi

120 1576 229 1639 adhoc
245 1578 311 1637 aevi
324 1592 474 1655 numquam
489 1576 657 1655 produntur.

183 1659 234 1722 32.
252 1660 337 1739 (32.)
348 1659 444 1721 Lunae
457 1676 572 1739 qnoque
589 1660 698 1739 trinae,
715 1666 746 1719 ut
761 1655 814 1718 (ln.
826 1657 953 1720 Domitio
965 1656 997 1720 C.
1010 1654 1121 1719 Fannio
1219 1702 1223 1710 .

121 1743 306 1818 consulibus,
332 1742 505 1821 adparuere.

183 1826 234 1888 33.
251 1827 335 1906 (33.)
352 1824 437 1899 Quod
453 1823 585 1904 plerique
601 1823 824 1903 appellaverunt
839 1825 920 1887 soles
932 1832 1100 1898 nocturnos,
1115 1831 1164 1884 100

86 1934 112 1975 ao
122 1910 219 1971 lumen
234 1910 271 1971 de
288 1909 372 1971 caelo
390 1917 476 1969 noctu
492 1909 584 1968 visum
602 1905 692 1967 estc·
706 1906 836 1972 Caecilio
852 1908 904 1971 Cu.
922 1909 1036 1987 Papirio
1053 1921 1121 1970 con·

121 1994 232 2055 nulibus
248 2002 278 2053 et
293 2010 384 2071 saepe
402 1992 485 2068 alins,
501 2000 531 2051 ut
546 1991 604 2051 diei
621 1992 741 2069 species
758 2000 845 2053 noete
863 1993 985 2053 luceret.

183 2077 234 2139 34.
252 2076 336 2155 (34.)
353 2073 474 2152 Clipeos
497 2074 603 2135 ardens
620 2073 657 2132 ab
681 2091 790 2136 occasu
805 2076 949 2135 adortum
964 2073 1123 2133 scintillans

121 2160 329 2223 transcucurrit
345 2158 417 2219 solis
432 2172 541 2217 occasu
555 2156 587 2215 L.
603 2155 724 2215 Valerio
742 2154 778 2217 0.
794 2155 885 2215 llario
902 2156 1080 2215 consulibus.

186 2244 238 2303 35.
258 2242 342 2320 (35.)
359 2240 518 2303 Scintillam
534 2256 551 2299 e
568 2236 655 2297 stella
672 2238 826 2297 caderent
842 2238 1055 2314 augeriterrae
1073 2236 1122 2296 ad·

84 2346 112 2387 rs
123 2327 364 2405 propinquantem
380 2342 431 2400 ac,
447 2331 601 2402 postquam
617 2319 702 2379 lunae
716 2320 910 2397 magnitudine
926 2319 1003 2380 lacta
1019 2318 1064 2393 sit,
1083 2318 1123 2376 in·

123 2410 235 2469 luxisse
252 2426 307 2468 ceu
328 2406 426 2468 nubilo
448 2406 513 2483 die,
541 2404 626 2478 dein,
648 2421 713 2465 oum
733 2405 762 2463 in
779 2404 891 2465 caelum
908 2410 949 2463 se*
962 2403 1123 2481 reciperet,

122 2491 288 2571 lampadem
312 2490 418 2568 factam
440 2489 533 2551 semel
557 2505 689 2566 umquam
712 2488 842 2567 proditur
866 2487 918 2550 (ln.
943 2486 1065 2549 Octavio
1089 2483 1122 2545 O.

122 2576 280 2637 Scribonio
302 2573 479 2637 consulibus.
505 2574 575 2635 vidit
594 2573 624 2633 id
639 2572 754 2633 Silanus
774 2572 934 2651 proconsul
955 2589 1021 2631 cunr
1035 2570 1123 2631 comi-

113 2668 183 2719 -tatn
199 2675 262 2719 suo.
1054 2672 1059 2682 ·

85 2760 112 2803 no
183 2742 233 2803 36.
253 2740 338 2819 (36.)
354 2738 432 2801 Fieri
448 2740 581 2802 videntur
598 2748 628 2799 et
645 2738 793 2798 discursus
808 2737 957 2799 stellarum
972 2750 1124 2812 numquam

119 2832 245 2899 temere,
265 2832 294 2883 nt
310 2841 367 2883 non
385 2840 423 2883 ex
439 2839 473 2883 ea
490 2832 571 2901 parte
587 2831 686 2883 truces
703 2820 782 2881 venti
797 2820 972 2881 coorientur.

185 2906 236 2967 37.
254 2906 338 2984 (37.)
354 2905 504 2965 Exsistunt
518 2905 623 2964 stellae
637 2906 706 2962 etin
716 2904 787 2963 mari
798 2903 952 2979 terrisque.
975 2897 1042 2957 Vidi
1052 2914 1103 2957 no·
1116 2909 1165 2961 101

120 2990 231 3050 etnrnis
257 2989 376 3049 militum
402 2989 511 3067 vigiliis
532 2986 687 3049 inhaerere
713 2985 781 3064 pilis
802 3000 856 3062 pro
877 2982 957 3043 vallo
979 2978 1124 3058 fulgorem

121 3072 224 3151 effigie
241 3090 295 3147 ea,
312 3082 341 3133 et
356 3074 497 3135 antemnis
511 3071 705 3147 novigentium
720 3068 842 3145 aliisque
859 3067 973 3139 navium
990 3064 1122 3146 partibus

85 3178 112 3220 as
122 3174 177 3216 ceu
193 3156 290 3217 vocali
308 3157 432 3237 quodam
446 3170 519 3215 sono
535 3153 667 3213 insistunt
682 3160 712 3211 ut
725 3148 863 3209 volucres
879 3151 980 3211 sedem
996 3167 1034 3210 ex
1050 3146 1123 3207 sede

120 3246 281 3315 mutantes,
298 3256 424 3316 graves,
442 3254 505 3298 cum
524 3236 670 3297 solitariae
688 3250 814 3308 venere,
832 3243 1056 3311 mergentesque
1074 3244 1123 3288 na*

120 3322 217 3398 rigia,
240 3329 271 3380 et
294 3323 321 3383 si
335 3322 366 3381 in
381 3321 496 3382 carinae
512 3321 566 3380 ima
588 3319 767 3393 deciderint,
791 3325 964 3390 exurentes,
988 3313 1124 3391 geminae

121 3413 217 3467 summ
233 3404 380 3471 salutares
395 3413 425 3464 et
439 3398 575 3483 prosperi
591 3419 693 3463 cursus
708 3401 840 3476 nuntiae,
863 3415 983 3480 quarum
1000 3394 1126 3455 adventu
