2542 3842
289 155 370 204 uss.
387 151 478 200 ausu.
495 151 556 200 x11.
576 113 697 203 16417.
717 133 867 220 (da—40.)
1024 137 1083 203 221

21 339 26 378 i
67 315 166 376 cium.
184 311 213 372 id
225 307 304 390 quod
314 319 460 370 terrenum
469 315 514 367 est
527 304 653 380 friabile,
664 306 809 366 laeticiam
821 306 939 368 lentum.
954 303 1019 367 Nec
1029 323 1087 368 uon
1094 315 1129 371 te

21 417 26 464 t
65 398 217 459 fruticem
238 412 306 454 esse
332 393 430 454 dicum
450 393 479 452 in
499 388 650 454 Carmania
672 398 702 448 et
726 408 816 468 super
840 389 1006 468 Aegyptum
1032 409 1092 468 per·

21 509 27 548 1
66 481 268 543 Ptolemaeos
280 477 392 548 tralatis
404 475 509 555 plantis
520 484 585 550 aut,
601 483 632 533 ut
642 473 707 549 alii,
720 473 920 552 degenerante
929 473 961 534 in
971 474 1001 532 id
1015 476 1086 536 turis

21 577 24 633 t
69 565 206 637 arbore,
224 561 384 640 colligique
400 569 431 620 ut
445 559 576 620 cummim
591 558 685 618 inciso
701 561 823 637 cortice,
836 567 866 618 et
881 559 1006 634 caprinis
1022 559 1085 636 pel·

40 671 58 712 n
75 649 162 710 libus
181 645 288 726 excipi.
319 645 412 722 pretia
433 651 498 702 sont
514 640 712 703 laudatissimo
727 643 756 702 in
771 642 861 704 libras
877 659 960 701 asses
975 656 1085 704 xxxx.

21 765 24 802 i
71 733 263 794 adulteratur
284 729 369 803 myrti
391 727 473 788 bacis
495 736 525 787 et
548 726 612 788 aliis
628 726 790 787 animalium
804 725 948 787 sordibus.
978 725 1087 790 sinceri
1134 779 1138 786 .

21 829 25 888 ι
72 817 156 878 oder
173 831 242 878 esse
262 812 351 876 debet
367 812 446 872 ferus
459 819 491 874 et
509 809 720 888 quodammodo
736 810 921 873 solitudinem
935 808 1084 884 redolens,

73 902 178 978 ipsum
192 898 256 958 visu
269 896 387 975 aridum,
403 904 480 955 tactu
497 895 592 956 statim
601 894 789 971 mollescere,
802 911 958 960 accensum
970 892 1085 970 fulgere

21 1017 24 1060 Ι
77 983 177 1044 odore
193 980 334 1055 ineundo,
351 980 442 1056 gravi.
476 987 628 1054 myrtatum
643 979 886 1056 deprehenditur,
904 978 1086 1056 crepitatque

21 1071 66 1142 iso
76 1069 109 1128 in
124 1065 197 1142 igni.
230 1073 385 1142 praeterea
400 1064 515 1124 sincero
531 1061 636 1126 calculi
651 1063 748 1141 potius
763 1081 781 1122 e
795 1062 914 1140 rupibus
936 1060 1086 1122 inhaerent

21 1189 24 1228 q
102 1167 170 1210 nam
185 1148 291 1226 pulvis.
702 1167 704 1171 ·
787 1166 789 1169 ·
1069 1169 1095 1230 x·

21 1275 24 1312 ,
80 1169 100 1228 q
147 1231 233 1310 (38.)
254 1231 287 1290 ln
301 1230 408 1292 Arabia
419 1239 449 1292 et
464 1229 531 1290 olea
542 1228 655 1290 dotatur
669 1230 805 1305 lacrima,
821 1248 878 1308 qua
892 1229 1084 1292 medicamen·
1094 1237 1127 1294 77

21 1343 24 1398 q
79 1326 142 1378 tum
154 1315 306 1376 coniicitur
321 1311 441 1376 Graecis
457 1315 617 1378 enhaemon
628 1314 735 1374 dictum
744 1313 882 1390 singulari
898 1313 1005 1374 effectu
1017 1332 1084 1374 con·

21 1441 24 1482 ,
79 1399 231 1462 trahendis
253 1398 405 1459 volnerum
425 1397 618 1458 cicatricibus.
656 1399 685 1456 in
705 1397 851 1457 maritimis
873 1397 939 1463 bae.
952 1397 1086 1458 {luctibus

21 1509 23 1566 t
40 1501 71 1544 15
83 1493 227 1560 aestuque
246 1483 431 1560 operiuntur,
454 1500 510 1542 nec
523 1480 616 1542 bacae
631 1491 770 1557 nocetur,
786 1499 851 1542 cum
866 1490 981 1543 constet
996 1483 1025 1541 in
1039 1481 1084 1541 lo·

83 1568 132 1627 liis
151 1567 243 1626 salem
259 1566 391 1644 relinqui.
833 1619 836 1630 .

148 1649 230 1726 llaec
250 1659 315 1710 sunt
331 1649 490 1728 peculiaria
506 1649 649 1732 Arabiae,
673 1658 703 1708 et
723 1667 817 1728 pauca
831 1658 987 1727 praeterea
1009 1658 1130 1715 conae

83 1735 179 1801 munia
193 1733 262 1796 alibi
277 1733 417 1810 dicenda,
433 1735 567 1814 quoniam
582 1735 611 1794 in
625 1733 661 1794 iis
672 1734 803 1796 vincitur.
833 1735 1007 1812 peregrinos
1023 1736 1088 1812 ipse

84 1819 157 1880 mire
177 1819 286 1878 odores
310 1817 396 1878 etad
419 1828 539 1881 exteros
560 1817 642 1897 petit.
663 1827 756 1880 tanta
782 1817 951 1879 mortalibus
970 1836 1088 1879 suarum

45 1913 182 1962 ebrorum
199 1903 287 1962 satias
304 1911 350 1962 est
366 1902 582 1980 alienarumque
604 1902 735 1962 auiditas.
770 1901 854 1981 (39.)
879 1911 980 1979 petunt
1000 1903 1087 1978 igitur

85 1987 115 2044 in
131 1983 287 2059 Elymaeos
303 1983 437 2044 arborem
450 1984 562 2046 bratum
576 2003 718 2061 cupresso
730 1985 812 2044 lusae
827 1985 959 2061 similem,
977 1983 1086 2045 exalbi·

87 2067 132 2128 dis
146 2068 249 2141 ramis,
264 2067 380 2127 iucundi
395 2067 495 2127 odoris
512 2084 666 2128 accensam
682 2076 712 2126 ct
726 2086 792 2128 cum
802 2068 943 2128 'mbacnlo
958 2069 1086 2131 historiis

88 2147 190 2214 Claudi
210 2148 346 2212 Caesaris
365 2151 569 2228 praedicatam.
606 2149 677 2210 iolia
697 2151 760 2210 eins
774 2151 947 2229 inspergere
963 2153 1086 2229 potioni·

87 2233 143 2296 bns
157 2233 277 2294 Parthos
286 2233 381 2294 tradit.
409 2233 529 2296 odorem
542 2253 610 2294 esse
625 2252 795 2312 proxumum
807 2231 908 2311 cedro,
924 2235 1087 2316 fumumque

51 2319 152 2380 assius
167 2326 268 2377 contra
290 2317 368 2394 ligna
388 2319 444 2380 alia
464 2317 604 2378 remedio.
633 2319 761 2378 nascitur
782 2317 857 2378 ultra
871 2319 1034 2397 Pasitigrim
1058 2321 1087 2380 in

90 2400 190 2464 finibus
205 2401 304 2480 oppidi
318 2401 441 2478 Scatrae
453 2403 482 2461 in
496 2411 593 2462 monte
608 2401 766 2463 Scanchro.
791 2403 876 2484 (40.)
892 2412 993 2482 petunt
1008 2412 1037 2464 et
1057 2405 1129 2468 int9

92 2483 245 2548 Carmanos
257 2484 391 2546 arborem
403 2485 532 2548 stobrum
542 2485 579 2548 all
593 2486 716 2562 suilitus,
730 2486 958 2566 perinsamffaino
970 2487 1085 2566 palmeo

91 2569 291 2630 accendentes.
323 2570 405 2632 huius
421 2570 494 2630 odor
509 2570 583 2630 redit
597 2588 615 2630 a
629 2570 802 2632 camarisad
817 2572 927 2648 solum,
945 2571 1086 2639 iucundas

93 2651 143 2712 sed
165 2654 326 2730 adgravans
350 2655 463 2733 capita,
486 2655 558 2716 citra
578 2653 711 2714 dolorem
735 2665 839 2715 mmen.
876 2653 935 2716 hoc
956 2672 1087 2717 somnum

57 2736 185 2810 ataegris
206 2745 354 2813 quaerunt.
383 2737 434 2798 llis
461 2739 643 2800 commerciis
667 2735 756 2798 Carra
771 2738 909 2816 oppidum
929 2745 1129 2817 aperuere,8⁰

94 2817 167 2896 quod
182 2827 227 2878 est
242 2819 300 2879 illis
315 2820 518 2896 nundinarium.
547 2821 614 2882 inde
629 2819 759 2882 Gabbam
772 2839 872 2884 omnes
887 2831 991 2901 petere
1007 2823 1085 2883 sole·

94 2900 158 2962 bant
170 2899 279 2964 dierum
296 2917 345 2965 xx
367 2903 469 2964 itinere
492 2913 521 2965 et
536 2903 719 2968 Palaestinen
732 2905 857 2981 Syriam.
891 2915 996 2985 postea
1011 2904 1085 2967 Cba·

94 3002 186 3045 racem
205 2988 264 3063 peti
286 2995 420 3064 coeptum
434 3006 469 3048 ac
483 3006 573 3065 regna
588 2988 758 3051 Parthorum
774 3007 813 3051 ex
827 3007 863 3050 ea
877 3007 967 3050 cansa
983 2999 1086 3050 auctor

97 3076 139 3132 est
155 3065 233 3130 luha.
266 3070 333 3130 mibi
355 3069 390 3130 ad
411 3070 515 3132 Persas
537 3074 622 3132 etiarn
637 3073 716 3150 prius
738 3074 792 3133 ista
809 3082 943 3151 portasse
957 3093 1042 3154 quam
1057 3074 1086 3137 in

63 3162 88 3206 as
97 3151 201 3225 Syriam
215 3162 262 3212 ant
275 3153 441 3232 Aegyptum
453 3155 584 3216 videntur
596 3154 746 3216 Herodoto
761 3166 849 3232 teste,
866 3159 915 3234 qui
929 3159 1014 3218 tradit
1028 3159 1085 3217 sin-

97 3233 156 3312 gula
166 3235 242 3298 milia
253 3237 391 3298 talentum
400 3256 492 3298 annua
503 3239 573 3298 turis
582 3240 746 3318 pensitasse
758 3240 873 3302 Arabas
887 3239 1006 3318 regibus
1017 3241 1085 3302 Per·

97 3335 191 3378 sarum.
221 3317 267 3378 Ex
282 3321 366 3395 Syria
377 3323 518 3385 revehunt
529 3332 689 3399 styracem,
706 3325 767 3384 aori
782 3324 952 3386 odoreeius
969 3327 996 3386 in
1008 3326 1126 3390 roches

96 3401 237 3480 abigentes
253 3421 368 3467 suorum
384 3405 534 3482 fastidium.
564 3416 664 3469 cetero
678 3424 735 3469 cen
750 3409 806 3470 alia
817 3419 881 3470 snat
893 3410 965 3486 ligni
975 3428 1087 3490 genera
