2542 3842
531 206 560 255 0.
577 208 674 253 rtrum
688 208 837 255 SECUNDI

438 446 473 529 G.
503 445 648 529 Pbllil
676 444 905 527 sudditi

202 738 206 747 Ι
286 597 1065 696 dnldtniitultltltllu
1188 574 1192 582 ¹

514 761 800 827 urssuuxr.

594 930 750 939 ——-..

149 1020 171 1094 1Ι
237 1033 331 1109 (Sect.
350 1034 394 1111 1.)
410 1031 531 1093 Restant
544 1036 691 1094 inmensae
710 1034 874 1094 subtilitatis
888 1032 1035 1107 animalia,
1054 1031 1168 1109 quaudo
1258 1031 1259 1050 ³

176 1116 262 1194 aliqui
279 1134 312 1175 ea
328 1132 423 1194 neque
435 1116 546 1195 spirare
559 1127 589 1176 et
600 1120 738 1195 sauguine
753 1120 838 1178 etiam
854 1134 955 1177 carere
969 1116 1190 1195 prodiderunts

176 1198 246 1277 Cap.
258 1202 283 1257 l.
296 1197 382 1259 blulta
390 1199 466 1259 baec
472 1202 693 1277 etmultigeuera
700 1204 877 1261 terrestrium
883 1202 1166 1277 volucrumquevita.

175 1284 230 1342 alia
248 1286 369 1360 pinnata,
387 1293 418 1344 ut
433 1301 515 1363 apes,
532 1285 586 1345 alia
602 1294 725 1363 utroque
739 1286 842 1361 modo,
860 1295 891 1344 ut
907 1286 1056 1359 formicae,
1073 1282 1168 1360 aliqua

176 1374 205 1425 et
220 1367 311 1445 pinnis
326 1375 356 1425 et
372 1367 494 1444 pedibus
511 1370 647 1443 carentia,
658 1371 721 1427 iore
736 1371 829 1430 omnia
845 1370 956 1428 insecta
971 1368 1116 1446 appellata
1129 1365 1168 1424 ab

174 1450 306 1509 incisuris
321 1466 395 1528 quae
412 1468 486 1509 uonc
504 1452 648 1509 cervicum
665 1452 748 1527 loco,
767 1470 841 1513 unuc
858 1462 1007 1531 pectorum
1024 1458 1111 1527 atque
1125 1448 1167 1508 al·

174 1536 214 1607 vi,
230 1534 393 1611 praecincta
409 1531 542 1610 separant
556 1534 693 1608 membra,
706 1539 784 1595 tenui
800 1536 886 1596 modo
898 1536 990 1595 listnla
1007 1534 1204 1597 cohaeream

175 1619 223 1675 tia.
245 1616 347 1691 aliquis
359 1632 430 1673 vero
448 1630 503 1673 nou
517 1626 577 1677 tota
592 1618 725 1692 incisura,
736 1636 800 1678 eam
815 1619 956 1678 ambiente
972 1635 1055 1694 ruga,
1071 1616 1122 1676 sed
1136 1617 1168 1673 in

175 1700 240 1757 alvo
256 1705 303 1754 aut
317 1714 442 1775 superne
457 1706 561 1757 tautum
574 1698 729 1760 imbricatis
745 1701 834 1759 llexili
846 1701 1004 1772 vertebris,
1027 1716 1167 1777 nusquam

138 1793 164 1843 u
178 1778 244 1838 alibi
255 1780 430 1854 spectatiore
442 1789 559 1841 naturae
570 1798 664 1839 rerum
675 1784 804 1843 artidcio.
821 1781 850 1840 2.
863 1783 891 1840 in
901 1783 1012 1857 maguis
1023 1783 1169 1859 siquidem

57 1912 66 1917 .
175 1860 344 1939 corporibus
365 1870 414 1920 aut
434 1872 514 1921 certe
529 1863 683 1923 maioribus
697 1864 792 1924 lacilis
807 1864 920 1924 cilicina
941 1866 1060 1942 sequaci
1075 1875 1170 1923 mate·

174 1946 215 2003 ria
230 1945 290 2004 luit.
319 1946 347 2003 in
362 1944 406 2004 bis
422 1955 477 2005 tam
491 1947 587 2024 parvis
602 1956 687 2025 atque
702 1956 757 2007 tam
771 1947 856 2007 uallis
870 1964 945 2027 quae
958 1948 1048 2021 ratio5
1058 1956 1168 2024 quanta
1179 1970 1203 2011 ss

174 2030 228 2103 vis,
244 2046 327 2105 quarn
342 2030 547 2091 inextricabilis
565 2031 723 2108 perfectio!
753 2031 801 2091 ubi
820 2040 864 2090 tot
884 2049 986 2090 seusus
1008 2030 1169 2091 collocavit

175 2116 202 2172 iu
218 2112 333 2172 culicei
347 2148 389 2159 -
404 2121 433 2171 et
449 2123 513 2172 sunt
534 2113 587 2173 alia
609 2113 685 2173 dictu
699 2115 808 2174 minora
821 2148 878 2188 -‚
897 2115 949 2174 sed
965 2114 1015 2173 ubi
1030 2116 1122 2173 visum
1136 2116 1165 2172 in

176 2213 212 2255 eo
228 2194 410 2274 praetendit?
430 2196 478 2255 ubi
494 2206 635 2273 gustatum
655 2196 830 2276 adplicavit?
850 2197 898 2256 ubi
922 2199 1070 2258 odoratum
1087 2200 1164 2256 inse·

175 2278 251 2339 ruiti
265 2280 313 2339 obi
327 2296 398 2351 vero
414 2281 601 2340 truculentam
612 2281 689 2340 illam
701 2290 730 2340 et
740 2284 875 2360 portione
889 2299 1046 2341 maxumam
1061 2298 1161 2340 vocem

145 2360 373 2440 biugeueravit‘l
391 2380 445 2439 qua
460 2362 615 2423 subtilitate
632 2366 733 2453 pinnas
752 2365 882 2438 adnavit,
898 2365 1098 2443 praelongavit
1110 2380 1157 2440 pc·
1167 2386 1197 2425 ao

176 2449 240 2507 dum
256 2462 349 2519 crura,
366 2443 529 2521 disposuit
520 2449 641 2505 ieiunam
656 2464 783 2523 caveam,
799 2450 839 2507 uti
855 2448 958 2523 alvom,
974 2448 1084 2507 avidam
1098 2464 1161 2505 sau·

176 2530 278 2607 guinis,
294 2535 324 2584 ct
336 2527 513 2604 potissimum
528 2528 639 2588 humani
655 2531 730 2588 sitim
746 2531 893 2590 acceridit!
907 2532 995 2589 telum
1009 2547 1080 2589 vero
1094 2546 1161 2605 per·

175 2607 310 2671 fodiendo
325 2610 436 2685 tergori
452 2626 509 2687 quo
531 2612 710 2687 spiculavit
700 2614 831 2709 rpgcnio,
850 2622 937 2689 atque
956 2622 987 2673 ut
1005 2612 1163 2688 incapaci

78 2699 80 2712 '
176 2708 238 2752 cunr
254 2693 332 2751 cerni
347 2710 404 2751 nou
419 2695 511 2770 possit
526 2694 639 2753 exilitas
641 2696 814 2771 ‚reciproca
831 2697 981 2772 generavit
996 2706 1057 2756 arte
1071 2703 1102 2754 ut
1118 2695 1164 2753 lo·

175 2775 278 2834 diendo
300 2776 485 2836 acuminatum
514 2778 621 2854 pariter
653 2776 856 2858 sorbendoque
886 2779 1045 2861 fistulosum
1068 2778 1203 2840 essetlnc

176 2875 249 2936 quos
263 2860 384 2918 teredini
399 2858 433 2920 ad
448 2859 619 2939 perlorauda
633 2861 740 2921 robora
756 2880 818 2921 cum
832 2878 904 2921 sono
915 2873 990 2922 teste
1007 2862 1100 2921 dentis
1115 2862 1164 2923 ad·

147 2943 244 3017 siluit,
262 2942 495 3043 potissimumque
507 2963 524 3003 o
535 2943 612 3021 ligno
625 2944 746 3004 cibatum
762 2946 844 3005 iecit!
860 2946 913 3005 sed
928 2947 1088 3022 turrigeros
1102 2945 1164 3003 cle·

175 3025 342 3103 pbautorum
364 3028 495 3085 miramur
515 3046 630 3087 umeros
650 3038 852 3107 taurorumque
877 3030 952 3101 colla
977 3037 1007 3088 et
1029 3030 1119 3088 trucis
1135 3030 1164 3087 in

176 3108 295 3167 sublime
309 3109 411 3183 iactus,
426 3111 537 3185 tigrium
552 3114 677 3189 rapinas,
692 3112 807 3171 leonum
822 3111 913 3187 iubas,
926 3130 990 3171 cunr
1004 3129 1098 3171 rernm
1113 3128 1163 3169 na-

175 3201 236 3253 tura
259 3208 395 3268 nusquam
418 3196 507 3269 magis
528 3212 610 3270 quam
633 3196 662 3252 iu
680 3196 809 3253 minuaris
829 3205 887 3255 tota
907 3198 952 3255 sit.
986 3204 1204 3273 quaproptch

176 3290 300 3353 quaeso,
324 3290 360 3333 ne
377 3274 527 3352 legentes
547 3278 679 3353 quoniam
695 3295 733 3336 ex
747 3278 791 3338 bis
805 3288 944 3356 spernunt
957 3279 1059 3353 multa,
1079 3288 1165 3337 ettam

177 3356 268 3415 relata
289 3356 402 3417 fastidio
422 3359 568 3432 damnent,
587 3376 650 3417 cum
664 3362 692 3418 iu
706 3360 946 3439 contemplatione
961 3371 1080 3423 naturae
1095 3361 1165 3420 nibil

177 3440 269 3513 possit
285 3438 375 3497 videri
393 3456 609 3516 supervacuum.
