2542 3842
306 167 406 213 uun.
427 167 518 214 urar.
541 166 631 213 vnn.
651 163 774 217 tat-to.
798 153 945 237 (oo—to.)
1077 156 1135 219 113

111 320 274 403 conditur.
308 336 360 380 ora
379 322 405 379 ei
429 324 456 381 in
478 321 576 381 radice
600 338 667 381 esse
684 322 848 397 traduntur,
872 332 1059 383 excrementa
1080 342 1135 403 per

133 422 240 465 summa
254 406 333 465 tenui
349 404 442 464 listula
457 406 549 465 reddi.

196 490 279 568 (69.)
310 490 510 567 spongearum
530 490 584 549 tria
605 508 716 566 genera
735 491 915 569 accepimus:
936 492 1061 569 spissum
1082 500 1177 556 aulis

131 574 304 651 praedurum
320 582 349 631 et
363 590 508 651 asperum,
525 583 625 651 tragos
643 575 672 634 id
685 584 816 650 vocatur,
834 575 958 651 spissum
973 584 1003 635 et
1017 575 1134 635 mollius

108 672 240 731 omanus,
252 666 338 717 tenue
353 658 532 736 densumque
547 676 584 717 ex
599 674 657 736 quo
673 658 803 736 penicilli
819 657 984 717 Achillium.
1009 676 1131 719 nascun-

130 750 175 801 tur
188 758 287 801 omues
303 743 331 801 in
345 744 447 820 petris,
465 742 577 802 aluntur
594 742 723 816 conchis,
739 744 833 820 pisce,
850 741 927 801 limo.
956 743 1133 803 intellectum

130 826 228 884 inesse
245 825 289 885 lrir
306 826 444 903 adparet,
462 828 538 905 quia,
555 825 603 885 ubi
622 826 790 886 avulsorem
808 843 946 902 sensere,
964 836 1152 897 contractae,

129 909 218 969 multu
240 909 385 969 dilllcilios
407 909 618 971 abstrabuntur.
658 910 716 969 boo
733 911 809 969 idem
830 907 917 969 lluctu
940 911 1073 989 pulsante
1087 911 1132 971 ia-

131 994 216 1053 ciunt.
249 994 351 1053 vivere
368 1012 438 1054 esca
458 994 610 1055 manifesto
625 993 756 1053 conchae
771 995 895 1053 minutae
910 996 998 1055 iubis
1013 1012 1114 1075 reper·
1122 1003 1174 1059 149

95 1084 177 1137 rotae
193 1077 356 1137 ostendunt.
386 1080 465 1138 circa
483 1078 619 1138 Toronen
633 1079 716 1137 vesci
736 1078 794 1137 illis
817 1079 934 1144 avolsas
950 1081 1035 1139 etiam
1054 1080 1133 1138 aiunt

131 1170 159 1221 et
176 1180 214 1221 ex
228 1161 339 1221 relictis
357 1162 501 1222 radicibus
518 1165 702 1221 recrescere.
734 1164 762 1226 iu
777 1164 868 1240 petris
887 1164 999 1223 cruoris
1015 1178 1132 1241 quoque

129 1238 262 1307 inhaeret
282 1245 382 1321 color,
403 1245 510 1305 Africis
531 1247 690 1324 praecipue
705 1264 780 1324 quae
801 1256 976 1322 generantur
995 1249 1023 1306 iu
1041 1248 1131 1322 Syrti·

130 1330 193 1390 bus.
223 1328 374 1390 llaxumae
389 1330 458 1389 liunt
472 1348 575 1391 manoe
595 1331 648 1390 sed
663 1330 850 1389 mollissimae
868 1333 946 1391 circa
960 1330 1132 1407 Lyciamiu

129 1406 273 1491 pioiuudu
286 1421 381 1474 autem
398 1432 453 1473 nec
468 1424 593 1475 ventoso
608 1414 767 1474 molliores.
799 1416 826 1472 in
837 1414 1030 1515 Hellesponto
1046 1432 1131 1493 aspe-

95 1514 197 1572 rsrae,
219 1507 248 1558 et
274 1498 383 1559 densae
405 1499 484 1559 circa
504 1496 638 1576 llaleam
673 1500 871 1577 putrescant
862 1518 891 1557 m
913 1501 1021 1577 apricis
1045 1499 1134 1575 louis,

129 1580 196 1641 ideo
209 1586 368 1660 optumae
360 1602 388 1642 m
403 1582 574 1659 gurgitibus.
606 1583 769 1643 virentibus
785 1583 861 1643 idem
883 1585 931 1661 qui
951 1582 1130 1644 madentibus

129 1666 273 1742 nigricans
296 1667 388 1727 colos.
425 1666 593 1727 Adhaerent
609 1686 665 1727 uec
679 1675 762 1746 parte
777 1685 833 1727 nec
850 1676 938 1726 tutae.
973 1670 1115 1727 intersunt
1122 1674 1174 1731 ltu

129 1752 203 1810 euim
220 1751 333 1811 fistulae
348 1752 488 1831 quaedam
502 1753 601 1812 inanes
617 1760 775 1829 quaternae
796 1751 860 1811 iere
876 1759 924 1811 aut
940 1754 1060 1829 quinae,
1077 1768 1132 1830 per
1186 1745 1193 1757 “

129 1852 200 1912 quas
215 1836 299 1913 pasci
316 1838 530 1896 existumantur.
561 1845 626 1896 sunt
645 1836 779 1910 stallae,
796 1836 849 1896 sed
865 1851 992 1914 superne
1009 1853 1130 1895 concre-

92 1933 119 1975 ιο
130 1928 187 1979 tae.
219 1926 248 1977 et
263 1917 386 1979 subesse
401 1920 566 1981 membrana
582 1920 722 1998 quaedam
740 1920 887 1979 radicibus
904 1937 1002 1979 earum
1016 1920 1130 1979 intelle·

127 2003 213 2079 gitur.
252 2001 360 2062 Vivere
384 2012 497 2063 constat
525 2004 614 2080 longo
642 2012 784 2080 tempore.
818 2002 986 2061 Pessumum
1008 2004 1132 2063 omnium

92 2103 220 2163 genus
236 2094 281 2145 est
297 2104 394 2147 earum
410 2103 485 2163 quae
500 2086 631 2164 aplysiae
647 2094 803 2159 vocantur,
823 2087 890 2163 quia
911 2085 971 2145 elui
986 2104 1044 2146 non
1063 2102 1131 2165 pos·

127 2178 210 2243 suut,
237 2170 264 2228 iu
290 2169 394 2250 quibus
425 2186 547 2247 magnae
573 2179 640 2229 sunt
664 2169 776 2229 listulae
800 2170 968 2284 etreliqua
1002 2170 1130 2231 densitas

128 2254 234 2314 aissa.

90 2352 117 2393 aa
144 2271 163 2333 p
189 2337 239 2398 46.
264 2337 358 2435 (ill.)
371 2335 569 2398 Canicularum
585 2355 715 2399 maxume
731 2338 881 2397 multitudo
898 2339 976 2400 circa
991 2355 1043 2397 eas
1057 2338 1172 2403 uri-151

126 2423 219 2482 nantis
240 2423 322 2499 gravi
352 2422 486 2501 periculo
507 2422 634 2482 iniestat.
672 2424 728 2500 ipsi
748 2421 844 2482 ierunt
866 2432 897 2482 et
914 2422 1021 2482 nubem
1043 2440 1131 2500 quan

127 2506 190 2567 dam
217 2524 406 2567 crassescere
426 2523 517 2584 super
536 2507 631 2585 capita
657 2506 817 2567 animalium
837 2507 989 2585 planorum
1009 2508 1131 2585 piscium

126 2590 264 2665 similem,
281 2600 460 2669 prementem
474 2607 527 2650 eos
543 2600 749 2669 arcentemque
767 2608 784 2651 a
802 2590 1031 2669 reciprocando,
1047 2600 1078 2651 et
1093 2589 1131 2649 ob

126 2674 156 2732 id
173 2674 255 2733 stilos
272 2684 445 2752 praeacutos
458 2676 533 2735 liniis
549 2674 679 2737 adnexos
694 2676 804 2735 babere
820 2692 899 2751 sese,
913 2677 978 2752 quia
993 2675 1048 2734 uisi
1064 2692 1131 2754 per·

90 2772 118 2815 ao
127 2757 247 2817 iussae
239 2766 276 2817 rta
288 2776 345 2818 nou
356 2759 496 2819 recedant
498 2758 647 2836 ,caliginis
659 2769 688 2819 et
699 2760 828 2838 pavoris,
840 2768 872 2817 ut
883 2758 1018 2833 arbitror,
1027 2774 1129 2836 opere.

127 2840 231 2901 nubem
255 2834 328 2901 enim
350 2852 379 2901 et
404 2841 562 2933 nebulam,
576 2845 658 2907 cuius
675 2844 788 2902 nomine
807 2842 835 2901 id
851 2844 955 2903 malum
970 2842 1129 2921 appellant,

127 2926 203 2985 inter
217 2927 350 2987 animalia
366 2925 434 2985 baut
449 2910 536 2987 ullam
552 2929 687 3005 conperit
697 2927 858 3006 quisquam.
889 2924 961 2987 (lum
974 2926 1173 2991 caniculisltt

6 3004 11 3015 '
127 3020 211 3069 atrox
226 3010 380 3070 dimicatio
412 3011 525 3087 inguina
548 3020 577 3069 et
593 3011 683 3070 calcis
698 3027 872 3089 omnemque
893 3012 1049 3071 candorem
1065 3026 1129 3069 cor-

126 3110 228 3171 porum
252 3094 399 3173 adpetuut.
434 3094 512 3153 salus
535 3113 590 3155 uua
612 3096 640 3153 in
662 3096 802 3155 adversas
817 3096 904 3155 eundi
918 3095 1054 3175 ultroque
1070 3102 1128 3152 ter·

90 3177 219 3236 terendi.
250 3186 339 3255 pavet
360 3178 434 3236 enim
453 3178 595 3238 homiuem
615 3196 709 3256 aeque
726 3196 762 3237 ac
776 3187 885 3255 terret,
909 3188 938 3238 et
954 3196 1021 3239 sors
1038 3193 1131 3255 aequa

127 3262 155 3320 in
170 3263 295 3338 gurgite.
325 3272 355 3321 ut
366 3262 401 3321 ad
417 3280 524 3321 summa
540 3280 632 3342 aquae
649 3271 764 3322 ventum
777 3271 839 3338 est,
853 3262 893 3321 rbi
905 3262 1066 3342 periculum
1080 3278 1128 3321 au·

127 3362 199 3422 ceps
223 3346 356 3423 adempta
378 3346 490 3406 ratiuue
505 3358 607 3407 contra
622 3347 723 3421 eundi,
746 3347 812 3406 dum
828 3358 950 3408 conetur
963 3355 1129 3423 emergere,

127 3436 156 3489 et
170 3428 250 3489 salus
265 3430 358 3489 omnis
373 3430 402 3489 in
420 3432 517 3491 sociis.
549 3431 647 3491 luuem
661 3431 704 3491 illi
720 3431 874 3508 religatam
889 3432 926 3491 ab
942 3432 1048 3492 umeris
1065 3430 1129 3491 eiua

167 3518 455 3575 rnru.uar.u1sr.ll.
538 3540 545 3557 ·
996 3512 1015 3575 8
