2542 3842
70 156 73 165 ’
154 156 213 218 154
272 168 302 218 c.
318 168 414 217 eninr
430 167 674 217 susurronum.
691 168 782 218 mss.
799 169 850 217 111.
868 165 911 219 ao.
929 151 1089 237 (att-so.)

150 339 266 382 versum
281 329 375 382 autem
391 322 482 381 sinum
498 321 598 384 ltaliae
620 332 650 383 et
664 321 773 395 lllyrici
793 321 899 381 ambitu
912 322 985 389 X'v‘ll
1001 336 1147 399 passuum.

108 402 185 465 scoln
196 421 232 463 eo
250 404 306 463 duo
321 407 409 465 maria
425 422 482 484 quo
498 407 675 467 distinximus
691 406 765 479 line,
782 404 892 465 lonium
903 407 931 465 in
947 406 1038 485 prima
1052 412 1147 483 parte,

151 488 271 546 interius
286 487 478 549 Hadriaticum
493 490 570 567 quod
586 506 721 566 supemm
736 496 851 547 vocant.

108 580 158 633 151
217 570 300 649 (30.)
317 570 431 632 lusulae
447 572 476 629 in
490 570 618 630 Ausonio
634 572 705 633 mari
719 578 837 647 praeter
852 570 906 629 iam
927 572 1024 631 dictas
1038 585 1147 629 memo-

150 661 213 713 ratu
229 652 333 729 dignae
348 653 455 729 nullae,
471 653 590 712 inlunio
604 669 724 731 paucae.
748 650 873 712 Calabro
885 653 971 713 litore
983 662 1048 713 aute
1058 652 1173 714 Brun-s
1221 728 1224 731 ⁴

151 735 262 795 dusium
276 753 394 813 quarum
409 735 525 795 obiectu
540 744 641 811 portus
662 734 801 808 eflicitur,
826 744 924 796 contra
939 736 1066 814 Apulum
1080 734 1148 794 litus

150 817 303 878 Diomedia
327 820 483 896 conspicua
505 826 688 876 monumento
710 816 861 876 Diomedis
885 826 914 876 et
935 817 1027 877 altera
1042 817 1147 877 eodem

150 903 265 961 nominc
280 918 296 961 a
312 900 481 978 quibusdam
493 898 609 958 Teutria
626 898 783 978 appellata.
810 897 919 972 lllyrici
934 918 986 959 ora
997 899 1076 959 mille
1089 917 1148 959 am·

78 1000 80 1004 ·
149 984 225 1061 plius
242 983 341 1042 insulis
359 983 571 1060 frequentatur,
587 990 694 1042 natura
709 981 821 1041 vadoso
843 983 913 1041 mari
935 983 1147 1061 aestuariisque

102 1064 106 1077 '
148 1067 228 1127 tenui
249 1065 334 1126 alveo
352 1065 616 1125 intercursantibus.
649 1060 746 1125 clarae
768 1073 834 1124 ante
856 1066 931 1125 ostia
952 1065 1061 1125 Timavi
1077 1065 1146 1125 cali·
1159 1089 1183 1129 ro

150 1148 250 1209 dorum
266 1149 385 1209 fontium
401 1167 465 1208 cum
478 1158 561 1209 aestu
575 1148 662 1208 maris
677 1147 880 1207 crescentium.
897 1150 975 1209 iuxta
986 1147 1147 1207 Histrorum

150 1248 250 1309 agrum
272 1229 374 1307 Cissa,
399 1231 522 1293 Pullaria
545 1240 575 1291 et
596 1230 772 1306 Absyrtides
797 1228 880 1290 Grais
901 1231 995 1290 dictae
1018 1247 1034 1288 a
1057 1230 1147 1289 franc
1256 1293 1261 1326 ,

14 1345 19 1358 ·
108 1316 294 1378 latlladeac
310 1314 349 1373 ibi
371 1315 525 1376 interiecto
540 1314 681 1390 Absyrto.
710 1313 789 1373 iuxta
814 1330 865 1372 cas
880 1312 1044 1373 Electridas
1059 1330 1147 1371 voca·
1259 1336 1261 1380 ς

150 1418 222 1458 vere
239 1397 386 1475 inquibus
403 1400 571 1475 proveniret
586 1398 715 1458 sucinum
731 1394 807 1473 quod
824 1396 867 1454 illi
889 1395 1030 1455 electrum
1045 1394 1147 1473 appel·

150 1482 220 1555 lant,
233 1481 366 1539 vanitatis
378 1478 507 1541 Graecae
522 1482 712 1539 certissimum
722 1479 933 1553 documentum,
946 1478 1021 1538 adeo
1030 1487 1063 1537 ut
1075 1494 1146 1556 quas
1157 1496 1183 1536 rs

152 1582 249 1624 carum
265 1563 417 1639 designent
438 1563 506 1623 lraut
525 1580 657 1641 umquam
678 1562 850 1622 constiterit.
880 1570 980 1621 contra
1000 1559 1085 1619 lader
1102 1569 1148 1619 est

112 1646 249 1720 ortissu,
271 1654 301 1704 et
321 1662 395 1721 quac
413 1645 589 1724 appellatae.
620 1653 719 1704 contra
734 1644 875 1703 liburnos
892 1642 1016 1703 crateae
1036 1642 1149 1719 aliquot
1259 1649 1261 1714 l

151 1747 207 1788 nec
228 1728 384 1805 pauciores
406 1726 587 1803 Liburnicae,
604 1724 795 1787 Celadussae.
825 1737 924 1787 contra
941 1726 1054 1786 Surium
1067 1724 1147 1784 Baro

152 1820 181 1871 ct
208 1812 304 1887 capris
327 1810 439 1874 laudata
456 1810 578 1884 Brattia,
604 1809 667 1869 Issa
690 1810 794 1869 civium
815 1807 1010 1872 Romanorum
1031 1817 1062 1867 et
1084 1825 1148 1866 cum

153 1894 260 1970 oppido
278 1891 389 1953 Pharia.
421 1892 457 1952 ab
472 1892 534 1953 Issa
556 1890 687 1966 Corcyra
709 1891 841 1952 Melaena
863 1892 1062 1968 cognominata
1083 1908 1182 1952 cumro

68 2032 71 2037 .
153 1975 318 2035 Cnidiorum
344 1970 452 2052 oppido
479 1976 565 2036 distat
583 1974 666 2035 XXV
688 1973 718 2033 Μ
742 1993 890 2053 passuum,
915 1976 990 2034 inter
1012 1991 1096 2050 quam
1118 1981 1148 2032 et

138 2058 296 2133 ¹Illyricum
317 2056 434 2134 Melite,
457 2059 532 2119 uude
555 2058 667 2118 catulos
681 2055 835 2118 Melitaeos
856 2056 998 2135 appellari
1015 2054 1147 2115 callima-

153 2141 223 2201 chus
242 2150 344 2201 auctor
365 2149 419 2200 cst.
446 2140 501 2201 XV
522 2139 552 2201 tl
573 2159 709 2219 passuum
731 2141 768 2201 ab
792 2159 827 2201 ea
847 2139 903 2202 Vll
925 2137 1087 2216 Elaphites.
1119 2138 1148 2195 iu

153 2224 231 2285 lonio
253 2232 348 2284 autem
369 2225 439 2285 mari
460 2224 497 2285 ab
513 2222 600 2285 Orico
616 2223 672 2286 llll
692 2222 722 2283 Μ
737 2241 873 2302 passuum
887 2222 1006 2283 Sasonis
1028 2221 1148 2299 piratica

152 2308 276 2367 statione
292 2307 368 2367 nota.
