2542 3842
373 154 561 205 xnuursu.
578 154 626 202 v1.
649 116 862 223 achias—uo.)
1050 143 1112 209 2³⁷

123 312 152 370 in
166 310 228 371 sinu
242 318 308 370 ante
321 309 450 370 Persida.
476 309 556 374 circa
573 307 723 384 hashydri
739 309 839 371 marini
854 311 986 372 vicenum
1002 310 1111 374 cubito·

122 412 184 454 rum
202 393 369 459 adnatantes
384 401 515 452 terruere
531 391 664 452 classem.
703 392 795 455 insula
811 391 1025 471 ›Athothadrum
1041 397 1108 456 item
1119 405 1154 460 99

123 475 274 554 Gauratae,
289 478 318 538 iu
329 475 432 555 quibus
442 473 532 550 Gyani
543 493 625 552 geas.
646 475 750 538 llumeu
760 475 884 554 Hyperis
899 477 927 536 iu
940 478 1034 539 medio
1048 481 1112 540 siau

123 560 252 637 Persico,
277 561 473 627 onerariarum
486 562 598 619 narium
615 577 718 638 capax,
740 559 844 619 flumen
859 559 1031 638 Sitioganus,
1055 581 1112 642 quo

98 644 299 722 slasargauas
315 650 447 724 septumo
464 643 511 704 die
525 645 684 720 navigatur,
700 641 804 708 numen
818 643 981 720 navigabile
994 645 1111 707 Phristi-

121 745 193 803 mus,
207 727 300 790 insula
311 729 375 790 sine
386 728 509 788 nomine.
533 723 1113 809 humenilrauismodicarumpaulumper

122 812 264 871 Susianen
279 811 350 887 huit,-
370 812 472 874 dextra
486 812 548 872 elus
564 810 700 872 adoolunt
713 809 913 872 Deximontani
925 810 1112 890 quibitumeu

123 895 283 974 perficiunt.
301 894 405 962 flumen
417 895 528 955 Zarotis
540 895 614 956 ostio
629 893 754 955 difficilis
769 895 823 956 uisi
838 895 949 974 p'eritis,
962 895 1114 957 insulae'll

124 996 242 1058 parvae.
273 979 340 1040 inde
354 979 463 1040 vadosa
484 980 627 1056 navigatio
654 977 774 1056 palustri
795 978 895 1040 similis
917 996 973 1057 per
996 975 1112 1058 euripos

89 1072 218 1123 aotamen
232 1063 372 1141 quosdam
387 1063 544 1142 peragitur.
580 1063 683 1126 ostium
696 1059 881 1140 Euphratis·
905 1062 987 1124 lacus
1012 1063 1154 1142 quem'ttto

123 1147 230 1209 iaciunt
244 1146 371 1208 Eulaeus
387 1155 418 1205 et
432 1144 527 1222 Tigris
546 1142 806 1206 iuxta-Characem.
847 1145 913 1206 iude
928 1145 1008 1224 'digri
1027 1147 1109 1208 Susa.

123 1229 228 1290 Festos
257 1231 321 1290 dies
350 1229 393 1290 ibi
417 1237 551 1305 agentem
570 1227 766 1290 Alexandrum
789 1231 958 1290 inuenerunt
980 1239 1112 1309 septumo

122 1332 238 1389 mense,
254 1323 406 1393 postquam
420 1312 567 1388 digressus
585 1312 622 1374 ab
639 1313 673 1372 iis
688 1311 781 1373 iuerat
797 1312 918 1389 Patalis,
934 1316 1111 1375 lectionari

122 1397 256 1474 gationis.
298 1398 348 1457 Sic
363 1395 521 1460 Alexandri
537 1395 640 1456 classis
660 1397 813 1474 navigavit.
849 1405 951 1475 postea
968 1416 984 1458 a
999 1399 1112 1475 Syagro

88 1494 114 1535 15
125 1479 250 1541 Arabiae
268 1481 463 1559 promontorio
479 1478 596 1540 Patalen
616 1480 732 1540 favonio
746 1497 830 1558 quem
843 1479 987 1559 hippalum
1009 1481 1048 1541 ibi
1061 1498 1111 1540 vo·

123 1572 198 1639 caut,
210 1564 271 1642 peti
288 1564 475 1624 certissimum
490 1563 639 1626 ridebatur
649 1565 733 1632 ᾗῇ,
747 1561 855 1626 ΧΧΧΙΙ
871 1563 900 1624 Μ
914 1581 1048 1643 passuum
1064 1581 1110 1627 ae-

124 1648 304 1708 stumatinne.
327 1648 434 1710 Secuta
450 1656 531 1708 aetas
546 1650 712 1726 propiorem
727 1665 839 1710 cursum
853 1649 1044 1728 tutioremque
1055 1649 1153 1714 iu·101

124 1732 238 1808 dicavit,
259 1733 284 1792 si
298 1729 335 1791 ab
351 1731 454 1792 eodem
470 1734 668 1811 promontorio
680 1733 813 1810 Sigerum
827 1741 939 1811 portum
949 1729 1045 1794 ludiae
1061 1751 1111 1813 pe·

124 1824 210 1875 teret.
254 1815 359 1894 diuque
379 1817 417 1877 ita
438 1815 600 1890 navigatum
624 1826 686 1894 est,
709 1817 802 1878 donec
827 1816 988 1895 conpendia
1004 1818 1113 1878 inuenit

7 1966 8 1969 Ἴ
90 1908 279 1975 munerentur,
296 1899 436 1979 lucroque
451 1897 530 1960 ludia
545 1901 658 1962 admota
674 1901 728 1962 cst.
761 1901 871 1980 quippe
884 1900 1114 1962 omnibdsanuis

7 1978 8 1995 ¹
123 1984 273 2061 navigatur
287 1984 498 2066 sagittariorum
513 1983 681 2045 cohortibus
696 1985 839 2065 inpositis.
882 1985 988 2044 etenim
1002 1985 1114 2062 piratae

125 2085 254 2126 manuum
270 2065 450 2126 infestabant.
483 2063 547 2124 Nec
563 2067 676 2145 pigebit
694 2076 784 2129 totum
801 2083 913 2129 cursum
928 2066 963 2127 ab
976 2067 1113 2146 Aegypto

126 2167 275 2227 exponere
292 2161 367 2211 nuuc
384 2150 503 2228 primunr
517 2159 597 2210 certa
619 2151 719 2210 notitia
740 2158 917 2228 patescente.
953 2150 1113 2226 dignares,

125 2233 294 2300 uulloanno
315 2232 651 2311 minu-Hsin‘u'iuperi
668 2233 760 2297 nostri
781 2231 967 2294 exhauriente
984 2232 1063 2293 ludia
1086 2242 1115 2292 et

91 2318 499 2395 nmeroisremitteuteuuae
509 2316 585 2397 apud
601 2333 656 2378 uos
672 2317 864 2395 centuplicato
877 2325 1009 2377 veueaut.
1034 2315 1098 2378 Duo
1106 2325 1156 2378 102

125 2401 202 2460 milia
216 2417 350 2478 passuum
365 2400 401 2460 ab
415 2400 590 2462 Alexandria
607 2400 689 2461 abest
705 2401 840 2480 oppidum
854 2399 1016 2480 Iuliopolis.
1048 2399 1114 2460 inde

126 2485 261 2560 navigant
279 2483 346 2546 Nilo
368 2482 490 2562 Goptum
506 2482 663 2548 cocvnn
682 2486 740 2547 mil.
762 2501 915 2565 passuum,
942 2486 991 2564 qui
1013 2501 1115 2545 cursus

126 2566 234 2628 Etesiis
249 2567 381 2629 lantibus
397 2571 544 2648 pemgitur
561 2567 615 2628 llll
631 2569 742 2630 diebus.
787 2566 910 2649 aGopto
931 2569 1047 2630 camelis
1059 2569 1115 2628 itur

127 2651 309 2734 aquationum
322 2653 433 2712 ratione
446 2652 641 2716 mansionibus
656 2653 813 2734 dispositis.
847 2655 937 2732 prima
953 2653 1116 2732 appellatur

93 2733 381 2808 aollydreumaXXll
393 2736 464 2814 mil,
484 2737 609 2799 secunda
630 2738 660 2797 iu
676 2747 773 2798 moute
787 2736 845 2798 diei
858 2737 970 2812 itinere,
988 2737 1072 2796 tertia
1087 2737 1115 2794 iu

129 2816 221 2876 altero
231 2816 423 2892 hydreumate
441 2837 457 2881 a
472 2818 567 2899 Copto
582 2817 662 2879 XCV
675 2821 744 2896 mil,
762 2820 864 2880 deinde
879 2821 908 2878 iu
922 2829 1027 2880 moute.
1048 2835 1115 2880 mox

127 2899 165 2961 ad
179 2898 341 2976 Hydreuma
355 2902 498 2981 Apollinis
516 2918 533 2964 a
551 2901 646 2981 Copto
664 2901 844 2972 ccxxxix!
860 2903 919 2963 mil.
935 2920 1031 2981 pass,
1053 2920 1114 2962 rur·

129 3002 179 3044 sus
198 2985 346 3047 inmoute.
391 3003 459 3046 mox
475 2987 512 3048 ad
528 3004 633 3047 nouom
646 2984 808 3061 Hydreuma
825 3004 841 3046 a
856 2984 950 3065 Gopto
967 2984 1098 3047 CCXXX
1107 2990 1157 3047 103
1257 3009 1262 3038 s

127 3068 186 3128 mil.
205 3086 283 3148 pass.
328 3078 373 3130 est
392 3079 422 3131 ut
436 3070 512 3131 aliud
528 3069 691 3146 Hydreuma
708 3078 807 3144 vetus,
828 3068 1050 3147 Trogodyticen
1064 3085 1115 3132 ao·

94 3153 260 3227 seminatur,
278 3153 328 3213 ubi
344 3154 519 3231 praesidium
531 3152 665 3228 excubat,
681 3153 887 3218 deuerticulum
902 3154 985 3215 duum
999 3153 1114 3214 milium.

129 3234 215 3295 distat
230 3253 246 3295 a
260 3253 336 3296 novo
355 3235 546 3312 Hydreumate
565 3236 618 3297 Vll
632 3237 691 3297 mil.
711 3255 853 3316 passuum.
893 3239 959 3299 inde
974 3235 1116 3298 Berenice

130 3318 283 3397 oppidum,
305 3319 355 3381 ubi
369 3329 468 3396 portus
485 3319 575 3382 Rubri
594 3322 697 3397 maris,
720 3339 736 3383 a
757 3318 852 3398 Copto
870 3319 995 3384 occult
1008 3320 1037 3380 bl
1050 3338 1115 3400 pas·

130 3421 220 3462 suum.
261 3404 313 3463 sed
334 3403 399 3484 quia
418 3404 509 3465 maior
528 3422 596 3486 pars
612 3405 721 3482 itineris
743 3405 829 3468 conlit
850 3405 983 3469 noctibus
996 3413 1117 3485 propter
