2542 3842
154 107 215 169 250
448 91 454 150 Ῑ
524 119 834 169 0.PL1rttstthrtD1

152 273 220 348 Nili,
241 288 316 350 quae
328 270 391 332 solu
409 279 495 351 potus
511 271 643 350 praebet.
679 270 866 333 Nihilominus
882 273 937 333 iter
951 281 1041 333 totum
1057 281 1149 334 terre-

152 357 196 416 nis
213 355 412 435 frequentatur
426 374 443 415 a
459 356 530 416 mari
544 355 709 433 Aegyptio,
732 355 808 434 quod
825 365 870 415 est
884 355 1013 433 triplex,
1031 374 1117 415 unum
1133 374 1151 416 a

152 438 269 499 Pelusio
284 455 338 515 per
353 437 491 515 harenas,
515 439 543 498 iu
559 453 616 517 quo
631 439 685 498 uisi
703 440 803 500 calami
818 439 906 500 delixi
920 447 1021 514 regant
1031 439 1078 499 uia
1093 455 1151 497 non

111 533 162 588 167
168 522 311 599 reperitur
329 520 450 580 subinde
466 539 535 581 aura
555 521 679 597 vestigia
699 523 860 600 operiente.
897 523 1017 580 alterum
1034 538 1106 580 vero
1123 519 1151 585 11

152 604 212 664 mil.
228 621 361 681 passuum
376 605 451 664 ultra
467 602 582 664 Casium
596 613 733 680 montem,
752 605 829 682 quod
847 603 927 664 ahX
941 604 998 664 mil.
1014 616 1173 682 passuumt

152 688 227 747 redit
243 688 272 748 in
287 687 467 748 Pelusiacam
482 687 566 746 viam.
595 687 731 746 adcolunt
746 686 861 747 Arabes
875 687 972 748 Autei.
998 688 1111 747 tertium
1134 704 1151 746 a

153 771 262 845 Gerra,
284 769 362 847 quod
379 769 530 848 Agipsium
543 778 664 844 uocant,
684 788 737 848 per
753 771 873 830 eosdem
887 769 1001 830 Arabes
1022 768 1071 828 LX
1090 768 1149 833 mil.

153 871 289 932 passuum
308 854 446 930 propius,
467 851 522 912 sed
546 869 679 930 asperum
695 852 836 921 montibus
858 862 887 912 et
903 855 987 932 inops
1004 870 1148 930 aquarum.

154 953 208 996 eae
224 937 287 995 uiae
309 951 410 994 omnes
427 934 572 995 Arsinoen
586 935 694 996 ducunt
709 937 851 996 conditam
866 938 976 996 sororis
993 937 1106 996 nornine
1122 935 1150 994 in

154 1021 216 1078 sinu
233 1016 378 1077 Carandra
401 1016 599 1078 aPtolemaeo
615 1018 822 1098 Philadelpho,
845 1021 892 1096 qui
915 1021 1023 1097 primus
1039 1018 1187 1094 Trogo-1⁰

153 1102 270 1176 dyticen
292 1101 430 1176 excussit,
452 1119 563 1162 amnem
578 1103 627 1180 qui
643 1102 788 1164 Arsinoen
807 1101 940 1179 praefluit
956 1101 1151 1162 Ptolemaeum

112 1183 339 1262 168appellavit.
369 1199 437 1242 mox
452 1185 589 1264 oppidum
609 1203 728 1263 parvom
744 1195 789 1245 est
803 1184 894 1245 Eurum
906 1185 1010 1245 -alii
1024 1202 1078 1263 pro
1093 1184 1151 1244 hoc

125 1324 129 1331 .
155 1267 326 1328 Philoterias
341 1266 519 1326 scribuut—
529 1268 634 1330 deinde
651 1267 850 1328 suntAbaraei
867 1285 904 1327 ex
920 1267 1150 1344 Trogodytarum

155 1349 321 1422 connubiis,
342 1348 457 1408 Arabes
471 1351 537 1427 leri,
559 1352 669 1412 insulae
686 1353 842 1429 Sarapine,
863 1350 997 1426 Scytala,
1017 1367 1085 1411 mox
1100 1349 1150 1408 de-

155 1442 233 1494 serta
251 1431 287 1490 ad
301 1430 521 1509 Myosbormou,
543 1433 592 1493 ubi
613 1434 679 1494 lons
696 1434 820 1509 Tatnos,
841 1451 923 1493 mous
939 1432 1036 1506 Aeas,
1057 1431 1150 1492 insula
1173 1451 1187 1490 a

153 1515 266 1589 lambe,
289 1523 389 1592 portus
404 1514 495 1573 multi.
524 1515 682 1590 Berenice,
706 1515 843 1594 oppidum
857 1517 954 1574 matris
969 1513 1151 1591 Philadelphi

113 1619 147 1654 soa
159 1597 283 1671 nomiae,
303 1596 339 1655 ad
355 1596 433 1673 quod
447 1597 503 1656 iter
517 1616 534 1657 a
549 1596 644 1675 Copto
661 1599 792 1658 diximus.
818 1598 933 1657 Arabes
948 1595 1034 1656 Autei
1050 1606 1079 1657 et
1096 1595 1150 1657 Ze·

114 1679 265 1744 recludet
293 1677 377 1756 (34.)
401 1679 609 1756 Trogodytice,
626 1699 710 1758 quam
725 1683 814 1758 prisci
828 1679 955 1754 Midoen,
973 1679 1019 1739 alii
1035 1678 1150 1740 ldicboe

156 1763 266 1821 dixere.
301 1777 383 1819 mons
403 1761 643 1839 Pentedactylos,
666 1764 776 1823 insulae
797 1764 903 1823 Stenae
919 1763 1007 1823 dirae
1028 1762 1149 1840 aliquot,
1182 1791 1185 1797 ·

154 1842 311 1902 Halonnesi
330 1861 388 1902 non
403 1847 574 1922 pauciores,
598 1844 784 1922 Cardamiue,
808 1846 958 1925 Topanos,
981 1864 1054 1924 quae
1070 1857 1186 1921 gem-2⁰

155 1942 218 1984 mae
235 1942 341 1984 nomen
359 1926 446 1987 dedit.
486 1931 564 1988 sinus
580 1930 680 1989 insulis
695 1930 836 2006 refertus,
860 1947 897 1988 ex
908 1930 943 1988 iis
962 1947 1035 2007 quae
1050 1928 1151 1991 hlarcu

154 2017 293 2071 vocantur
318 2026 464 2088 aquosae,
487 2030 563 2090 quae
583 2011 695 2072 liranus
717 2013 857 2072 sitientes.
896 2030 998 2088 regum
1015 2013 1050 2070 iis
1066 2029 1150 2089 prae·

155 2093 225 2152 leoli
250 2091 343 2153 luere.
387 2093 532 2154 lntrorsus
562 2093 687 2171 Caudei,
710 2113 785 2174 quos
806 2093 1014 2172 Ophiophagos
1034 2101 1149 2169 vocant,

155 2174 338 2252 serpentibus
360 2178 442 2236 vesci
457 2178 583 2238 adsueti.
621 2197 717 2257 neque
733 2178 789 2238 alia
804 2179 886 2254 regio
903 2178 1027 2237 fertilior
1043 2195 1149 2236 earum.

112 2265 164 2322 170
171 2257 254 2334 luba,
278 2259 326 2336 qui
340 2259 454 2320 videtur
470 2261 689 2336 diligentissime
711 2269 883 2339 persecutus
900 2259 988 2335 haec,
1013 2261 1108 2318 omisit
1121 2260 1186 2317 inca

154 2341 212 2400 hoc
228 2349 330 2413 tractu,
342 2341 396 2399 uisi
412 2342 436 2400 si
452 2345 660 2422 exemplarium
670 2345 767 2403 vitium
783 2350 843 2416 est,
855 2341 1017 2401 Berenicen
1032 2341 1151 2400 alteram

155 2440 230 2501 quae
247 2420 429 2495 Panchrysos
450 2427 651 2500 cognominum
673 2433 719 2485 est
739 2433 768 2483 et
786 2426 899 2482 tertiam
915 2441 988 2500 quae
1003 2422 1150 2501 Epidires,

154 2505 296 2580 insignem
317 2503 395 2562 loco.
441 2516 487 2565 cst
503 2510 577 2566 enim
597 2509 652 2567 sita
667 2509 696 2564 in
713 2507 828 2566 cervice
844 2506 932 2582 longe
948 2514 1151 2584 procurrente,

156 2587 203 2647 ubi
217 2586 318 2662 lauces
331 2585 421 2645 Rubri
435 2591 521 2647 maris
530 2589 585 2649 vll
597 2589 656 2649 mil.
669 2589 693 2646 D
707 2606 842 2666 passuum
857 2588 892 2648 ab
912 2588 1020 2649 Arabia
1036 2588 1149 2656 distant.

113 2678 163 2733 171
173 2668 265 2728 insula
279 2669 320 2728 ibi
336 2666 432 2745 cyris,
453 2674 597 2749 topazium
612 2672 711 2730 lenens
729 2679 757 2729 et
772 2671 844 2748 ipsa.
876 2670 958 2731 Ultra
973 2671 1086 2745 silvae,
1101 2670 1150 2730 ubi
1160 2685 1187 2727 au

69 2751 74 2758 '
155 2751 310 2816 Ptolemais
330 2770 346 2811 a
370 2751 561 2832 Philadelpho
579 2754 695 2814 condita
714 2753 750 2814 ad
777 2763 897 2813 venatus
919 2754 1150 2832 elephantorum,

155 2833 193 2892 ob
208 2834 237 2894 id
254 2834 407 2911 Epitheras
424 2838 641 2914 cognominatas,
662 2839 740 2896 iuxta
757 2831 850 2896 la'cum
863 2834 1039 2895 Monoleum.
1070 2836 1151 2895 llaec

113 2925 220 2981 maest
234 2917 318 2992 regio
333 2919 462 2978 secundo
478 2920 623 2979 volumine
641 2937 658 2978 a
674 2919 758 2977 nobis
774 2917 944 2994 significata,
958 2921 986 2976 in
1004 2935 1061 2995 qua
1076 2917 1151 2976 XLV

156 2998 258 3058 diebus
272 3007 338 3056 aute
360 3001 513 3060 solstitium
527 3002 705 3078 totidemque
725 3009 829 3076 postea
848 2999 920 3058 bora
941 3008 1024 3059 sexta
1046 3017 1150 3059 consu·

154 3089 266 3139 muntur
279 3079 409 3156 umbrae,
430 3092 460 3142 et
474 3085 502 3141 in
516 3084 665 3143 meridiem
679 3083 799 3160 reliquis
814 3081 893 3139 horis
910 3082 1024 3156 cadunt,
1044 3081 1150 3141 ceteris
1159 3076 1186 3140 ss

156 3161 257 3222 diebus
282 3163 311 3220 in
337 3168 582 3240 septentrionem,
599 3184 674 3226 scum
700 3167 729 3223 in
750 3165 892 3223 berenice
922 3181 1006 3241 quam
1031 3165 1149 3240 primam

115 3265 150 3300 ns
158 3245 304 3323 posuimus
326 3244 391 3320 ipso
408 3247 455 3306 dic
476 3248 583 3309 solstiti
597 3257 681 3308 sexta
695 3247 767 3307 hora
781 3244 899 3304 umbrae
919 3247 947 3305 in
962 3254 1051 3304 totum
1064 3243 1148 3302 absu·
1227 3300 1236 3318 ‚

87 3323 91 3331 ’
156 3335 266 3387 mantur
280 3326 408 3405 nihilque
417 3330 575 3392 adnotetur
592 3330 669 3392 uliud
683 3329 765 3406 aovi,
785 3325 865 3388 bctl
879 3328 938 3388 mil.
959 3341 1093 3407 passuum
1107 3325 1149 3385 in·
