2542 3842
162 124 220 186 184
530 135 561 183 c.
578 135 674 184 cumr
690 135 840 186 sacuam

160 301 295 351 terraneo
321 288 412 348 altera
433 287 556 366 Augusti
576 289 690 348 colonia
712 299 756 349 est
777 288 876 350 Babba
891 287 962 349 lulia
978 281 1157 368 Campestris

39 373 46 384 “
161 374 326 452 appellata,
348 381 377 431 et
397 372 483 431 tertia
497 372 609 438 Banasa
619 371 732 432 LXXV
746 371 775 432 Μ
791 371 923 432 Valentia
944 373 1155 449 cognominata.

162 457 198 517 ab
212 473 246 515 ca
259 449 558 534 XXXVblpassuum.
574 454 712 514 volubile
731 456 867 534 oppidum
884 457 1047 515 tantundem
1058 473 1073 515 a
1083 455 1158 514 mari

163 549 288 617 utroque
304 538 422 598 distans.
439 547 469 598 at
483 541 511 598 iu
527 555 578 598 ora
595 557 612 598 a
625 537 697 599 Lixo
709 537 731 598 L
745 538 775 598 Μ
788 540 877 599 amuis
892 538 1025 599 Sububus
1040 547 1160 616 praeter

162 621 302 683 Banasam
318 621 461 680 coloniam
476 620 623 696 delluens,
640 622 808 697 magnificus
824 631 853 681 et
868 621 1047 698 nauigabilis.
1067 620 1103 680 ab
1121 629 1177 680 eot

134 705 137 713 '
162 705 283 764 totidem
296 702 326 763 Μ
345 722 424 782 pass.
447 704 584 780 oppidum
603 703 671 762 Sala
689 704 817 762 eiusdem
838 705 958 763 nominis
974 704 1060 763 lluvio
1076 704 1157 781 iupo-

162 789 265 864 situm,
292 789 348 847 iam
372 785 573 845 solitudinibus
587 785 711 856 vicinum
726 785 1003 864 elephantorumque
1018 786 1158 862 gregibus

162 870 312 945 infestum,
335 869 425 927 multo
449 876 544 926 tamen
565 867 658 942 magis
683 866 851 926 Autololum
872 877 976 944 gente,
1000 886 1054 946 per
1074 886 1159 947 quam

135 956 218 1019 citer
232 961 279 1013 est
293 950 329 1010 ad
343 958 469 1009 montem
483 950 604 1010 Africae
623 949 672 1009 sci
689 948 930 1010 fabulosissimum
941 949 1101 1010 Atlantem.
1132 950 1158 1014 Ε

164 1037 266 1096 mediis
286 1034 362 1093 huuc
381 1033 496 1093 harenis
523 1035 552 1093 in
576 1032 689 1109 caelprn
711 1033 802 1094 attolli
825 1034 997 1111 prodidere,
1022 1051 1159 1112 asperum
1170 1033 1195 1088 io

165 1119 345 1197 squalentem
365 1135 423 1196 qua
444 1125 547 1194 uergat
563 1117 599 1178 ad
620 1117 705 1177 litora
721 1117 824 1176 oceani
840 1117 885 1176 cui
900 1134 1062 1193 cognomen
1076 1117 1159 1194 inpo-

165 1203 237 1278 suit,
266 1201 389 1261 eundem
414 1217 536 1279 opacum
557 1217 800 1278 nemorosumque
825 1208 855 1260 et
876 1199 1019 1260 scatebris
1041 1199 1161 1260 fontium

165 1287 278 1362 rignum
308 1302 364 1361 qua
389 1293 505 1362 spectet
532 1283 678 1362 Airicunr,
706 1282 846 1345 fructibus
873 1285 995 1342 omniurn
1020 1300 1161 1359 generum

166 1377 270 1447 sponte
295 1367 334 1425 ita
359 1366 599 1426 subnascentibus
626 1375 658 1426 ut
682 1384 833 1446 numquam
855 1367 946 1434 satias¹
966 1366 1161 1444 voluptatibus

138 1451 252 1514 tdesit.
281 1448 438 1508 incolarum
459 1451 600 1510 neminem
620 1448 743 1510 interdiu
759 1449 854 1525 cerni,
880 1449 968 1509 silere
984 1451 1076 1510 omnia
1094 1449 1196 1509 baut¹⁵

167 1534 225 1595 alio
250 1549 334 1611 quam
355 1531 537 1593 solitudinum
556 1532 696 1607 horrore,
725 1531 822 1592 subire
849 1533 965 1594 tacitam
989 1532 1162 1608 religionem

41 1637 44 1641 ²
167 1617 277 1676 animos
298 1615 420 1692 propius
443 1615 643 1675 accedentium
663 1623 838 1693 praeterque
859 1614 1011 1676 horrorem
1031 1615 1099 1675 elati
1114 1634 1161 1676 su·

167 1716 222 1776 per
241 1697 337 1757 nubila
356 1707 443 1775 atque
463 1698 493 1756 in
514 1699 607 1758 vicina
628 1697 736 1758 lunaris
750 1698 861 1760 circuli.
891 1699 1013 1760 eundern
1028 1697 1162 1760 noctibus

166 1783 275 1841 micare
301 1778 412 1838 crebris
432 1779 561 1855 ignibus,
585 1780 768 1858 Aegipanum
792 1782 1017 1861 Satyrorumque
1042 1781 1164 1842 lasciuia

166 1861 287 1940 inpleri,
311 1861 444 1922 tibiarum
466 1880 501 1922 ac
518 1863 632 1924 fistulae
656 1873 739 1924 cantu
761 1873 1017 1944 tympanorumque
1039 1872 1069 1924 et
1085 1881 1198 1939 epm-ao

166 1944 299 2006 balurum
313 1945 406 2003 souitu
422 1953 566 2024 strepere.
601 1944 682 2007 llaec
699 1947 838 2008 celebrati
853 1957 988 2010 auctores
1006 1947 1162 2024 prodidere

168 2037 285 2107 praeter
309 2025 428 2089 Herculi
453 2036 483 2088 et
507 2028 617 2088 Perseo
644 2027 775 2090 laborata
801 2028 851 2092 ibi.
887 2033 1010 2110 spatium
1035 2029 1072 2090 ad
1098 2047 1163 2090 euru

139 2115 325 2173 Sinmeusum
339 2111 546 2190 incertumque.
573 2110 669 2174 Fuere
684 2121 713 2173 et
726 2111 873 2174 Hannonis
888 2112 1163 2189 Carthaginiensium

168 2195 266 2256 ducis*
286 2195 480 2254 commentarii
506 2194 622 2256 Punicis
648 2195 736 2259 rebus
767 2196 976 2257 florentissimis
1006 2195 1163 2273 explorare

76 2308 80 2317 κ
168 2277 303 2338 ambitum
318 2274 439 2343 Airicae
460 2277 547 2353 iussi,
569 2295 655 2355 quem
676 2280 770 2338 secuti
790 2279 923 2355 plerique
939 2296 955 2337 a
971 2275 1090 2338 Graecis
1111 2294 1199 2338 uo·2s

168 2360 294 2436 atrisque
312 2367 343 2418 et
357 2359 415 2419 alia
430 2359 546 2434 quidem
566 2360 701 2420 fabulosa
723 2367 753 2418 et
774 2358 852 2418 urbis
867 2360 970 2420 multas
984 2358 1022 2418 ab
1041 2376 1078 2418 eo
1094 2377 1163 2432 con,-

168 2442 242 2501 ditas
266 2440 307 2499 ibl
334 2439 506 2515 prodidere,
529 2457 649 2516 quarum
669 2457 726 2500 uec
750 2441 889 2500 memoria
908 2441 967 2500 nlla
994 2458 1050 2500 uec
1074 2442 1164 2502 vesti·

140 2525 246 2598 agium
261 2529 365 2580 exstat.
399 2521 539 2598 Scipione
559 2520 722 2582 Aemiliano
737 2537 787 2579 res
807 2521 835 2580 in
850 2520 950 2580 Africa
965 2529 1098 2597 gerente·
1109 2523 1165 2584 Po·

170 2604 265 2680 lybius
294 2601 435 2662 annalium
463 2602 596 2663 conditor
627 2601 664 2662 ab
690 2619 727 2662 eo
754 2611 876 2678 accepta
898 2603 995 2664 classe
1017 2605 1165 2666 scrutandi

169 2688 247 2748 illius
272 2685 352 2745 orbis
380 2685 474 2762 gratia
502 2686 712 2747 circumvectus
744 2684 870 2761 prodidit
899 2702 916 2745 a
938 2693 1036 2746 monte
1062 2703 1099 2746 eo
1126 2687 1201 2754 ada

171 2786 308 2829 occasum
335 2786 438 2828 versus
467 2767 557 2828 saltus
582 2768 687 2845 plenos
719 2767 790 2828 ieris
818 2785 889 2845 quas
916 2771 1046 2845 generat*
1062 2769 1164 2832 Africa

152 2889 154 2893 .
171 2851 207 2913 ad
223 2851 327 2910 llumen
341 2851 455 2911 Anatim
472 2847 706 2912 dccccxxxv
719 2850 749 2911 Μ
770 2867 915 2928 passuum.
949 2851 986 2912 ab
1010 2868 1046 2910 eo
1065 2852 1165 2914 Lixum

171 2932 248 2994 CCV
268 2933 297 2992 Μ
318 2951 454 3011 passuum
478 2931 627 3012 Agrippa,
657 2933 756 2996 Lixum
778 2949 796 2994 a
817 2933 955 2996 Gaditano
980 2933 1056 2994 irato
1085 2933 1166 2996 oxu

171 3015 202 3077 Μ
214 3034 351 3095 passuum
366 3016 483 3077 abesse.
509 3017 576 3078 inde
592 3018 683 3076 sinum
699 3017 748 3094 qui
761 3024 884 3076 vocetur
897 3016 1013 3093 Sagigi,
1025 3017 1165 3095 oppidum

171 3100 201 3158 in
215 3101 413 3177 promontorio
434 3098 615 3174 llulelaclua,
636 3099 749 3166 flumina
771 3097 918 3160 Sububam
933 3109 962 3160 et
977 3099 1072 3176 Salat,
1097 3116 1200 3177 por-as

172 3191 231 3242 tum
246 3180 367 3240 llutubis
381 3201 398 3240 a
413 3181 484 3241 birro
499 3180 617 3243 GGXlll
632 3180 662 3244 Μ
676 3199 768 3258 pass,
788 3182 854 3244 inde
869 3183 1095 3261 promontorium
1111 3182 1164 3242 So-

172 3263 224 3338 lis,
248 3272 362 3340 portum
384 3261 562 3340 Rhysaddir,
585 3262 724 3325 Gaetulos
745 3263 914 3340 Autoteles,
943 3264 1049 3325 flumen
1073 3261 1164 3324 Cose-

173 3363 256 3423 num,
277 3353 381 3422 gentes
398 3345 536 3406 Selatitos
551 3353 581 3405 et
597 3343 741 3422 blasatos,
760 3346 1044 3424 numeratorum,
1060 3345 1166 3410 flumen
