2542 3842
362 184 443 235 uun.
462 184 554 233 rrrsr.
570 184 635 231 1111.
662 181 703 233 12.
729 172 882 251 (torna.)
1063 176 1122 237 169
1155 245 1160 251 ,

113 337 293 400 Callidemus
307 334 423 397 Chalcis
442 356 511 398 aere
528 338 567 397 ibi
581 338 702 415 primum
717 348 856 417 reperto,
872 348 902 399 ut
916 336 1121 402 Menaechmus

112 423 266 497 Abantias,
287 431 317 481 ut
331 432 438 499 poetae
454 422 544 498 volgo
561 422 682 500 Asopis.
1135 487 1137 495 Α

180 504 264 584 (22.)
287 504 377 566 Extra
394 524 457 566 eam
471 508 499 563 in
514 504 628 580 Myrtoo
644 504 763 580 multae,
776 504 828 564 sed
843 523 974 567 maxume
985 510 1163 573 Inlustres65

114 591 338 652 Glauconnesos
363 598 393 649 et
416 589 534 666 AegiIia
559 599 588 649 et
609 606 626 651 a
650 591 850 667 promontorio
877 589 1019 651 Geraesto
1044 595 1122 654 eirea

92 674 221 735 aDelum
248 676 276 733 in
298 672 399 733 orbem
423 675 512 748 sitae,
535 672 610 733 unde
635 683 665 733 et
681 687 786 732 nomen
808 682 942 750 traxere,
966 675 1121 751 Cyclades.
1171 664 1177 671 ’

113 758 207 819 Prima
228 776 326 817 earum
344 756 458 817 Andrus
482 774 546 817 oum
570 759 678 835 oppido
701 757 786 817 abest
807 775 824 817 a
847 756 989 818 Geraesto
1008 759 1037 819 X
1061 761 1120 821 mll.

113 860 214 921 pass,
239 860 255 901 a
279 839 341 900 Ceo
357 840 482 901 XXXIX
501 842 560 901 mil.
590 840 688 919 Ipsam
710 840 848 917 Myrsilus
864 840 997 918 Gauron,
1017 843 1122 904 deinde

113 925 285 987 Antandron
311 927 541 1001 eognomInatam
567 926 670 1000 tradit,
700 923 893 986 Callimachus
920 926 1050 1001 Lasiam,
1073 928 1123 987 alii

99 1009 307 1087 Nonagriam,
325 1007 519 1085 Hydrussam,
541 1008 690 1089 Epagrlm.
720 1019 801 1087 patet
817 1011 939 1069 oireuitu
953 1009 1121 1071 xcrnmn.

77 1112 194 1173 rupass.
225 1093 260 1152 ab
280 1093 382 1159 eadem
401 1092 502 1152 Andro
519 1111 624 1171 passus
647 1093 727 1153 mille
749 1102 779 1152 et
793 1111 810 1153 a
825 1092 901 1153 Delo
919 1092 974 1153 XV
987 1094 1046 1154 mil.
1065 1094 1121 1154 'Ie-

112 1194 168 1237 nos
191 1195 255 1237 oum
278 1176 387 1255 oppida
409 1178 436 1234 in
457 1175 511 1236 XV
533 1177 592 1235 mil.
617 1194 696 1254 pass.
721 1186 876 1255 porrecta,
899 1194 983 1255 quam
999 1188 1123 1257 propter

107 1260 253 1340 ‘aquarum
268 1260 468 1320 abundantiam
483 1260 661 1320 Aristoteles
682 1258 859 1335 Hydrussasn
878 1260 1054 1339 appellatam
1071 1264 1119 1338 ait,

113 1345 204 1423 aliqui
224 1343 408 1421 Ophiussam.
448 1352 566 1403 aetenae
587 1342 730 1419 Myoonos
751 1362 814 1403 oum
835 1354 932 1403 moute
953 1342 1082 1404 Dimasto
1104 1356 1163 1411 aua

112 1428 191 1489 Delo
205 1427 260 1488 XV
273 1427 332 1487 mil.
351 1445 448 1504 pass,
469 1426 594 1505 SIphnus
611 1436 677 1487 ante
693 1425 825 1505 Meropia
835 1436 871 1488 -et
887 1428 958 1487 Acis
972 1428 1122 1507 appellata

77 1531 103 1573 15
114 1513 236 1573 olreuitu
255 1509 380 1571 XXVIII
402 1512 460 1571 mil.
477 1528 628 1591 passuum,
652 1511 793 1590 SerIplrus
809 1510 878 1587 Xll,
901 1511 1120 1590 Prepesinthus,

115 1595 264 1670 Cythnos,
289 1596 412 1673 Ipsaque
442 1595 531 1671 longe
554 1595 712 1655 clarissima
738 1604 766 1656 et
793 1592 951 1669 Cycladum
971 1595 1064 1655 media
1086 1613 1122 1656 ao

113 1680 225 1758 templo
242 1678 389 1757 Apollinis
407 1687 436 1737 et
449 1687 577 1739 mereatu
601 1678 750 1741 celebrata
765 1678 879 1754 Delos,
902 1696 977 1757 quae
999 1680 1045 1739 diu
1068 1680 1119 1739 llu-

115 1773 227 1839 otuata,
258 1772 288 1823 ut
309 1763 458 1842 proditur,
486 1763 549 1824 sola
575 1772 682 1823 motum
708 1772 805 1823 terrae
825 1780 884 1821 non
907 1764 998 1822 sensit
1019 1764 1054 1823 ad
1079 1763 1118 1822 M.

113 1848 255 1907 Varronis
282 1856 416 1906 aetatem.
444 1845 593 1908 Mucianus
617 1847 745 1926 prodidit
765 1846 811 1906 bis
832 1856 1014 1910 consumans.
1045 1846 1120 1907 hano

78 1950 105 1991 ro
116 1930 295 1991 Aristoteles
317 1933 355 1990 ita
377 1930 552 2010 appellatam
573 1932 716 2009 prodidit,
739 1932 873 2009 quoniam
894 1939 1016 2009 repente
1032 1932 1119 2009 adpa-

5 2024 11 2035 ‘
114 2016 205 2075 ruerit
218 2024 312 2087 errata,
322 2013 541 2091 Aglaosthenes
556 2012 716 2091 Cynthium,
730 2014 779 2074 alii
791 2013 950 2089 Ortygiam,
963 2013 1119 2091 Asterium,

114 2099 242 2175 LagIam,
260 2096 466 2173 Chlamydiam,
484 2097 636 2173 Cynthum,
649 2098 786 2175 PyrpiIen
801 2098 868 2172 igne
881 2095 919 2155 ibi
937 2098 1057 2172 primum
1072 2115 1119 2156 re·

113 2192 211 2261 perto.
241 2178 374 2258 'olngitur
401 2180 428 2240 V
450 2180 508 2240 mll.
536 2197 688 2257 passuum,
714 2179 843 2253 adsurgit
864 2178 988 2253 Cynthio
1010 2187 1118 2239 monte.

113 2266 258 2327 Proxuma
279 2267 306 2323 ei
323 2264 424 2325 Rhene
446 2282 531 2343 quam
553 2262 716 2323 Antr'clides
734 2260 907 2322 Celadusam
927 2270 1030 2336 vocat,
1052 2264 1118 2321 item
1127 2270 1161 2327 67

77 2365 104 2406 as
115 2349 277 2409 Artemiten
293 2351 360 2408 item
377 2347 545 2409 Celadinen.
576 2349 668 2423 Syros
693 2364 777 2424 quam
799 2346 918 2405 circuitu
940 2354 1041 2424 patere
1064 2344 1119 2406 XX

113 2433 174 2494 mil.
202 2450 283 2511 pass.
307 2432 495 2509 prodiderunt
521 2442 657 2506 veteres,
684 2429 833 2490 Mucianus
862 2429 945 2490 CLX.
984 2427 1118 2505 Olearus,

114 2518 206 2577 Paros
225 2533 289 2576 oum
305 2516 423 2594 oppido,
441 2516 476 2576 ab
493 2516 570 2577 Delo
585 2514 737 2576 XXXVIII
756 2514 826 2590 mil,
842 2532 985 2575 marmore
1001 2514 1118 2588 nobilis,

116 2618 201 2677 quam
225 2602 317 2681 primo
341 2599 475 2675 Platean,
500 2610 604 2677 postea
625 2598 751 2660 Minoida
769 2609 920 2658 vocarunt.
951 2598 997 2657 Ab
1015 2616 1050 2657 aa
1065 2596 1119 2656 VII

116 2682 145 2741 M
161 2682 186 2742 D
201 2682 315 2758 Naxus,
339 2701 355 2743 a
370 2683 452 2743 'Delo
468 2682 578 2758 XVIII,
604 2700 669 2742 oum
683 2683 808 2760 oppido,
830 2699 914 2757 quam
930 2681 1118 2756 Strongylen,

80 2784 106 2825 ao
118 2764 222 2826 deinde
239 2765 330 2841 Dian,
351 2770 426 2826 ¹mon
438 2766 615 2841 Dionysiada
633 2784 649 2825 a
667 2768 816 2825 vlnearum
831 2763 995 2838 fertilitate,
1012 2764 1059 2837 alii
1074 2764 1117 2822 Si·

118 2850 212 2909 eiIiam
232 2851 371 2909 minorem
399 2860 447 2909 aut
469 2848 635 2927 Calleolim
666 2849 859 2926 appellarunt.
897 2855 977 2924 patet
996 2848 1117 2906 oirouitu

115 2931 220 2992 LXXV
234 2934 293 2991 mil.
310 2950 403 3012 pase,
419 2932 594 3010 dimidioque
612 2932 704 2990 maior
720 2939 765 2989 est
781 2947 864 3009 quam
881 2929 982 2988 Paros.

181 3014 265 3095 (23.)
282 3016 320 3075 Et
334 3017 473 3078 haetenus
486 3017 600 3093 quidem
613 3012 757 3089 Cycladas
769 3019 896 3087 servant,
914 3021 1028 3072 ceteras
1042 3030 1116 3090 quae
1125 3023 1161 3078 68

117 3109 255 3160 secuntur
276 3100 434 3178 Sporadas.
466 3101 537 3159 Sunt
560 3096 797 3178 autem'llelene,
812 3095 974 3171 Phacussa,
990 3096 1118 3172 Nicasia,

83 3193 108 3233 ³⁵
119 3184 291 3259 Salluussa,
308 3182 544 3259 Pholegandros,
568 3191 597 3239 et
613 3198 629 3239 a
644 3181 728 3240 Naxo
745 3178 895 3239 XXXVIII
908 3180 967 3239 mil.
983 3198 1119 3257 passuum

117 3266 228 3340 Ioaros,
246 3284 320 3345 quae
338 3283 443 3324 nomen
456 3268 526 3324 mari
542 3263 638 3339 dedit,
654 3263 818 3322 tantundem
833 3265 897 3341 ipsa
916 3264 946 3322 in
966 3260 1125 3340 longitudi'

117 3368 183 3409 nem
198 3358 312 3427 patens,
330 3366 394 3409 oum
406 3346 522 3426 oppidls
537 3348 667 3422 duobus,
688 3349 774 3407 tertio
792 3348 910 3423 amisso,
934 3355 1001 3407 ante
1015 3354 1120 3405 vocata

118 3432 243 3495 DoIIohe
257 3442 285 3511 et
297 3432 403 3495 Mauris
421 3440 450 3493 et
461 3430 661 3509 lohthyoesaa.
683 3432 738 3493 sita
749 3440 795 3493 ast
806 3430 842 3491 ab
860 3438 964 3490 exortu
974 3428 1121 3490 solstitiali
