2542 3842
311 180 313 183 ’
393 183 778 270 nsu.rr1su.r.(x.1xr.)
891 221 898 241 ε
1065 194 1104 256 21

110 352 173 431 llyla
193 354 244 432 qui
262 352 297 413 de
308 354 458 431 auguriis,
476 353 654 431 Aristotele,
671 351 890 438 Theophrasto,
905 358 1103 439 'Callimacho

107 437 268 513 Aeschylo,
283 437 412 499 Hierone
427 456 517 516 rege,
533 438 732 501 Philometore
746 461 834 520 rege,
850 445 980 522 Archyta
996 447 1103 508 Taren·

105 527 172 600 tino,
190 521 386 602 Amphilocho
402 522 593 600 Atheniense,
610 525 768 605 Anaxipoli
785 526 901 605 Thasio,
917 531 1103 611 Apollodoro

105 609 238 682 lemnio,
257 606 453 688 Aristophane
468 607 600 685 Milesio,
618 610 767 688 Antigono
784 610 922 689 Cymaeo,
938 616 1104 695 Agathocle

89 693 190 769 achia,
209 693 370 772 Apollonio
387 692 582 769 Pergameno,
599 694 772 757 Aristandro
790 692 960 774 Athenaeo,
976 702 1103 765 Bacchio
1146 701 1152 707 ’

107 778 230 853 hlilesio,
248 778 341 837 Rioue
356 778 498 853 Solense,
516 776 647 841 Chaerea
664 780 860 855 Atheniense,
878 782 1008 844 Diodoro
1023 787 1102 847 Prie·

106 878 191 939 naeu,
214 861 308 922 Dione
326 859 525 941 Colophonio,
549 863 734 942 Democrito,
758 866 912 946 Diophane
927 867 1102 946 Nicaeense,

106 948 239 1027 Epigene
264 946 395 1023 Rhodio,
421 946 562 1025 Euagone
588 948 712 1027 Thasio,
740 949 910 1030 Euphronio
938 951 1103 1030 Athenaeo,

106 1032 188 1107 luha,
213 1030 393 1092 Androtione
417 1033 464 1111 qui
486 1033 523 1092 de
541 1034 732 1110 agricultura,
756 1036 939 1098 Aeschrioue
958 1039 1008 1119 qui
1023 1039 1103 1115 item,

81 1135 101 1176 to
108 1116 276 1192 Lysimacho
292 1117 340 1195 qui
358 1118 442 1192 item,
469 1115 610 1193 Dionysio
626 1120 674 1197 qui
689 1118 844 1197 hlagonem
857 1123 1016 1199 transtulit,
1032 1122 1102 1184 Dio·

109 1200 199 1279 phane
216 1201 265 1279 qui
281 1218 319 1261 ex
336 1199 475 1276 Dionysio
493 1203 639 1281 epitomen
656 1203 737 1280 iecit,
754 1204 911 1281 Nicandro,
926 1204 1102 1285 Onesicrito,

107 1285 279 1361 Phylarcho,
294 1283 433 1347 Hesiodo.
836 1297 840 1310 ¹

164 1369 254 1430 Libro
270 1367 320 1429 Xl.
341 1372 524 1431 continentur
538 1371 715 1431 insectorum
730 1372 890 1434 animalium
905 1392 1025 1454 genera.
1050 1377 1102 1455 (1)

108 1454 254 1515 Subtilitas
270 1454 299 1513 in
313 1454 358 1515 bis
373 1455 461 1515 rebus
478 1463 606 1515 naturae.
639 1455 692 1536 (2)
709 1456 755 1516 An
773 1459 898 1536 spirent,
920 1479 957 1520 an
977 1460 1103 1521 habeant

24 1608 26 1619 .
80 1541 283 1618 tasanguiuem.
319 1537 371 1618 (3)
394 1539 439 1600 De
468 1557 593 1619 corpore
619 1557 728 1601 eorum.
767 1543 903 1623 (aa-23)
928 1544 972 1606 De
998 1545 1102 1625 apibus
1135 1532 1139 1544 ¹

106 1620 154 1714 (5.
178 1622 323 1705 quiordo
346 1625 375 1683 in
396 1639 487 1703 opere
505 1636 616 1686 earum.
648 1625 677 1686 6.
696 1627 763 1704 quid
779 1628 816 1686 sit
836 1630 864 1686 in
881 1644 918 1687 eo
934 1632 1100 1705 commosis,

105 1710 225 1791 quidsit
239 1710 428 1787 pissoceros,
455 1710 522 1787 quid
538 1711 574 1769 sit
590 1710 733 1789 propolis,
764 1712 792 1769 7.
802 1709 877 1791 'quid
893 1714 1022 1775 erithace
1037 1717 1100 1778 sive

105 1796 263 1857 sandaraca
282 1794 342 1853 sive
361 1792 524 1869 cerinthos,
557 1792 585 1853 8.
603 1812 641 1853 en
658 1794 763 1874 quibus
775 1795 900 1856 boribus
915 1814 1006 1877 opera
1022 1798 1098 1859 liant.

104 1882 134 1941 9.
150 1879 250 1957 apium
267 1877 362 1937 studio
385 1878 470 1956 eapti.
504 1878 551 1937 10.
570 1878 643 1937 ratio
667 1880 776 1957 operis.
811 1881 858 1940 11.
879 1882 915 1942 de
931 1882 1014 1944 fucis.
1051 1883 1097 1944 12.

72 1982 179 2045 aequae
196 1971 295 2021 natura
311 1961 424 2036 mellis,
450 1960 497 2021 13.
515 1980 589 2041 quae
612 1972 728 2041 optuma
747 1964 845 2041 mella,
881 1967 927 2027 14.
951 1986 1026 2047 quae
1047 1986 1100 2046 ge·

102 2046 288 2120 neramellis
313 2047 340 2106 in
364 2044 671 2123 singulislocis,·15.
695 2050 841 2127 quomodo
862 2052 1031 2128 probentur.
1062 2054 1100 2113 de

105 2136 184 2194 erice
206 2133 267 2192 siue
291 2131 425 2191 tetralice
452 2132 514 2190 sive
538 2131 642 2205 sisyro.
676 2133 724 2192 16.
749 2134 895 2210 quomodo
916 2152 989 2211 apes
1009 2154 1099 2211 gene-

106 2226 180 2277 rent.
207 2218 252 2275 17.
266 2234 342 2294 quae
354 2216 502 2293 regiminis
514 2216 597 2273 ratio.
627 2212 675 2274 18.
689 2214 844 2292 aliqnando
856 2225 887 2273 et
897 2216 1003 2275 laetum
1015 2234 1100 2277 omen
1167 2282 1170 2286 ,

106 2320 173 2361 esse
198 2302 366 2361 examinum.
390 2300 447 2368 ,19
463 2304 574 2377 genera
595 2298 700 2375 apium.
730 2298 781 2357 20.
804 2297 842 2357 de
861 2297 971 2358 morbis
993 2301 1097 2379 apium.

73 2403 97 2441 aa
107 2385 156 2445 21.
171 2404 245 2463 quae
261 2384 376 2443 inimica
387 2383 506 2462 apibus.
537 2381 586 2441 22.
604 2383 642 2442 de
657 2383 839 2443 continendis
854 2383 966 2463 apibus,
995 2383 1045 2445 23.
1062 2386 1099 2445 dc
1152 2410 1156 2415 ·

102 2463 302 2554 reparandis).
335 2467 407 2547 (24)
423 2467 468 2529 Dc
489 2468 589 2546 vespis
605 2476 635 2526 et
650 2466 848 2528 crabronibus.
877 2486 952 2548 quae
967 2470 1098 2531 animalia

101 2572 139 2615 ex
165 2554 262 2614 alieno
289 2571 370 2615 suum
397 2552 511 2611 iaciant.
551 2550 706 2631 (at-27)
732 2552 778 2612 lle
806 2552 950 2629 bombyce
977 2555 1098 2630 Assyria

100 2632 175 2724 (26.
194 2639 231 2699 de
248 2637 420 2711 bombyliis,
438 2636 597 2711 necydalis.
624 2653 699 2713 quae
715 2639 805 2715 prima
817 2639 962 2700 invenerit
977 2639 1098 2712 bomby-

100 2726 193 2784 cinam
213 2730 336 2781 vestem.
370 2720 419 2781 27.
437 2720 473 2780 de
498 2719 642 2795 bombyce
658 2718 729 2783 Coa.
759 2721 905 2800 utromodo
930 2724 1098 2783 conficiatur

25 2844 26 2847 ,
69 2798 302 2893 succencetis).
335 2803 400 2883 (28.
418 2803 473 2883 29)
491 2804 537 2863 De
558 2805 672 2864 araneis
689 2798 760 2890 (qui
775 2824 813 2866 ex
827 2806 873 2865 his
887 2796 1004 2866 tenant'
1022 2824 1096 2883 quae

99 2893 240 2951 materiae
262 2899 362 2951 natura
383 2889 420 2949 ad
442 2889 606 2949 texendum.
644 2888 694 2949 29.
716 2891 869 2965 generatio
893 2883 1095 2975 araneorum).

25 3040 27 3061 ,
102 2973 174 3053 (36)
192 2975 239 3035 De
255 2972 467 3053 scorpionibus.
502 2972 573 3051 (31)
595 2973 632 3032 de
653 2972 845 3033 stellionibus.
879 2970 951 3053 (32)
967 2972 1005 3034 de
1021 2974 1095 3034 cica·
1203 3029 1206 3037 ,

99 3060 154 3119 dis.
186 3060 249 3119 sine
268 3076 320 3119 ore
338 3074 422 3133 esse,
444 3058 506 3117 sine
523 3059 600 3117 exitu
617 3057 684 3117 cibi.
717 3056 789 3135 (33)
808 3056 844 3115 de
860 3057 953 3135 pinnis
969 3060 1097 3120 insecto-
1162 3093 1165 3102 ι

98 3162 170 3203 ιιιιιι.
199 3142 272 3223 (34)
290 3143 327 3203 de
343 3141 520 3203 scarabaeis.
544 3141 731 3217 lampyridas,
746 3140 858 3219 reliqua
873 3144 1096 3204 scarabaeormn

67 3243 91 3284 aa
99 3234 227 3305 genera,
247 3226 553 3305 asilueppapilioues.
589 3224 661 3305 (35)
678 3223 714 3284 de
733 3226 861 3285 locustis.
896 3227 966 3307 (36)
984 3228 1020 3287 de
1037 3227 1095 3286 lor·

97 3312 191 3375 micis.
226 3310 299 3391 (37)
322 3308 529 3384 chrysallides.
562 3308 633 3388 (38)
650 3310 695 3368 De
716 3309 761 3369 his
785 3310 953 3371 animalibus
968 3328 1042 3390 quae
1058 3329 1096 3370 en

97 3396 179 3475 ligno
195 3406 245 3458 aut
258 3398 288 3457 in
299 3395 381 3471 ligno
398 3404 559 3455 nascuntur.
587 3392 658 3472 (39)
675 3393 807 3454 Sordium
822 3394 944 3455 hominis
955 3394 1094 3453 animalia.
1175 3410 1178 3421 ·

98 3482 178 3557 quod
200 3474 307 3549 animal
328 3480 487 3541 minumum.
518 3479 636 3561 aestatis
659 3480 798 3538 animalia.
834 3479 906 3555 (46)
923 3477 1034 3535 Animal
1050 3475 1121 3570 cui,
