2542 3842
158 177 220 238 214
510 184 540 232 0.
557 183 654 232 eumn
669 183 818 232 amenum
941 192 944 198 ·

113 337 164 408 ὅθ’
226 341 274 401 10.
298 337 383 418 (21.)
407 339 498 416 Tylen
512 339 604 400 iuenla
619 340 649 398 in
663 340 767 400 eodem
789 341 852 400 aian
873 347 932 414 ent,
948 341 1062 420 repleta
1075 342 1168 402 silvie

156 443 211 506 qua
230 432 344 524 speetat
360 425 500 484 orientem
516 439 629 502 quaque
646 432 676 484 et
691 425 756 501 ipsa
768 432 851 483 aeetu
866 426 954 485 marie
965 425 1164 504 perfunditur.

154 505 320 588 magnrttrdo
341 509 461 586 singulis
482 507 635 568 arboribus
650 507 712 583 llai,
733 507 789 566 llas
803 509 945 568 marture
959 509 1163 585 inenarrabili,

155 607 271 674 pomum
285 592 384 670 lupino
405 593 514 667 simile,
531 601 652 670 prepter
671 592 858 670 asperitatem
873 592 1009 655 intactum
1024 592 1162 652 omnibns

155 676 335 739 animalibus.
372 671 510 736 Elnedem
522 676 635 737 insulae
655 675 821 735 exeeleiure
844 687 985 753 suggestu
1006 677 1187 753 lanigeraea

155 762 278 822 arborea
293 759 350 820 allo
367 760 453 820 mado
472 775 555 838 quam
570 760 683 819 Sarum.
710 759 755 818 lrie
769 759 840 820 lolia
853 759 1006 820 inleauntla
1024 778 1113 838 quae,
1129 764 1162 820 ni

103 875 105 880 ·
154 847 264 904 minora
288 853 402 919 essent,
425 846 523 904 titium
543 852 678 922 poterant
693 843 795 904 rideri
831 842 929 904 ierunt
948 845 1015 905 mali
1037 847 1160 905 cotonei

155 929 340 1010 amplitudine
352 926 516 988 enunrlritan
527 944 600 1005 quae
614 928 777 987 maturitate
789 937 896 1005 ruptae
909 929 1064 988 ostendunt
1074 929 1161 989 lanu·

112 1013 230 1091 uliginis
247 1013 321 1094 pilae
334 1027 371 1072 ex
385 1011 488 1089 quibua
500 1013 591 1071 vestie
604 1012 733 1089 pretioso
749 1011 839 1071 lintea
856 1010 972 1072 laniunt.
1005 1014 1052 1072 11.
1069 1013 1160 1072 arbe·

148 1111 204 1156 res
224 1106 330 1156 vocant
350 1096 554 1174 gossypinum,
574 1095 719 1156 lertiliore
738 1097 824 1155 etlam
839 1093 1057 1171 inluminare,
1078 1113 1195 1175 quaem

156 1181 278 1242 dietatx
299 1177 420 1260 liparas.
952 1196 959 1221 ¹
1084 1200 1087 1209 ’

219 1261 303 1343 (22.)
322 1262 393 1323 Iuba
415 1265 492 1324 eirea
513 1264 647 1323 fruticem
664 1263 814 1340 lanugines
837 1279 905 1322 ense
927 1265 1028 1338 tradit,
1053 1264 1158 1325 lintea-

156 1366 211 1427 que
229 1365 264 1408 ea
279 1347 384 1407 Indicis
401 1348 625 1427 praestantiora,
645 1347 770 1407 Arabiae
786 1354 882 1406 antem
896 1348 1018 1408 arboren
1038 1366 1077 1406 ex
1092 1351 1159 1426 qui·

155 1423 209 1491 bue
223 1423 314 1516 vestie
329 1431 437 1491 laniant
452 1449 540 1506 cynas
562 1431 679 1505 vocari,
694 1430 766 1490 lolio
781 1431 894 1510 palmae
909 1432 1005 1491 simili.
1041 1432 1091 1492 Sia
1107 1435 1159 1492 In-

153 1515 208 1575 rlea
224 1531 293 1576 reae
308 1515 430 1576 arboren
442 1517 575 1575 vestiunt.
608 1517 636 1574 in
649 1514 729 1589 l'y‘lin
744 1523 838 1574 autam
852 1515 953 1576 atalia
967 1516 1055 1574 arlror
1068 1515 1159 1576 flaret
1170 1529 1193 1570 nn

155 1599 240 1660 albae
248 1600 348 1658 violae
361 1601 474 1676 speeie,
491 1598 544 1657 ned
556 1597 749 1676 magnitudine
765 1599 955 1676 quadriplam
973 1601 1035 1658 sine
1048 1600 1157 1676 adore,

85 1691 90 1696 '
155 1681 380 1762 quodmiremur
395 1684 423 1739 ln
439 1690 590 1741 eotraetu.
883 1704 887 1712 ·

111 1775 148 1830 40
217 1763 300 1842 (23.)
323 1759 376 1833 Est
391 1762 490 1823 atalia
505 1764 620 1840 similis,
636 1763 772 1824 1011001οιμ
789 1774 894 1838 tamen,
909 1765 1047 1843 remique
1060 1765 1156 1841 ilaris,

153 1863 238 1930 quem
253 1856 340 1906 nauta
356 1847 539 1925 conpriment
554 1849 669 1925 aperire
685 1849 785 1926 incipit
803 1847 875 1906 solie
894 1857 1014 1923 exortu,
1031 1851 1156 1910 meridie
1248 1874 1250 1879 ·

152 1929 299 2010 expandit.
331 1931 446 1992 ineolae
461 1931 587 1991 dormire
603 1930 782 1991 enm‘rlieuat.
813 1930 882 1990 Fert
898 1931 1002 1991 eatlem
1015 1933 1112 1993 insula
1126 1944 1190 1994 etee

152 2017 262 2095 palmae
282 2014 423 2094 oleaeque
450 2031 484 2076 aa
509 2016 575 2075 ritis
591 2025 620 2075 et
641 2031 704 2075 eum
727 2015 847 2093 reliquu-
867 2031 1017 2094 pomorum
1039 2033 1157 2092 genere

151 2100 234 2161 uena.
267 2099 338 2160 nulli
359 2101 493 2162 arborum
518 2099 819 2176 taliamentum,
850 2101 1018 2179 rigaturque
1044 2101 1155 2177 gelidis

152 2184 280 2245 lontibus
296 2185 433 2244 etlmltrle
449 2185 566 2262 aaelplt.
621 2229 624 2250 ,

108 2277 142 2332 41
213 2267 298 2348 (24.)
322 2267 461 2329 Vleinltae
475 2268 601 2328 Arabiae
618 2267 729 2344 flagitat
740 2269 881 2346 quandam
894 2285 1036 2345 genarum
1050 2266 1149 2326 matin-

153 2353 294 2430 ationem,
318 2354 450 2432 quoniam
471 2351 581 2412 fruetus
602 2353 638 2410 iis
657 2360 789 2412 coaetant
807 2353 923 2428 radice,
944 2352 1065 2424 frutice,
1079 2363 1184 2406 ear-ne

149 2437 226 2512 tiae,
244 2451 333 2508 aneo,
349 2435 481 2509 lacrima,
498 2429 595 2512 ligno,
612 2435 741 2510 surculo,
758 2435 847 2508 llere,
865 2435 949 2511 iulio,
966 2451 1061 2514 pame-
1078 2493 1082 2499 .

217 2519 266 2581 12.
286 2517 370 2595 (25.)
386 2515 477 2577 liadix
493 2527 522 2577 et
537 2518 638 2578 lolium
654 2518 732 2577 ludia
747 2521 776 2576 in
792 2535 926 2578 maxumo
940 2521 1042 2597 pretia.
1063 2516 1151 2576 radix

151 2605 225 2663 noeti
236 2607 322 2676 gustu
334 2601 462 2676 lemene,
480 2603 571 2662 odore
586 2603 701 2676 eximia,
716 2601 823 2662 imtiee
839 2603 912 2662 alias
925 2594 1024 2662 inutili.
1051 2599 1151 2675 primo

150 2688 245 2746 statim
265 2685 382 2754 introitu
404 2687 492 2746 amnis
508 2685 568 2746 lndi
590 2685 619 2744 in
637 2685 736 2744 Patale
753 2683 846 2746 insula
867 2686 923 2745 tlun
947 2689 1010 2746 eiua
1025 2697 1152 2759 genera,

130 2825 132 2828 .
148 2769 259 2845 nigmm
275 2777 304 2828 et
322 2767 398 2847 qnotl
415 2763 521 2831 mellae
536 2765 698 2829 eantlieans.
725 2771 850 2848 pretinm
865 2771 894 2829 iu
908 2770 997 2830 librae
1011 2767 1039 2828 X
1052 2773 1084 2825 v.
1162 2782 1188 2823 ae

105 2865 141 2920 40
213 2851 297 2996 (wip
319 2853 365 2912 De
384 2853 455 2914 lolio
476 2853 557 2913 nardi
583 2853 666 2931 plura
686 2853 743 2913 diei
763 2869 817 2933 par
838 2863 884 2913 eet
901 2863 933 2913 ut
951 2850 1107 2932 prineipali
1121 2852 1153 2910 in

147 2948 263 3014 unguen
287 2955 311 2995 a.
347 2936 444 2996 imtex
465 2946 510 2996 eat
529 2937 614 3015 gravi
637 2946 666 2996 et
692 2955 793 2999 areana
812 2937 911 2998 radiae
932 2936 986 2997 aed
1008 2935 1092 2994 lrreri
1115 2951 1153 2994 ae

32 3033 38 3045 ¹
146 3021 228 3098 nlgm
243 3019 409 3098 fragilique,
426 3017 557 3098 quamvis
570 3021 679 3099 pingui,
695 3022 781 3093 aium
790 3021 954 3097 redolente,
970 3023 1000 3079 ut
1015 3019 1148 3096 cypiron,

77 3175 85 3190 ο
147 3119 253 3184 anparo
268 3117 391 3182 sapore,
407 3103 479 3164 lulio
494 3121 586 3184 parva
599 3105 761 3183 densaque.
791 3107 939 3177 eaeumina
952 3107 982 3164 in
995 3104 1101 3162 ar’mtae
1115 3119 1151 3160 ee

147 3196 304 3263 spargunt,
327 3187 393 3246 ideo
414 3190 528 3264 gemina
549 3185 716 3248 damnarit
730 3190 830 3268 eptem
851 3188 971 3249 ae'lalia
986 3185 1148 3248 celebrem.
1160 3201 1187 3243 aa
1233 3259 1237 3267 ,

41 3267 43 3276 ‘
147 3268 347 3328 alterum‘elue
363 3284 456 3351 genua
471 3271 547 3349 apntl
568 3271 688 3348 (langen
702 3287 828 3333 naeueua
848 3274 996 3333 damnatur
1014 3273 1043 3330 in
1056 3277 1150 3328 tatem

104 3347 327 3436 ssmaenltltlus
342 3355 474 3428 nomine,
490 3350 568 3412 elrns'
589 3355 742 3414 radalene.
775 3357 954 3416 adulteratur
976 3365 1007 3415 et
1020 3351 1149 3432 pecude·

145 3431 234 3490 nardo
251 3430 341 3494 herba
358 3449 431 3512 quae
447 3435 553 3514 uirique
575 3441 701 3497 nascitur
716 3439 965 3518 eraeelareatque
982 3439 1086 3500 latiore
1103 3436 1150 3496 la-
