2542 3842
350 234 612 285 unr.sr1su.·xu
636 230 681 288 at.
705 203 854 306 (tt-83.)
1043 226 1103 289 19³
1136 252 1160 269 ·‹
1257 213 1259 302 f

104 388 183 449 nullo
197 389 339 467 pondere,
356 382 514 465 singulare,
527 397 556 448 ut
566 398 677 471 putant,
693 378 850 453 remedium
865 373 954 470 aegre
969 372 1102 473 parienti·
1149 383 1157 397 ’

104 473 168 550 bus,
187 476 212 533 si
227 473 362 533 tellurem
377 490 434 532 nou
449 474 585 550 attigerit.
773 469 775 476 '
1257 523 1258 552 ,

147 586 149 589 v
163 554 437 639 (septentrionum
457 564 543 637 atque
557 560 690 618 intestina
705 559 802 639 pingui
817 576 851 619 ao
866 560 944 620 tenui
963 571 1078 624 omento
1091 573 1145 627 ²04
1169 626 1173 632 ,
1257 573 1258 636 j

104 642 269 719 integuntur
280 650 482 721 praeterquam
498 659 554 701 ova
570 642 764 721 gignentibus.
781 642 853 702 Huic
868 640 1029 720 adnectitur
1042 645 1103 707 lien

79 725 131 784 sin
147 726 263 785 sinistra
283 734 366 802 parte
387 724 526 785 adversus
548 725 657 800 iecori,
682 744 744 786 cum
766 743 822 805 quo
837 725 933 788 locum
947 728 1102 807 aliquando

103 818 255 889 permutat,
273 808 324 869 sed
345 807 524 889 prodigiose.
543 810 656 889 quidam
672 829 737 870 eum
750 819 849 891 putant
864 811 961 874 inesse
979 829 1035 875 ova
1050 832 1099 893 pe

102 892 259 969 rientibus,
276 894 344 953 item
360 892 543 973 serpentibus
559 894 711 954 admodum
725 894 868 974 exiguum.
898 894 938 955 ita
955 906 1035 957 certe
1051 891 1099 959 ad·

102 986 187 1055 paret
208 978 237 1036 in
257 976 401 1037 testudine
417 984 446 1036 et
462 977 610 1037 crocodilo
634 987 663 1038 et
676 977 794 1039 lacertis
810 986 840 1038 et
855 980 941 1040 ranis.
973 998 1101 1059 aegocffi

102 1058 190 1140 pbalc
212 1063 258 1121 avi
278 1077 335 1120 nou
356 1061 455 1119 inesse
477 1070 603 1138 constat,
635 1080 730 1140 neque
751 1062 787 1121 iis
807 1080 881 1141 quae
902 1072 1018 1127 careant
1032 1084 1097 1128 sau-

68 1144 199 1221 uoguine.
228 1142 394 1224 'peculiare
423 1162 523 1205 cursus
552 1146 774 1225 inpedimentum
800 1144 953 1225 aliquando
978 1148 1009 1207 in
1032 1161 1140 1225 costos

65 1272 71 1277 -
103 1226 289 1307 quamobrem
312 1230 443 1288 minuitur
465 1247 612 1289 cursorum
631 1225 836 1289 laborantibus.
873 1240 902 1289 et
922 1249 976 1311 per
996 1231 1098 1295 volnus

103 1314 188 1373 etiam
204 1321 340 1391 exempto
356 1314 457 1372 vivere
473 1312 604 1373 animalia
619 1312 740 1373 tradunt.
781 1314 847 1374 sunt
860 1314 909 1395 qui
926 1325 1025 1394 puteut
1039 1316 1097 1379 adi·

101 1397 140 1455 mi
152 1397 236 1457 simul
247 1397 335 1456 risum
348 1396 455 1456 homini
467 1396 767 1475 intemperantiamque
784 1398 846 1455 eius
863 1408 999 1461 constare
1014 1400 1098 1466 lienis

53 1481 58 1497 ⁸
101 1479 306 1559 magnitudine.
340 1479 430 1541 Asiae
444 1482 527 1558 regio
543 1480 664 1557 Scepsis
686 1479 867 1559 appellatur,
887 1483 917 1541 iu
936 1500 993 1563 qua
1008 1486 1096 1548 minu·

67 1572 93 1616 1⁵
103 1582 167 1624 mos
184 1582 250 1624 esse
309 1564 512 1644 contradunt,
532 1560 642 1623 atinde
658 1562 694 1624 ad
708 1564 813 1624 lienem
829 1566 944 1628 invecta
955 1561 1095 1631 remedia.

165 1648 247 1729 (81.)
260 1582 338 1709 dior
352 1648 459 1727 Brileto
472 1640 500 1705 et
512 1642 624 1707 Tharne
641 1650 773 1727 quaterni
787 1666 876 1731 renes¹
888 1644 995 1727 cerus,
1013 1662 1139 1718 con-auo

98 1740 144 1794 tra
159 1733 282 1811 pinnatis
299 1732 517 1811 squamosisque
532 1730 610 1790 nulli.
629 1728 675 1793 lle
691 1740 791 1793 cetero
809 1733 925 1795 summis
939 1734 1098 1806 adhaerent

100 1814 213 1883 lumbis,
245 1817 349 1883 dexter
368 1814 498 1876 omuibus
519 1814 622 1874 elatior
641 1824 670 1874 et
684 1816 776 1876 minus
791 1818 904 1897 pinquis
922 1819 1096 1898 sicciorqne.

100 1902 215 1981 utrique
231 1910 326 1960 autem
340 1898 507 1979 pinguitudo
526 1916 542 1957 e
557 1898 653 1961 medio
667 1902 727 1960 exit
744 1909 947 1980 praeterquam
961 1904 992 1961 iu
1004 1904 1097 1965 uitulo

64 1984 221 2045 aomarino.
256 1983 386 2043 animalia
406 1984 434 2040 in
454 1980 570 2040 renibus
588 1984 791 2062 pinguissima,
807 2002 880 2047 oves
894 1985 1009 2063 quidem
1023 1988 1096 2050 leta-

99 2067 168 2127 liter
190 2068 298 2125 circum
320 2084 372 2127 eos
393 2072 530 2125 concreto
547 2066 656 2143 pingui.
687 2064 841 2143 aliquando
855 2066 884 2129 in
898 2068 933 2128 iis
949 2070 1095 2131 inueniun-

14 2178 15 2185 ¹
98 2159 147 2211 tur
164 2149 266 2228 lapilli.
299 2146 404 2209 ‘Renes
429 2145 535 2207 babent
555 2146 649 2211 omnia
670 2148 879 2227 quadripedum
898 2168 973 2231 quae
992 2154 1098 2217 animal

96 2242 251 2312 generant,
267 2250 322 2293 oua
336 2231 505 2311 parientium
522 2231 636 2292 testudo
651 2232 726 2308 sola,
742 2250 817 2313 quae
832 2242 862 2293 et
875 2234 933 2297 alia
946 2240 1040 2300 omnia
1053 2240 1095 2299 ri-
1160 2299 1164 2303 Α

29 2320 30 2323 ’
97 2336 197 2392 scere,
214 2316 266 2377 sed
282 2326 310 2376 ut
324 2314 409 2376 bomo
423 2312 538 2374 bubulis
549 2316 650 2379 similis
664 2316 773 2384 uelute
784 2318 880 2378 multis
893 2318 1012 2381 renibus
1026 2338 1095 2383 con·

63 2414 90 2457 2⁵
121 2402 225 2462 ositos.
819 2451 823 2455 Α

100 2421 118 2483 p
163 2484 245 2565 (82.)
263 2482 382 2559 Pectus,
403 2482 461 2543 boc
477 2491 521 2541 est
538 2498 620 2557 ossa,
639 2484 820 2564 praecordiis
834 2495 864 2546 et
879 2487 1015 2549 uitalibus
1027 2496 1135 2554 nur-not

99 2580 163 2643 tura
187 2567 388 2643 circumdedit,
410 2575 438 2626 at
452 2566 561 2643 uentri,
583 2585 669 2647 quem
689 2587 814 2654 neeespe
836 2579 899 2631 erat
914 2571 1094 2649 inerescere,

99 2654 215 2715 ademit.
247 2650 316 2713 nulli
331 2650 491 2732 animalium
506 2652 584 2711 circa
598 2662 728 2716 ventrem
750 2671 827 2719 ossa.
863 2663 969 2733 pectus
986 2655 1094 2719 bomini

99 2744 207 2797 tantum
226 2733 328 2811 latum,
352 2734 472 2813 reliquis
493 2736 666 2811 carinatum,
682 2736 852 2802 volucribus
866 2739 959 2815 magis
973 2748 1004 2801 et
1019 2742 1094 2810 inter

66 2840 151 2883 aoeas
166 2822 304 2901 aquaticis
321 2836 460 2881 maxume.
489 2828 588 2880 costae
603 2819 709 2879 homini
722 2828 865 2899 octonae,
880 2820 970 2882 subus
986 2818 1091 2895 denne,
1136 2823 1139 2830 ‘

99 2904 260 2981 cucumeris
275 2900 430 2978 tredecim,
448 2901 632 2981 serpentibus
653 2903 778 2979 triginta.

160 2990 244 3075 (83.)
266 2990 343 3056 mua
359 2990 454 3053 alvom
468 2998 513 3051 est
527 3008 545 3051 u
559 2992 658 3067 priore
674 3000 760 3070 parte
772 2991 889 3065 vesica,
909 3008 984 3071 quae
999 2989 1133 3056 nulli-aus

97 3096 154 3139 ora
173 3077 367 3157 gignentium,
391 3082 509 3153 praeter
530 3072 722 3149 testudinem,
736 3073 812 3136 nulli
831 3074 888 3138 nisi
903 3075 1092 3151 unomen

14 3224 15 3229 ,
97 3160 262 3243 pulmonem
276 3158 403 3233 habenti,
419 3155 489 3217 nulli
502 3156 625 3237 pedibus
641 3158 808 3218 carentium.
837 3160 913 3225 iuter
929 3156 1103 3219 canusini·
1197 3199 1199 3202 -
1257 3163 1258 3166 ’

14 3236 15 3261 ³
62 3258 165 3307 strom
184 3243 307 3307 arteriae
327 3240 364 3305 ad
384 3240 490 3321 pubem
509 3240 663 3303 tendentes
681 3259 756 3319 quae
770 3240 819 3301 ilia
839 3241 1032 3321 appellantur.
1062 3241 1093 3301 in

97 3331 198 3394 uesica
219 3328 280 3409 lupi
293 3326 409 3406 lapillus
423 3320 473 3405 qui
489 3326 594 3401 syrites
609 3333 746 3400 vocatur,
762 3324 817 3385 sed
830 3326 859 3396 in
872 3325 1016 3394 homiuum
1028 3325 1090 3402 qui·

99 3414 220 3478 busdam
238 3413 301 3474 diro
318 3410 446 3489 cruciatu
467 3408 586 3473 subinde
606 3417 762 3469 nascentes
784 3408 888 3472 calculi
900 3418 933 3472 et
950 3418 1092 3477 emturum

99 3498 311 3579 capillamenta.
342 3495 441 3555 vesica
456 3492 619 3554 membrana
635 3502 747 3553 constat
757 3510 831 3572 quae
847 3494 999 3553 uolnerata
1015 3493 1089 3554 eica-

142 3604 204 3643 nnr.
219 3602 289 3643 mor.
304 3600 373 3640 nutu.
385 3582 431 3638 ll.·
894 3577 931 3639 13
