2542 3842
178 150 236 213 192
517 160 547 209 c.
563 158 822 209 unumsuouunr

173 335 244 377 rosa
266 316 390 375 exilitas.
435 316 463 375 in
485 316 585 375 eadem
606 316 763 395 praecipua
782 314 1057 390 hilaritatis-sedes,
1089 318 1177 394 quod

174 400 286 460 titillatu
303 416 435 459 maxume
448 398 625 475 intellegitur
642 399 749 471 alarum
770 399 806 457 ad
824 399 1001 477 quassabit,
1024 416 1081 458 non
1098 400 1175 461 alibi

175 485 304 543 tenuiore
323 481 443 542 humana
461 492 542 558 cute,
561 482 627 541 ideo
642 482 780 542 scabendi
795 481 945 542 dulcedine
960 482 1001 541 ibi
1016 478 1173 560 proxuma.

175 566 212 627 oh
227 566 284 626 hoc
305 568 333 625 in
353 566 471 645 praeliis
493 566 741 644 gladiatorumque
759 567 935 643 spectaculis
963 576 1173 639 mortenscnm

173 652 230 710 risu
248 651 368 711 traiectu
386 650 557 728 praecordia
571 649 734 726 attuleruut.
1178 675 1193 714 s

133 742 182 798 199
231 732 328 813 (78.)
345 732 450 799 Subest
465 742 567 793 venter
584 732 760 793 stomachum
777 731 959 808 habentibus,
975 734 1082 794 ceteris
1099 736 1170 796 sim-

174 818 259 897 plex,
275 816 477 877 ruminantibus
492 818 634 893 geminus,
657 818 795 893 sanguine
811 816 975 877 carentibus
990 816 1094 876 nullus.
1124 819 1169 877 iu-

173 903 292 961 testinus
314 901 388 959 enirn
408 900 444 959 ab
465 917 516 960 ore
531 900 673 977 incipiens
688 898 856 979 quibusdam
873 900 977 960 eodem
986 899 1167 975 reflectitur,

172 992 202 1043 ut
218 986 336 1062 saepiae
358 992 387 1043 et
410 983 529 1062 polypo.
567 986 595 1043 in
614 981 729 1043 homine
749 982 878 1044 adnexus
898 984 993 1043 intimo
1014 984 1168 1045 stomacho

173 1069 271 1128 similis
287 1069 397 1127 canino.
430 1066 481 1125 llis
495 1068 566 1142 solis
581 1066 740 1127 animalium
755 1066 893 1128 inferiore
907 1076 989 1146 parte
1004 1069 1167 1143 angustior,
1177 1085 1202 1127 m

171 1154 268 1231 itaque
283 1161 311 1210 et
327 1150 389 1210 sola
403 1161 529 1227 vomunt,
546 1152 610 1230 quia
626 1152 740 1229 repleto
756 1158 877 1230 propter
891 1152 1035 1227 angustius
1049 1153 1168 1229 suppri-

172 1237 254 1295 mitur
276 1234 370 1310 cibus,
396 1233 472 1313 quod
492 1235 625 1295 accidere
645 1253 702 1294 non
723 1243 821 1312 potest
843 1235 877 1293 iis
896 1251 1015 1312 quorum
1036 1236 1168 1312 spatiosa

172 1318 274 1378 laxitas
293 1336 356 1377 eum
371 1320 399 1377 in
415 1319 549 1379 inferiora
565 1319 735 1378 transmittit.

129 1412 182 1467 200
255 1402 338 1482 (79.)
361 1402 406 1461 Ab
427 1400 484 1461 hoc
503 1402 664 1461 ventriculo
685 1402 777 1462 lactes
796 1404 825 1461 in
840 1420 896 1461 ονο
914 1409 943 1460 et
960 1401 1089 1477 homine,
1110 1420 1170 1479 per

173 1502 243 1563 quas
259 1485 362 1545 labitur
378 1484 469 1559 cibus,
485 1488 513 1543 in
528 1487 633 1545 ceteris
649 1486 752 1559 hillae,
770 1503 787 1545 a
802 1485 905 1565 quibus
920 1485 1073 1563 capaciora
1091 1486 1166 1545 inte·
1178 1500 1200 1541 rs

172 1570 244 1628 stine
258 1565 302 1628 'ad
323 1568 434 1643 alvom,
458 1568 621 1648 hominique
640 1568 860 1628 flexuosissimis
881 1567 1009 1626 orbibus.
1053 1568 1168 1629 idcirco

172 1654 263 1727 magis
283 1651 359 1710 avidi
382 1650 509 1709 ciborum
532 1652 633 1730 quibus
650 1650 685 1709 ab
703 1652 770 1710 alvo
786 1652 901 1726 longius
915 1652 1046 1727 spatium.
1078 1651 1168 1712 iidem

170 1737 259 1793 minus
278 1733 415 1792 sollertes
432 1732 534 1811 quibus
551 1732 738 1793 obesissimus
752 1742 862 1792 venter.
882 1732 962 1791 Aves
977 1750 1097 1812 quoque
1113 1754 1168 1813 ge·
1247 1757 1248 1764 ¹

169 1817 260 1872 minos
277 1816 354 1873 sinus
369 1813 476 1874 habent
490 1814 648 1893 quaedem,
665 1834 747 1875 unurm
771 1832 828 1894 quo
843 1822 1007 1893 merguntur
1020 1821 1167 1895 recentia,
1247 1815 1248 1820 ’

170 1908 200 1957 ut
215 1906 324 1975 guttur,
341 1898 478 1974 alterum,
495 1900 523 1957 in
539 1916 622 1978 quem
639 1917 676 1957 ex
691 1915 727 1958 eo
744 1899 883 1958 dimittunt
899 1898 1089 1960 concoctione
1106 1921 1198 1962 mato

127 1994 177 2045 tol
189 1992 291 2057 turata,
308 1990 338 2041 ut
355 1982 490 2059 gallinae,
509 1982 669 2064 palumbes,
688 1982 849 2057 columbae,
867 1982 1012 2061 perdices.
1045 1993 1166 2045 ceterae
1247 1989 1248 1996 ’

82 2126 84 2135 ,
169 2067 232 2127 iere
250 2075 349 2125 carent
366 2083 419 2142 eo,
439 2067 490 2127 sed
507 2066 573 2145 gula
590 2066 751 2145 patentiore
769 2076 897 2141 utuntur,
913 2066 1081 2143 utgraculi,
1100 2084 1164 2127 cor·

169 2152 208 2225 vi,
226 2152 370 2210 cornices.
389 2150 529 2228 quaedam
543 2160 645 2210 neutro
660 2150 761 2225 modo,
780 2149 831 2209 sed
846 2157 975 2209 ventrem
993 2167 1163 2227 proxumum

170 2234 291 2310 habent,
315 2234 416 2313 quibus
439 2235 597 2313 praelonga
620 2233 695 2313 colla
718 2242 747 2293 et
762 2243 896 2310 angusta,
917 2243 948 2292 ut
962 2233 1157 2313 porphyrioni.

168 2318 279 2377 Venter
295 2317 488 2395 solidipedum
502 2336 590 2395 asper
606 2326 635 2377 et
650 2317 746 2376 durus.
786 2318 963 2376 terrestrium
983 2317 1048 2376 aliis
1070 2317 1152 2377 denti·
1164 2333 1193 2373 ns

170 2402 282 2461 culatae
298 2400 472 2477 asperitatis,
491 2400 553 2459 aliis
569 2400 749 2461 cancellatim
764 2399 916 2460 mordacis.
948 2400 1050 2479 quibus
1063 2418 1159 2479 neque

48 2544 56 2571 Ι
125 2522 129 2531 «
170 2485 271 2545 dentes
288 2484 429 2559 utrimque
444 2500 499 2542 neo
516 2486 681 2560 ruminatio,
697 2484 743 2543 hic
761 2484 948 2546 conficiuntur
964 2484 1034 2559 cibi,
1050 2483 1115 2541 hinc
1130 2484 1160 2541 in

126 2569 279 2633 maslaum
295 2564 475 2625 delabuntur.
506 2565 598 2626 bledla
613 2566 687 2625 haec
701 2565 836 2626 umbilico
850 2567 961 2627 adnexa
976 2564 1112 2640 omnibus,
1129 2566 1160 2624 in

169 2650 282 2711 homine
298 2648 401 2709 suillae‘
417 2650 510 2709 intima
525 2658 607 2732 parte
623 2650 745 2723 similis,
761 2667 778 2709 a
793 2649 913 2711 Graecis
928 2650 1090 2730 appellatur
1107 2667 1160 2709 co·

169 2735 228 2807 lon,
242 2730 290 2791 uhi
306 2733 437 2793 dolorum
450 2750 553 2811 magna
568 2750 663 2793 causa.
692 2734 1036 2809 angustissima'canibus,
1052 2751 1107 2811 qua
1124 2733 1196 2794 dett

170 2834 255 2877 causa
269 2817 430 2877 vehementi
443 2819 505 2877 nisu
520 2834 574 2877 nec
590 2811 651 2876 sine
667 2818 793 2877 cruciatu
807 2817 903 2877 levant
918 2835 990 2877 eam.
1017 2816 1163 2877 insatiabi-

170 2900 207 2959 lia
225 2901 395 2973 auimalium,
412 2900 515 2979 quibus
529 2918 546 2961 a
561 2909 662 2960 ventre
678 2902 807 2980 protinus
821 2911 903 2960 recto
919 2902 1053 2960 intestino
1068 2909 1162 2960 trans·

127 2990 179 3045 203
187 2992 256 3042 eunt
271 2982 344 3057 cibi,
369 2991 399 3043 ut
420 2985 494 3062 lupis
511 2985 649 3045 cervariis
667 2994 696 3045 et
709 2985 783 3045 inter
797 2986 858 3044 avis
872 2984 988 3061 mergis.
1033 2984 1161 3045 Ventres

170 3067 325 3145 elephanto
341 3076 489 3145 quattuor,
510 3076 609 3129 cetera
630 3068 719 3128 subus
739 3067 856 3143 similia,
878 3069 977 3145 pulmo
997 3068 1159 3147 quadruplo

169 3152 259 3211 maior
278 3149 395 3211 bubulo.
424 3150 535 3211 Avibus
552 3160 653 3211 uenter
667 3168 805 3211 carnosus
821 3150 1014 3229 callosasque.
1044 3154 1075 3210 in
1088 3170 1159 3211 nen·
1170 3165 1196 3207 ss

169 3242 213 3293 tre
230 3232 406 3293 hirundinum
430 3234 515 3311 pullis
536 3234 627 3312 lapilli
649 3233 769 3294 candido
786 3233 960 3294 autrubenti
974 3234 1094 3309 colore,
1112 3237 1161 3314 qui
1189 3302 1192 3307 ,

170 3314 324 3375 chelidonii
337 3324 484 3391 vocantur,
502 3318 621 3393 magicis
635 3319 741 3377 narrati
756 3316 864 3376 artibus
876 3320 1067 3395 reperiuntur.
1087 3328 1118 3377 et
1131 3320 1160 3379 in

144 3474 151 3489 .
168 3400 348 3456 iuvencarum
364 3397 490 3457 secundo
502 3408 602 3459 uentre
615 3400 691 3477 pilae
703 3399 873 3461 rotunditate
885 3401 1028 3477 nigricans
1038 3402 1158 3481 tophus,
