2542 3842
194 111 254 174 220
536 123 566 170 c.
582 123 679 171 nunu
697 121 848 171 saeuum

191 277 372 353 Erythraeae
383 291 492 338 xvt-
504 279 578 338 hanc
589 277 691 337 volunt
701 277 855 336 Arabicam
866 275 997 352 intellegi
1009 309 1062 350 —,
1083 275 1204 353 Trogo

190 361 306 438 dytieae
317 363 422 422 nucleo
434 373 496 424 xv1
514 363 545 437 S,
565 363 593 421 ei
608 375 682 421 vero
697 379 782 440 qnam
794 361 957 420 odorariam
968 367 1089 434 vocant,
1109 367 1202 422 11111.

147 455 181 511 71
191 445 368 507 adulteratur
387 446 501 506 lentisci
520 445 633 523 glaebis
656 453 685 504 et
705 445 824 521 cummi,
849 447 919 505 item
939 445 1108 504 cucumeris
1130 459 1203 504 suet

191 531 384 590 amaritudinis
409 548 514 606 causa,
536 531 610 589 sicut
633 528 773 607 ponderis
797 545 898 608 spuma
922 529 1043 605 argenti.
1081 529 1202 606 reliqua

190 615 260 675 ritis
275 613 529 693 deprehenduntur
543 629 669 693 sapore,
693 613 811 674 mulmis
828 614 916 673 dente
933 613 1119 673 lentescens.
1152 613 1201 672 lal-

191 699 337 760 lacissime
357 708 451 758 autem
471 697 649 758 adulteratur
668 697 767 758 lndlca
789 713 901 773 murra,
922 713 996 775 quae
1016 696 1119 756 ibide
1136 715 1201 775 qur·

192 782 256 842 dam
277 785 360 862 spina
384 782 539 860 colligitur.
579 781 636 842 hoc
659 782 755 842 solum
772 783 856 860 peius
877 781 957 842 ludia
980 779 1101 856 adfert,
1125 780 1201 840 facili

191 865 390 942 distinctione,
405 876 484 927 tanto
499 867 630 927 deterior
645 875 700 926 est.

150 959 184 1014 tt
259 951 307 1010 17.
331 950 413 1030 (36.)
438 949 518 1028 Ergo
533 951 635 1010 transit
649 952 678 1009 in
691 948 852 1009 mastichen
863 965 938 1027 quae
950 957 979 1007 et
991 965 1030 1006 en
1040 948 1104 1008 alia
1121 951 1198 1027 spina

192 1034 223 1094 lit
236 1037 266 1094 in
281 1033 360 1095 ludia
374 1035 500 1114 itemque
519 1036 548 1094 in
566 1033 694 1109 Arabia,
717 1034 821 1093 lainam
837 1042 952 1093 vocant.
984 1030 1037 1091 sed
1052 1033 1196 1093 mastiche

146 1191 150 1199 ⁸
192 1137 309 1200 quoque
326 1120 440 1196 gestum
456 1128 517 1193 est,
533 1120 666 1196 quoniam
682 1126 712 1178 et
724 1119 753 1176 ln
764 1117 836 1177 Asia
849 1115 1031 1194 Graeciaque
1047 1119 1198 1194 reperite

192 1201 310 1273 herbae
325 1202 425 1262 radice
441 1203 511 1264 lolia
523 1204 656 1262 emittens
671 1209 701 1262 et
716 1201 852 1261 carduum
867 1200 987 1260 similem
1001 1199 1097 1275 malo,
1118 1202 1197 1262 semi-

192 1286 730 1447 telliteisitii-'tetii‘
744 1293 1198 1428 'lihtt‘itttt‘nttt

193 1462 256 1529 est,
285 1452 413 1513 bitumini
445 1453 585 1528 similior,
610 1453 807 1513 laudatissima
838 1463 933 1512 autem
957 1449 1030 1512 chia
1062 1453 1233 1526 candidati

193 1538 274 1598 euius
285 1538 408 1614 pretium
419 1539 446 1596 in
460 1536 549 1594 libras
559 1535 586 1596 X
597 1551 631 1611 x,
650 1538 750 1612 nigrae
764 1553 837 1596 vero
852 1535 926 1595 ΧΗ.
956 1533 1028 1594 Chia
1040 1553 1058 1594 e
1072 1536 1198 1596 lentisco

191 1620 312 1679 traditur
328 1619 407 1696 gigni
430 1619 581 1678 cummium
598 1619 695 1678 modo.
726 1620 904 1680 adulteratur
918 1627 948 1678 nt
965 1626 1028 1677 tura
1045 1621 1159 1680 resina.

150 1713 184 1768 73
257 1701 340 1779 (37.)
364 1700 471 1760 Arabia
487 1703 661 1761 etiamnunc
680 1711 710 1760 et
728 1701 991 1778 ladanogloriatnr.
1015 1702 1099 1762 forte
1116 1721 1198 1763 casu·

191 1799 248 1862 que
267 1782 326 1842 hoo
346 1793 376 1842 et
394 1785 495 1843 iniuria
516 1785 615 1844 oderis
633 1785 696 1843 lieri
710 1786 810 1862 plures
830 1783 995 1860 tradidere,
1017 1803 1198 1866 caprasque,

190 1865 353 1926 maleficam
370 1866 441 1928 alias
461 1867 611 1928 frondibus
629 1868 748 1944 animal,
763 1869 950 1929 odoratorum
966 1885 1042 1928 uero
1061 1871 1224 1931 menna

191 1950 391 2029 adpetendus,
413 1961 555 2032 tamquam
573 1952 744 2031 intellegant
761 1955 873 2032 pretia,
895 1970 1020 2032 carpere
1035 1943 1197 2031 germirium

193 2035 283 2096 caulis
297 2036 448 2113 praedulci
460 2037 574 2116 liquore
584 2039 728 2114 turgentis
739 2037 991 2115 destillantemque
1002 2037 1038 2098 ab
1051 2039 1097 2097 his
1110 2057 1197 2098 casus

191 2121 313 2180 mixtura
337 2137 437 2182 sucum
465 2120 589 2200 inprobo
613 2121 765 2182 barbarum
792 2122 864 2182 villo
890 2121 1073 2198 abstergere.
1120 2122 1198 2182 hune

192 2203 349 2280 glomerari
364 2205 503 2284 pulvere,
518 2207 643 2286 ,incoqui
658 2207 741 2282 sole,
757 2216 787 2266 et
799 2206 868 2265 ideo
882 2207 911 2264 in
925 2205 1028 2265 ladano
1040 2221 1198 2281 caprarum

192 2287 270 2365 pilos
291 2303 368 2346 esse.
412 2287 464 2346 sed
485 2289 543 2354 buo
562 2305 619 2350 non
641 2289 710 2350 alibi
731 2291 794 2350 beri
816 2307 900 2368 qnam
921 2291 950 2348 ia
970 2287 1125 2348 Nabataeis
1141 2288 1229 2365 quint

152 2377 187 2432 ta
196 2380 261 2430 sunt
273 2389 310 2430 ex
326 2369 434 2430 Arabia
447 2372 618 2432 conamini
632 2375 746 2448 Syriae.
775 2374 958 2440 recentiores
972 2388 1009 2432 ex
1025 2369 1200 2432 securibus

194 2452 313 2514 storbon
332 2451 390 2511 hoc
406 2465 528 2530 vocant,
552 2456 724 2535 traduntque
739 2457 829 2518 silvas
844 2456 971 2517 Arabum
988 2464 1069 2535 pastu
1088 2471 1201 2531 capra·

191 2553 252 2596 run
263 2533 391 2612 infringi,
405 2546 492 2616 atque
502 2539 542 2598 ita
560 2557 659 2599 sucum
670 2541 748 2602 villis
757 2540 1080 2618 inhaerescere,rerum
1092 2547 1201 2598 antem

191 2618 323 2679 ladanum
339 2617 429 2700 Cypri
449 2622 560 2682 insulae
582 2639 668 2699 esse,
691 2633 721 2682 ut
735 2623 832 2683 obiter
847 2641 981 2704 quaeque
995 2636 1106 2700 genera
1123 2621 1200 2682 odo·

191 2717 252 2760 ruar
268 2701 416 2780 dicantur,
433 2706 562 2784 quamuis
579 2723 636 2765 non
656 2715 798 2767 terrarum
812 2707 923 2768 ordine.
946 2707 1078 2766 similiter
1090 2703 1158 2766 hoc
1174 2715 1227 2766 eto

191 2782 231 2842 ibi
245 2783 309 2845 lieri
323 2787 436 2848 trsdmt
451 2798 481 2849 et
499 2807 566 2849 esse
581 2807 721 2869 oesypum
734 2790 880 2852 hircorum
897 2791 994 2852 barbis
1009 2789 1200 2869 genibusque

191 2865 306 2929 villosis
320 2871 491 2947 inhaerens,
512 2874 564 2934 sed
579 2873 707 2934 hederae
725 2873 798 2934 dore
816 2875 940 2950 deroso,
956 2871 1089 2952 pastibus
1106 2885 1200 2934 matu·

127 3020 128 3029 χ
191 2953 274 3028 dois,
290 2969 354 3012 cunr
375 2964 423 3014 est
439 2957 588 3017 rorulenta
603 2955 728 3038 Cypros.
760 2959 827 3018 dein
845 2959 950 3019 nebula
971 2956 1038 3015 sole
1061 2957 1202 3017 discussa

80 3061 82 3069 ¹
192 3036 343 3112 pulverem
358 3038 538 3099 madentibus
561 3041 639 3102 uillis
659 3043 875 3103 adhaerescere
897 3051 983 3120 atque
1003 3040 1045 3100 ita
1059 3040 1202 3102 ladanum

150 3117 320 3196 tsdepecti.
350 3129 415 3180 snut
435 3124 483 3200 qui
499 3124 616 3184 herbam
631 3127 661 3184 in
675 3125 775 3204 cypro
791 3145 829 3186 ex
843 3143 901 3205 qua
918 3125 946 3185 id
965 3123 1016 3182 liat
1029 3123 1133 3184 ledam
1150 3137 1231 3205 aqi-tt

193 3201 314 3278 pellant,
327 3205 432 3263 etenim
442 3204 484 3264 illi
494 3206 626 3266 ledanum
638 3217 752 3269 uocant.
769 3210 852 3270 huius
862 3209 978 3288 pinguia
990 3205 1137 3285 insidere,
1148 3211 1202 3270 ita·

193 3301 249 3360 que
265 3287 395 3346 attractis
416 3287 551 3350 funiculis
572 3290 691 3352 herbam
713 3310 775 3351 eam
792 3294 931 3354 convolvi
953 3299 1041 3369 atque
1063 3291 1106 3351 ita
1125 3293 1204 3356 olias

190 3365 264 3426 heri.
295 3383 368 3446 erqo
383 3371 412 3428 in
427 3379 549 3451 utraque
564 3381 653 3449 gente
675 3375 739 3435 bina
754 3393 882 3453 genera,
895 3369 1099 3435 terrenamet
1114 3378 1203 3438 iacti-
