2542 3842
182 125 242 187 186
517 132 827 183 o.on1n1sncunn1
880 174 884 179 .

179 290 290 356 duntur.
321 288 393 349 lrooo
414 287 518 351 eodem
532 304 696 365 praegnans
709 303 825 347 veneno
838 288 972 365 inpresso
987 286 1114 347 dentium
1128 305 1180 347 re·

179 374 264 453 pulsu
278 373 357 432 virm
378 371 469 435 inndit
484 372 512 431 in
532 386 656 433 morsus
691 370 848 442 voluerum
871 370 942 431 nulli
967 370 1068 431 dentes
1088 388 1179 447 proe-

179 468 224 518 ter
241 455 486 534 vespertilionem.
516 452 651 518 &ndns
665 472 721 515 unu
736 472 774 514 ex
788 455 825 514 iis
839 472 916 533 qnae
928 471 986 514 non
998 464 1065 513 sunt
1079 455 1180 515 norni-

178 557 251 620 μη
264 541 292 599 in
307 541 459 617 superiore
472 538 587 601 maxilla
602 539 744 616 primores
754 555 812 598 non
824 538 921 599 haben
950 554 1055 598 eornun
1065 536 1179 598 heben-

178 627 246 685 tinm
267 622 338 683 nulli
359 624 471 685 serruti.
510 620 547 683 Et
569 623 689 683 cocleae
708 621 802 682 dentis
824 621 940 681 habent.
975 622 1081 682 indieio
1096 630 1146 681 est
1161 639 1202 689 ne

138 719 189 775 165
195 708 324 769 minumis
339 723 436 765 eurum
456 705 562 765 deroso
582 706 666 767 vioin.
695 704 735 763 At
747 707 776 765 in
796 706 912 766 murinis
926 714 1052 766 urustntn
1067 715 1097 766 et
1111 722 1178 765 nar·

179 792 316 868 tilnginun
331 790 475 869 primores
498 787 622 865 habere,
649 790 719 849 item
743 790 854 849 eolrinis
882 790 987 869 quinos
1008 807 1078 850 esse
1097 789 1178 849 unde

178 874 320 951 intellegi¹
332 874 458 951 potuerit
476 872 575 931 miror.
600 870 742 934 vendunt
755 874 820 933 viee
834 874 954 935 seuleus
969 873 1099 933 moestis.
1127 872 1176 931 si·

178 960 252 1019 miae
268 958 370 1017 dentes
385 965 415 1015 ut
430 955 546 1017 homini.
575 954 819 1033 eleplrnntointus
833 957 1071 1018 adprendendum
1092 965 1175 1033 qunt-

178 1053 260 1118 tnor‚
278 1032 452 1120 praeterque
468 1054 521 1099 eos
536 1040 584 1117 qui
595 1040 756 1118 prominent
769 1041 904 1102 merlis
917 1040 1038 1116 rederi,
1059 1040 1176 1099 leminis
1186 1058 1211 1097 no

180 1127 252 1187 renti
269 1134 355 1202 etque
373 1124 466 1201 proni.
497 1122 645 1187 llnsonlus
661 1123 801 1199 morinos,
824 1126 872 1203 qui
888 1124 1038 1190 minonem
1055 1132 1175 1185 antene-

179 1210 235 1285 dr,
253 1208 347 1269 nullos
363 1206 468 1283 habet,
492 1206 545 1269 sod
566 1222 619 1285 pro
643 1208 695 1282 iis,
715 1209 803 1267 snotis
816 1210 891 1270 intus
906 1226 942 1267 os
954 1209 1059 1269 hirtum
1074 1215 1104 1265 et
1120 1207 1176 1266 lin·
1199 1207 1209 1217 ’

177 1311 264 1371 gnum
279 1292 365 1352 etiarn
387 1309 422 1351 oo
438 1291 572 1370 pulntum.
609 1290 802 1352 Terrestrium
820 1293 933 1353 minutis
948 1290 1177 1370 quadripedibus

179 1379 321 1456 primores
337 1375 395 1435 lrini
410 1376 552 1453 utrimque
570 1374 738 1451 longissimi.
1138 1404 1141 1409 ·

138 1470 189 1527 166
242 1459 326 1537 (63.)
355 1456 469 1519 Ceteris
485 1476 548 1517 eum
561 1458 634 1536 ipsis
648 1468 819 1533 noscuntur,
833 1458 940 1519 homini
958 1468 1111 1537 postquam
1124 1474 1176 1518 ns·
1186 1478 1210 1518 1s

179 1553 224 1604 tus
241 1552 288 1603 est
307 1550 441 1618 septumo
456 1559 565 1601 mense.
595 1540 714 1619 reliquis
732 1544 865 1621 perpetui
879 1552 1002 1603 manent.
1032 1550 1179 1601 mumntnr

178 1628 301 1699 homini,
327 1622 423 1699 leoni,
442 1626 588 1699 iumento,
612 1626 675 1683 enni
697 1624 961 1704 etnnnninnntilrns,
983 1626 1035 1685 sed
1051 1626 1131 1687 leoni
1146 1634 1180 1683 et

180 1710 243 1769 noni
263 1723 320 1767 non
334 1708 387 1767 nisi
409 1708 502 1767 oonini
516 1707 679 1785 appellati-
697 1708 759 1785 lupi
771 1708 874 1767 dexter
888 1709 1005 1767 enninus
1019 1709 1049 1765 in
1062 1708 1179 1785 magnis

178 1789 299 1851 hebetur
315 1789 461 1868 operibus.
490 1788 666 1865 maxillaris,
681 1792 731 1868 qui
749 1799 815 1850 sunt
827 1808 844 1849 n
858 1792 978 1868 enrninis,
993 1790 1101 1849 nullum
1117 1794 1178 1853 nni·

178 1872 235 1933 mul
256 1881 354 1933 mutat.
394 1872 507 1933 llomini
528 1874 676 1933 novissimi
694 1874 742 1951 qui
759 1874 877 1950 genuini
896 1883 1036 1933 roonntur
1056 1874 1211 1936 oireiterno

177 1958 346 2019 vioesimnm
367 1975 469 2020 ennom
490 1956 659 2035 gignuntur,
682 1955 779 2017 multis
793 1966 822 2017 ot
842 1958 1040 2035 octogesimo,
1060 1957 1175 2019 feminis

139 2050 188 2107 167
199 2058 330 2120 quoque,
353 2042 406 2103 sed
422 2040 525 2119 quibos
543 2042 573 2103 in
590 2042 705 2102 invento
718 2058 777 2101 non
790 2042 874 2102 luere
895 2042 963 2101 nuti·
993 2040 1133 2101 desidere
1146 2043 1175 2099 in

180 2134 300 2186 seneota
316 2134 346 2187 et
360 2143 428 2185 mox
444 2127 560 2188 renasci
572 2134 683 2189 eertum
697 2134 752 2189 est.
782 2124 893 2185 Zoelen
908 2124 1179 2198 Samothrnnenum‘

179 2210 226 2269 oni
240 2211 332 2269 renuti
357 2218 457 2271 essent
472 2219 539 2287 post
563 2218 676 2271 nemum
698 2218 879 2287 etquattuor
899 2226 1005 2283 nonos,
1027 2206 1172 2268 ldneionns

180 2293 273 2353 visum
293 2312 310 2352 n
326 2312 359 2353 se
379 2292 513 2369 prodidit.
546 2301 647 2353 cetero
661 2291 786 2353 moribus
805 2294 905 2371 plures
920 2308 1003 2371 quom
1018 2291 1126 2351 feminis
1140 2290 1210 2349 iuss

180 2374 314 2449 homine,
331 2374 459 2454 pecude,
478 2378 591 2453 onpris,
611 2394 673 2435 sue.
700 2375 877 2459 ¹'l'irunrohus
890 2375 1020 2435 Niooelis
1033 2371 1170 2435 iilinsl‘n·

180 2460 242 2538 phii
257 2459 329 2519 dnos
345 2458 463 2517 ordines
473 2458 572 2521 hahuit
583 2458 780 2521 maxillariom.
807 2460 897 2522 nater
908 2461 972 2519 eins
986 2454 1043 2518 non
1055 2457 1176 2517 mutnrit

180 2544 335 2621 primores,
347 2540 471 2619 ideoque
484 2543 643 2619 praetrivit.
673 2551 721 2602 est
737 2543 900 2621 exemplum
915 2542 1008 2603 dentis
1022 2539 1127 2599 homini
1142 2548 1175 2599 et

69 2638 74 2642 '
180 2629 208 2685 in
216 2622 312 2701 palato
321 2626 420 2701 geniti.
435 2626 568 2684 neoninis
577 2626 1173 2705 omissionsuuliquonumqunnrrenusonn-

180 2717 235 2767 tur.
269 2709 375 2769 ueteris
386 2717 505 2769 senecta
516 2708 681 2785 rniesount,
693 2725 769 2786 equo
781 2717 887 2771 tautum
897 2708 1078 2771 mndidiores
1092 2706 1171 2765 liunt.
1180 2722 1206 2765 so

140 2800 191 2855 168
243 2789 324 2874 (64.)
337 2790 428 2853 Aetne
440 2789 634 2860 veterinorum
645 2789 779 2852 dentibus
788 2792 938 2871 iudicatur.
954 2810 1030 2870 equo
1046 2798 1112 2850 sunt
1123 2808 1174 2849 nu·

180 2891 260 2940 mero
274 2888 330 2935 xm.
361 2876 461 2935 omittit
479 2876 624 2947 tricesimo
639 2894 739 2937 meuse
753 2878 895 2955 primores
916 2878 1057 2953 utrinqne
1079 2872 1174 2954 binos,

181 2967 321 3036 sequente
334 2976 407 3019 nuno
425 2959 544 3030 totidem
556 2976 724 3038 proxumos,
741 2978 805 3024 oum
816 2958 940 3021 subeunt
952 2959 1021 3018 dieti
1036 2956 1174 3019 colmel-

183 3041 270 3104 lores.
300 3042 398 3119 quinto
419 3059 493 3102 nono
515 3044 671 3121 insipiente
692 3045 793 3104 amittit
818 3042 901 3103 binos
926 3044 974 3121 qui
994 3050 1079 3102 sexto
1100 3057 1174 3101 enno

181 3132 378 3187 renaseuntur.
410 3135 543 3203 septumo
560 3128 651 3187 omnis
664 3127 753 3188 lubet
766 3136 796 3187 et
811 3134 928 3190 renatus
945 3135 975 3185 et
990 3124 1208 3187 inmutandum

140 3216 190 3273 169
203 3224 278 3287 equo
295 3216 420 3269 onstrnto
443 3210 522 3287 prius
543 3227 602 3269 non
621 3210 758 3271 decidunt
771 3210 882 3271 dentes.
920 3212 1066 3285 asinorum
1080 3226 1175 3285 genus

181 3291 327 3352 tricesimo
341 3308 440 3351 mense
455 3292 587 3351 similiter
602 3294 717 3370 omittit,
733 3294 798 3353 dein
816 3294 894 3355 senis
908 3292 1065 3355 mensibus.
1096 3287 1176 3371 quod

182 3375 206 3431 si
218 3390 275 3431 non
286 3375 364 3451 prins
377 3390 521 3452 peperere
533 3392 616 3451 quem
628 3374 761 3435 desidunt
771 3378 920 3454 postremi,
932 3375 1071 3437 sterilitas
1079 3384 1173 3467 portu.
