2542 3842
129 184 187 246 118
500 196 817 247 e.rn1n1sncnnnr

128 350 237 412 eoloris
260 350 352 412 omnis
375 350 502 411 ostendit
522 352 629 449 piscis,
654 351 725 411 nibil
746 360 828 413 entra
849 350 928 412 lllann
952 370 1056 433 aquam
1075 352 1130 416 dil·

84 434 280 503 caeteteros
310 433 342 494 ln
364 432 501 495 comensi
524 436 602 495 iuxta
624 434 738 496 Larium
762 435 857 495 laeum
876 437 942 496 icus
963 437 1062 514 largus
1076 436 1129 497 bo·
1191 436 1203 453 ⁸

126 520 168 579 ris
183 518 304 595 singulis
321 536 436 596 semper
450 519 614 579 intumescit
630 536 667 579 ac
681 519 801 579 residet.
833 518 865 578 ln
882 518 1021 595 Cydonea
1036 519 1129 580 insule

120 609 194 662 ante
209 600 334 661 Lesbum
350 602 416 662 ione
434 600 544 663 calidus
567 620 640 661 vere
661 611 769 663 tentum
789 600 860 662 duit.
889 602 983 663 Lacus
998 605 1128 663 Sannaus

127 686 157 743 in
168 683 238 744 Asia
251 686 328 744 circa
344 694 483 745 nascente
499 683 642 745 absintbio
654 686 787 745 inlicitur.
811 684 984 764 Colophone
997 687 1025 745 in
1036 684 1154 764 Apol-s

127 768 194 844 linis
210 764 298 828 Clarii
317 785 408 847 speon
429 768 531 827 lacuna
551 769 698 845 estlcnins
715 777 786 845 potu
801 769 872 828 mira
892 769 1050 829 redduntur
1064 785 1129 829 ora·

128 850 210 926 culn,
235 849 392 911 bibentium
410 848 547 909 breviore
561 851 631 911 vita.
662 850 762 910 Amnis
777 860 858 910 retro
873 850 966 911 lluere
985 862 1014 912 et
1030 861 1130 913 nostra

127 934 198 994 vidit
218 942 297 994 aetas
319 932 444 992 Neronis
466 934 605 1011 principis
628 934 787 1013 supremis,
809 935 883 993 sient
904 934 935 993 in
956 935 1044 995 rebus
1067 936 1130 994 eius

85 1028 138 1086 233
148 1016 306 1077 retulimus.
337 1015 396 1075 lann
412 1017 503 1076 omnis
526 1016 613 1076 fontis
629 1026 741 1077 aestate
758 1034 843 1095 qnam
857 1017 953 1077 bieme
970 1018 1131 1095 gelidiores

129 1117 197 1163 esse
213 1116 300 1176 quem
315 1096 410 1160 talin?
440 1098 521 1159 Sicut
541 1100 591 1161 illa
613 1101 737 1180 permira
760 1108 879 1160 naturae
902 1117 1009 1180 opera,
1033 1118 1085 1161 aes
1100 1108 1131 1159 et
1140 1118 1166 1161 ιι

36 1182 41 1199 “
128 1182 312 1265 plumbumin
323 1200 418 1243 massa
428 1185 533 1261 mergi,
550 1183 697 1245 dilatatum
711 1183 836 1261 fluitare,
855 1185 1043 1263 eiusdemque
1059 1200 1130 1263 pcn-

129 1266 208 1328 deris
224 1266 279 1328 alia
296 1266 394 1327 sidere
418 1266 473 1328 alia
492 1268 599 1329 invehi.
628 1285 718 1328 onera
739 1269 768 1327 in
788 1285 863 1345 aqua
880 1267 995 1328 facilins
1008 1266 1128 1327 moveri.

129 1350 262 1425 Serrium
276 1349 402 1427 lapidem
416 1353 545 1428 quamvis
558 1352 698 1429 grandem
712 1351 851 1424 innatare,
868 1350 1050 1429 eundemque
1062 1358 1137 1409 con·¹

128 1434 263 1493 minutum
282 1434 384 1509 mergi.
411 1436 540 1493 recentia
563 1434 707 1494 cadavera
726 1433 762 1492 ad
785 1432 890 1493 vadum
913 1431 989 1508 labi,
1011 1434 1130 1492 intume-

131 1518 242 1576 scentia
257 1512 358 1575 attolli.
389 1516 482 1575 inania
498 1532 569 1575 vasa
589 1516 658 1577 baut
673 1514 787 1575 iacilins
803 1532 889 1593 qnam
905 1515 992 1593 plena
1007 1515 1130 1575 extrahi.
1141 1531 1168 1574 as

130 1597 244 1676 pluvias
266 1597 365 1657 salinis
387 1615 477 1675 aquas
493 1597 623 1658 utiliores
641 1615 708 1658 esse
731 1615 816 1677 qnam
829 1598 975 1675 reliquas,
997 1614 1054 1657 nec
1068 1598 1133 1656 lieri

87 1688 142 1747 2³4
152 1680 243 1741 salem
254 1680 308 1739 uisi
321 1679 453 1740 admixtis
466 1679 607 1740 dulcibus.
622 1682 744 1741 marinas
756 1680 863 1740 tardius
875 1680 989 1757 gelare,
1005 1679 1132 1742 celerina

131 1762 262 1823 accendi.
285 1762 380 1823 bieme
396 1779 474 1823 mare
491 1763 612 1824 calidius
628 1782 707 1838 esse,
725 1762 888 1839 autumnale
903 1762 1019 1823 salsius.
1047 1779 1132 1822 omne

99 1900 105 1917 ,
133 1844 201 1905 oleo
217 1846 413 1923 tranquillari,
438 1854 468 1905 et
491 1845 528 1905 cb
544 1845 574 1906 id
590 1847 728 1907 urinantis
743 1862 796 1905 ore
816 1863 976 1924 spargere,
999 1847 1132 1924 qnoniam

33 1956 41 1965 -
131 1928 245 2027 mitiget
264 1936 392 1988 naturam
417 1946 549 2006 asperam
573 1928 728 2008 lucemque
753 1928 898 2006 deportet
927 1929 1001 1989 nivis
1022 1930 1051 1988 in
1072 1927 1169 1988 altono

131 2014 203 2070 mari
220 2028 278 2071 non
294 2010 410 2071 cadere.
438 2030 502 2071 cunr
517 2014 608 2072 omnis
622 2030 699 2091 aqna
713 2012 849 2072 deorsum
863 2012 990 2086 feratur,
1011 2011 1131 2070 exsilire

132 2094 221 2155 fontis
228 2103 342 2179 ,atque
360 2095 469 2155 etiam
460 2112 489 2154 ιιι
505 2092 618 2155 Aetnae
634 2096 796 2170 radicibus,
819 2095 990 2172 flagrantis
981 2112 1010 2154 nn
1025 2103 1132 2154 tantum

132 2184 164 2235 nt
179 2181 397 2257 quinquagena,
422 2188 546 2240 centena
565 2178 645 2240 milia
666 2196 804 2261 passuum
818 2178 942 2239 barenas
957 2176 1132 2238 flammarum

133 2261 223 2335 globo
240 2269 362 2322 eructet.

89 2347 142 2403 235
203 2346 307 2423 (107.)
323 2344 441 2422 lamque
457 2345 511 2405 et
502 2346 619 2421 ignium,
634 2344 713 2423 qnod
731 2354 776 2405 est
791 2351 909 2406 natura'c
925 2352 1056 2423 quartum
1070 2340 1131 2401 ele·
1119 2367 1170 2411 -ιι

132 2436 268 2501 mentum,
286 2426 438 2486 reddamus
455 2427 551 2503 aliqua
566 2426 716 2502 miracula,
736 2428 789 2486 sed
806 2430 926 2505 primum
942 2445 981 2486 ex
996 2426 1125 2504 aquis.

199 2509 267 2569 104.
286 2506 391 2588 (108.)
406 2506 439 2567 ln
452 2506 525 2567 urbe
540 2505 752 2584 Commagenes
767 2509 918 2568 Samosata
938 2518 1070 2585 stagnum
1087 2515 1134 2566 est

134 2592 267 2652 emittens
283 2590 380 2650 limum
396 2590 545 2669 (maltham
558 2593 681 2669 vocant)
698 2591 875 2667 flagrantem.
905 2589 1054 2669 Gum'qnid
1070 2591 1132 2650 atti·

133 2676 175 2752 git
190 2674 291 2750 solidi,
317 2674 464 2734 adhaeret.
491 2682 648 2751 praeterea
670 2682 748 2734 tactu
764 2675 894 2751 seqnitur
913 2674 1058 2750 inglentis.
1089 2674 1135 2732 sic

134 2758 295 2818 defendere
310 2775 407 2817 muros
427 2765 610 2855 pppugnante
625 2756 756 2832 Lucullo,
773 2756 972 2835 flagrabatque
987 2757 1071 2817 miles
1086 2773 1132 2815 ar·
1143 2778 1172 2820 ao

134 2840 198 2899 nnis
203 2843 272 2901 suis.
302 2841 384 2940 aquis
402 2841 486 2901 etiam
507 2838 684 2917 accenditur.
708 2849 786 2900 terra
805 2849 912 2900 tantuna
926 2840 1065 2917 restingui
1081 2838 1134 2899 do·

135 2940 224 2985 cuere
239 2926 446 3003 experimenta.

201 3009 270 3069 105.
288 3006 392 3087 (109.)
417 3007 524 3067 Similis
546 3014 591 3065 est
606 3015 707 3066 natura
727 3003 882 3084 naphthae.
911 3005 948 3063 ita
969 3002 1137 3080 appellatur

136 3090 214 3149 circa
227 3090 414 3165 Babyloniam
431 3100 460 3150 et
474 3091 503 3149 1ιι
514 3084 668 3148 Astacenis
683 3088 815 3149 Parthiae
830 3086 977 3165 profluens
992 3084 1138 3145 bituminis

136 3171 235 3249 liquidi
252 3172 348 3231 modo
377 3171 451 3231 lluie
465 3188 567 3248 magna
583 3172 717 3267 cognatio
732 3171 855 3247 ignium,
872 3168 1117 3245 transiliuntque
1107 3186 1173 3229 unas

136 3272 201 3313 eam
223 3254 354 3333 protinus
381 3254 581 3331 undecumque
603 3254 703 3313 visam.
734 3255 773 3313 ita
793 3253 886 3312 iertur
899 3270 916 3312 a
930 3249 1035 3311 lledea
1049 3249 1136 3326 pelli·

32 3406 35 3414 g
138 3343 392 3409 concrematam,
415 3344 569 3414 postquam
590 3334 787 3398 sacrificatura
809 3335 846 3397 sd
867 3351 933 3396 aras
954 3340 1137 3409 accesserat,

138 3434 246 3480 corona
261 3420 329 3495 igne
345 3425 436 3497 rapta.
