2542 3842
303 550 545 675 PLtNtUs
588 604 917 701 secundus„

369 755 678 849 vespasiano
695 728 788 818 suo'
809 756 841 817 s.

161 944 265 1004 Libros
281 942 427 1003 Naturalis
444 942 606 1019 Historiae,
631 946 776 1005 novicium
799 942 936 1009 Camenis
954 947 1103 1021 Quiritium
1116 950 1139 1000 l'

102 1040 213 1089 tuorum
232 1045 321 1106 oppa,
345 1036 428 1087 natos
444 1028 520 1106 apud
536 1048 581 1088 me
598 1044 738 1106 proxuma
756 1029 851 1089 fetura
869 1030 1024 1092 licentiore
1042 1036 1103 1113 epi·

103 1115 173 1174 stula
197 1130 318 1172 narrare
344 1113 478 1171 constitui
501 1112 568 1188 tihi,
597 1114 802 1173 iucundissime
829 1116 987 1191 imperator
1004 1152 1046 1164 —
1067 1121 1104 1177 sit

104 1200 175 1258 enim
192 1197 268 1261 haec
285 1199 325 1255 tui
343 1196 497 1274 praelatio,
514 1198 675 1272 verissima,
693 1199 758 1257 dum
770 1216 902 1257 maxumo
917 1205 1103 1262 consenescit

81 1286 129 1343 sin
152 1290 292 1361 patre-
313 1298 464 1359 namque
483 1290 521 1339 tu
543 1280 695 1340 solebas
713 1291 844 1359 putare
861 1301 945 1342 esse
962 1285 1102 1364 aliquid

20 1417 23 1425 .
105 1386 197 1427 meas
220 1375 354 1441 nugas7
389 1375 418 1424 nt
445 1365 694 1425 obicere'moliar
715 1363 856 1425 Catullum
881 1378 1102 1430 conterraneum

105 1470 195 1511 meum
220 1450 376 1528 (agnoscis
400 1458 429 1508 et
451 1450 509 1509 hoc
533 1458 684 1513 castrense
705 1450 853 1529 verbum).
886 1453 936 1512 ille
958 1456 1049 1529 enlm,
1073 1462 1103 1511 ut

104 1538 168 1611 scis,
186 1536 355 1613 permutatis
371 1534 516 1611 prioribus
527 1534 661 1595 Saetabis
677 1535 870 1596 duriusculum
886 1556 919 1597 se
936 1537 1006 1597 lecit
1018 1556 1102 1617 quem

102 1620 220 1681 volebat
244 1619 410 1682 existumari
431 1614 648 1679 aVeranniolis
671 1619 730 1678 suis
754 1628 783 1679 et
799 1615 939 1680 Fabullis.
973 1623 1056 1683 sbnul
1072 1624 1130 1687 nt2

76 1706 155 1766 rabac
177 1722 242 1765 mea
264 1702 421 1781 petulantia
444 1703 492 1761 liat
513 1703 591 1781 quod
613 1720 754 1783 proxume
770 1720 827 1762 non
848 1705 912 1764 fieri
933 1716 1052 1785 questus
1069 1725 1101 1766 es

102 1793 128 1849 in
150 1789 208 1849 alia
228 1787 350 1866 procaci
366 1787 501 1865 vepistula
518 1796 632 1864 nostra,
656 1796 685 1846 ut
706 1790 734 1847 in
759 1790 898 1867 quaedam
919 1800 984 1850 acta
1003 1800 1099 1864 exeat,
1189 1798 1202 1807 “

102 1876 251 1951 sciantque
282 1889 383 1931 omnes
414 1890 497 1950 quam
528 1890 565 1931 ex
592 1889 687 1951 aequo
714 1882 810 1932 tecum
835 1875 913 1934 vivat
939 1876 1098 1954 imperium.

102 1956 294 2035 Triumphalis
312 1966 341 2015 et
358 1956 510 2015 censurius
526 1966 555 2015 tu
572 1958 748 2034 sentiensque
765 1958 866 2017 consul
882 1977 917 2018 ac
928 1960 1129 2019 tribuniciae3

102 2042 255 2123 potestatis
271 2042 420 2119 particeps
437 2049 482 2115 et,
507 2042 584 2119 quod
607 2041 652 2100 his
673 2041 798 2101 nobilius
814 2035 925 2117 fecisti,
949 2045 1015 2103 dum
1031 2045 1100 2103 illud

72 2128 175 2205 npnn
189 2126 299 2205 pariter
317 2134 346 2184 et
362 2126 492 2202 equestri
510 2125 603 2184 ordini
618 2134 767 2203 praestas,
789 2126 957 2203 praefectus
972 2129 1106 2205 praetori

106 2212 179 2284 cius,
197 2212 347 2287 omniaque
365 2208 439 2269 haec
460 2210 504 2267 rei
522 2208 670 2286 publicae,
689 2217 718 2265 et
733 2208 817 2266 nobis
833 2209 949 2284 quidem
964 2210 1058 2286 qualis
1074 2211 1105 2266 in‘

105 2296 242 2356 castrensi
264 2293 473 2367 contubernio,
499 2310 554 2351 nec
576 2291 730 2370 quicquam
745 2292 773 2349 in
788 2299 818 2350 te
835 2292 953 2366 mutavit
968 2290 1101 2351 fortunae

104 2380 269 2459 amplitudo,
287 2378 341 2437 nisi
357 2386 386 2436 nt
401 2376 726 2455 prodessetantundem
742 2394 848 2456 posses
862 2384 893 2434 nt
907 2376 1011 2435 velles.
1044 2375 1130 2436 lta-t

103 2482 160 2543 que
172 2482 235 2523 curn
248 2462 357 2523 ceteris
369 2463 396 2519 in
410 2462 628 2521 venerationem
641 2461 681 2519 tui
698 2470 815 2539 pateant
830 2462 923 2520 omnia
938 2461 998 2536 illa,
1015 2461 1100 2548 nobis

70 2550 138 2609 aad
154 2546 308 2609 colendum
325 2554 354 2605 te
372 2546 538 2619 familiarius
554 2546 674 2605 audacia
687 2547 749 2606 sola
762 2554 905 2624 superest.
929 2546 1003 2605 hanc
1014 2547 1101 2622 igitur

102 2633 153 2692 tibi
180 2631 342 2711 inputabis,
370 2639 399 2689 et
421 2631 450 2688 in
475 2640 573 2689 nostra
598 2629 683 2707 culpa
706 2630 756 2689 tibi
778 2632 927 2707 ignosces.
959 2630 1099 2690 Perfricui

101 2719 221 2791 faciem,
238 2733 294 2775 nec
310 2725 406 2774 tamen
421 2714 551 2793 proieci,
569 2714 701 2792 quoniam
718 2715 773 2775 alia
790 2716 835 2773 via
851 2716 982 2790 occurris
997 2716 1099 2790 ingens

102 2811 132 2861 et
147 2803 264 2875 longius
279 2800 365 2860 etiarn
380 2797 537 2858 submoves
552 2799 649 2874 ingeni
661 2799 798 2859 fascibus,
831 2796 969 2874 Fulgurat
981 2799 1008 2855 in
1020 2799 1127 2859 nullos

101 2904 240 2964 umquam
257 2886 356 2944 verius
369 2884 446 2943 dicta
468 2883 513 2941 uis
534 2883 735 2961 eloquentiae,
759 2882 930 2941 tribuniciae
946 2884 1099 2958 potestatis

67 2980 94 3019 ²⁵
105 2970 267 3039 facundiae.
300 2966 414 3041 Quanto
429 2976 459 3027 tu
475 2984 528 3027 ore
543 2968 632 3045 patris
648 2967 750 3026 laudes
766 2965 863 3025 tonas!
880 2966 1098 3043 quantolratris
1198 3025 1201 3032 ,

102 3055 193 3115 amas!
225 3061 347 3132 quantus
373 3052 401 3111 in
427 3051 543 3129 poetica
566 3050 612 3111 es!
649 3068 789 3127 omagna
811 3050 973 3109 fecunditas
999 3053 1097 3116 animi!

102 3138 343 3217 quemadmodum
366 3136 484 3195 tratrem
509 3153 624 3214 quoque
647 3135 798 3193 imitareris
821 3135 1004 3211 excogitasti.
1039 3139 1153 3199 Sed6·
1193 3173 1198 3184 ,

100 3222 177 3282 baec
196 3223 263 3301 quis
286 3221 392 3299 possit
402 3220 560 3298 intrepidus
582 3226 744 3278 aestumare
770 3218 914 3278 subiturus
939 3220 1036 3297 ingeni
1058 3223 1098 3280 tui

98 3308 249 3380 iudicium,
264 3306 438 3383 praesertim
448 3299 633 3379 lacessitum?
661 3300 764 3382 Neque
777 3305 851 3362 enim
863 3304 962 3363 similis
975 3314 1020 3363 est
1031 3323 1098 3365 con·

67 3392 179 3451 ¹udicio
196 3388 404 3469 publicantium
420 3397 449 3447 et
463 3388 626 3447 nominatim
639 3384 691 3446 tibi
703 3388 863 3446 dicentium.
896 3386 966 3445 Turn
981 3404 1100 3464 possem

99 3476 217 3537 dicere:
249 3472 323 3547 Quid
352 3474 405 3533 ista
436 3472 525 3549 legis,
553 3468 730 3548 imperator?
761 3471 858 3531 humili
881 3470 970 3607 polan
992 3472 1100 3544 scripta
