2542 3842
166 137 222 199 136
310 128 314 137 “
500 190 501 195 ,
536 150 565 201 c.
581 127 677 199 rnru'r
691 152 840 201 suenum

131 348 134 365 ι
162 306 318 383 Anagnini,
342 304 484 380 Atellani,
507 304 636 383 Affilani,
659 306 829 386 Arpinates,
850 308 1031 386 Auximates,
1057 310 1148 373 Abel·

163 392 234 465 lani,
258 389 399 449 Alfaterni
422 391 513 469 etqui
529 412 566 453 ex
586 409 657 468 agro
672 391 770 452 latino
791 393 858 451 item
872 392 997 453 Hernico
1014 397 1081 458 item
1095 394 1148 458 lm·

162 476 264 533 bicano
281 474 529 551 cognominantur,
555 476 709 551 Bovellae,
735 473 879 551 Calatiae,
897 475 1043 554 Casinum,
1063 476 1147 539 Cale·

161 578 240 633 num,
265 556 425 647 Capitulum
438 557 610 634 llornetum,
634 558 787 620 Cerretani
802 579 850 640 qur
843 560 984 621 Mariani
1000 564 1147 639 cognomi·

161 651 275 717 uantur,
293 635 397 711 Corani
413 661 429 701 a
445 642 579 703 Dardano
596 642 720 703 Troiano
743 646 814 720 orti,
832 642 1021 721 Cubulterini,
1040 643 1146 710 Castri·
1156 662 1170 701 ⁵

118 731 153 785 64
161 744 340 803 montenses,
358 724 524 807 Cingulani,
538 726 723 787 Fabienses
715 748 742 787 ιιι
757 737 852 789 monte
868 728 982 789 Albano
990 729 1147 809 ,·Foropo

161 812 307 888 polienses
325 828 362 869 ex
376 808 499 869 Falerno
509 809 715 885 ,Frusinates,
732 810 947 888 Ferentinates,
965 812 1146 890 Freginates,

160 895 327 955 Fabraterni
342 900 475 967 veteres,
491 891 659 953 Fabraterni
674 896 740 953 novi
747 893 953 972 ,Ficolenses‚
969 895 1145 974 Fregellani,

159 979 262 1039 Forum
277 976 371 1055 Appi,
394 974 705 1052 Forentani,Gabini,
730 978 935 1039 Interamnates
950 981 1081 1039 Sucasini
1099 982 1147 1060 qui

161 1072 188 1123 et
198 1061 347 1121 Lirenates
357 1068 505 1135 vocantur,
518 1060 679 1121 Ilionenses
690 1061 797 1138 Larini,
812 1061 951 1139 Norbani,
963 1062 1145 1141 Nomentani,
1156 1082 1181 1123 ro
1264 1089 1265 1100 ι

159 1144 334 1205 Praenestini
350 1142 420 1203 urbe
435 1145 576 1223 quondam
591 1146 738 1225 Stephane
754 1147 846 1222 dicta,
869 1146 1070 1225 Privernates,
1093 1151 1147 1210 Se·

160 1230 217 1305 tini,
234 1230 352 1307 Signini,
369 1228 552 1305 Suessuluui,
569 1228 707 1305 Telesini,
726 1230 880 1290 Trebulani
895 1234 1066 1308 cognomine
1081 1233 1145 1293 Bal·

159 1315 312 1386 linienses,
332 1310 472 1388 Trebani,
491 1312 654 1391 Tusculani,
671 1314 819 1390 Verulaul,
835 1314 991 1390 Veliternis
1004 1315 1145 1375 Ulubren·

116 1406 150 1459 65
159 1416 223 1475 ses,
239 1396 401 1469 Urbinates,
429 1415 573 1475 superque
589 1398 679 1457 Roma
700 1398 779 1475 ipsa,
794 1397 883 1455 cuius
904 1415 1009 1458 nomen
1025 1400 1145 1460 alterurn

159 1482 255 1541 dicere
275 1479 388 1539 arcanis
410 1480 643 1539 caerimoniarum
665 1481 747 1539 neias
768 1479 905 1556 babetur,
928 1491 1099 1562 optumaquc
1115 1492 1182 1543 et1s

158 1564 275 1625 salutari
286 1563 343 1623 lide
355 1562 489 1623 abolitum
502 1564 656 1623 enuntiavit
666 1563 799 1647 Valerios
810 1564 946 1640 Soranus,
960 1566 1067 1643 luitque
1078 1582 1146 1626 mox

157 1666 276 1731 poenas.
308 1644 372 1708 Non
391 1646 513 1709 alienum
534 1648 675 1707 videtur
667 1636 797 1707 inserere
818 1647 875 1725 hoo
896 1648 964 1707 looo
980 1648 1145 1726 exemplum

157 1735 306 1811 religionis
319 1734 460 1810 antiquae,
478 1731 514 1791 ob
531 1732 586 1791 hoc
597 1750 727 1791 maxume
744 1731 905 1792 silentium
896 1733 1048 1792 rustitutae.
1066 1750 1143 1792 nam·

159 1838 213 1898 que
230 1818 294 1877 diva
305 1817 470 1892 Angerona,
488 1817 534 1875 cui
550 1816 762 1875 sacrificatura.
776 1816 804 1875 d.
815 1814 877 1874 ΧΗ.
891 1815 1006 1878 kalend.
1020 1815 1142 1893 lanuar,
1264 1883 1266 1908 s

116 1915 208 1968 odore
224 1900 351 1977 obligato
363 1898 570 1978 obsignatoque
584 1900 763 1965 simulacrum
773 1899 869 1959 habet.
893 1898 1001 1959 Urbem
1012 1902 1064 1959 tris
1078 1917 1180 1978 por-ao

83 2058 86 2065 y
157 1996 200 2045 tas
215 1983 366 2043 habentem
384 1980 522 2044 Romulus
537 1981 668 2062 reliquit,
684 1991 730 2043 aut
746 1983 791 2060 (ιιι
808 1983 952 2061 plurumas
966 1984 1145 2044 tradentibus

157 2069 321 2145 credamus)
337 2076 477 2146 quattuor
503 2068 615 2127 moenia
630 2068 692 2127 eius
708 2067 858 2144 collegere
870 2064 981 2127 ambitu
991 2070 1143 2146 imperato·

157 2154 235 2214 ribus
248 2152 477 2236 censoribusque
494 2151 682 2229 vespasianis
695 2169 770 2212 anno
787 2152 918 2213 conditae
933 2149 1142 2213 DCCCXXVI.

157 2256 235 2317 pass
248 2230 318 2297 ΧΙΙΙ
333 2235 362 2295 Μ
378 2233 435 2297 CC.
463 2236 606 2315 conplexa
628 2238 731 2296 montis
755 2248 867 2315 septem
889 2238 951 2312 ipsa
968 2236 1125 2297 dividitur
1116 2255 1144 2295 ιιι

157 2324 293 2399 regiones
316 2321 554 2399 quattuordecim,
580 2322 703 2397 compita
725 2320 826 2379 Larum
852 2317 986 2378 CCLXV.
1016 2320 1179 2379 eiusdemaa
1264 2343 1265 2400 ι

70 2398 73 2403 ’
158 2406 278 2483 spatium
301 2420 432 2461 mensura
456 2411 588 2461 currente
606 2421 621 2461 a
642 2403 793 2461 miliario'
784 2421 813 2460 ιιι
835 2403 929 2477 capite
947 2401 1067 2481 Romani
1087 2402 1145 2461 fori

84 2528 86 2531 -
158 2496 260 2547 statuto
277 2485 312 2543 ad
334 2484 458 2561 singulas
482 2492 594 2563 portas,
617 2502 691 2561 quae
714 2492 778 2542 sunt
793 2483 880 2543 hodie
896 2500 1014 2542 numero
1029 2486 1144 2559 triginta

158 2578 269 2647 septem
287 2570 325 2627 ita
340 2576 369 2625 ιιι
386 2567 536 2628 duodecim
556 2566 648 2626 semel
669 2575 852 2625 numerentur
866 2575 1143 2646 praetereanturque

75 2710 77 2713 .
159 2673 196 2714 ex
210 2650 355 2712 veteribus
368 2660 478 2727 septem
489 2668 566 2728 quae
581 2668 647 2711 esse
663 2651 818 2725 desierunt,
835 2649 925 2709 eflicit
940 2667 1075 2727 passuum
1089 2669 1144 2729 per
1212 2694 1216 2701 .
1264 2659 1265 2718 ξ

116 2739 148 2795 67
159 2740 296 2798 directum
320 2733 374 2794 XX
396 2732 603 2794 lllDCCLXV.
628 2734 665 2794 ad
685 2740 814 2794 extrema
835 2750 906 2793 vero
923 2742 1063 2793 tectorum
1079 2752 1178 2795 comto
1264 2763 1265 2770 ι

159 2821 260 2883 castris
275 2820 427 2898 praetoriis
442 2818 593 2878 abeodem
604 2818 725 2879 miliario
740 2836 795 2895 per
809 2817 891 2877 uicos
904 2819 1025 2877 omnium
1035 2820 1145 2879 viarum
1264 2821 1265 2848 l

158 2922 290 2965 mensura
313 2903 421 2979 colligit
443 2901 527 2981 paulo
551 2903 672 2979 emplius
692 2902 872 2979 septuaginta
897 2902 974 2961 milia
998 2917 1158 2981 passuum(

160 2989 235 3068 quod
259 2988 283 3045 si
308 2990 377 3065 quis
392 2986 564 3046 altitudinem
585 2994 726 3045 tectorum
752 2986 852 3058 addat,
875 2986 986 3062 dignam
1008 2986 1145 3063 profecto

159 3072 391 3131 aestumationem
408 3070 563 3147 concipiat,
586 3069 767 3146 fateaturque
786 3067 890 3127 nullius
906 3068 986 3128 urbis
1006 3072 1142 3147 magnitu·
1264 3127 1266 3140 ,

159 3154 271 3215 dinem
263 3172 291 3211 ιιι
302 3161 360 3212 ιοιο
373 3152 444 3211 orbe
457 3154 586 3250 potuisse
601 3154 628 3209 ei
640 3152 801 3250 conparari.
824 3148 971 3211 Clauditur
982 3153 1018 3212 ab
1030 3154 1178 3213 orientem
1264 3175 1265 3232 p

159 3255 269 3314 aggere
287 3234 420 3314 Tarquini
433 3235 578 3313 Superbi
569 3244 643 3295 mter
658 3236 748 3312 prima
763 3252 855 3312 opere
870 3236 1000 3297 mirabili.
1021 3252 1141 3311 namque

49 3324 53 3333 '
160 3340 223 3379 eum
237 3320 323 3378 muris
334 3319 466 3395 aequavit
480 3336 535 3395 qua
550 3336 679 3379 maxume
691 3317 808 3395 patebat
824 3318 901 3378 aditu
922 3320 1017 3394 plano.
1042 3326 1143 3377 cetero

158 3405 262 3462 munita
278 3411 338 3463 erat
353 3399 513 3481 praecelsis
523 3404 610 3467 muris
627 3400 816 3481 autabruptis
830 3401 983 3476 montibus,
997 3400 1051 3459 nisi
1066 3398 1143 3481 quod
