2542 3842
307 145 388 197 uua.
400 145 499 233 *man
521 148 560 197 11.
581 133 871 223 41-46.(41-45.)
1070 138 1112 203 89

111 316 179 365 aera
195 300 413 383 exspirantibus
434 302 484 381 qni
499 320 595 381 neque
615 302 645 362 in
658 302 794 381 nebulam
809 306 946 368 densetur
960 325 1017 367 nec
1032 324 1111 369 cras·

112 397 208 448 sescat
224 388 254 446 in
271 386 366 447 nubis.
398 404 488 465 posse
506 396 536 447 et
552 386 624 447 solis
640 386 755 465 inpulsu
773 390 837 465 agi,
860 393 992 469 qnoniam
1008 402 1112 452 ventus

111 471 176 531 bant
192 472 271 531 aliud
286 470 474 547 intellegatur
491 488 576 548 quam
594 470 699 529 ductus
714 472 802 546 aeris,
818 474 1008 553 pluribusque
1025 477 1111 537 etiarn

112 554 210 615 modis.
242 572 366 633 namque
381 562 412 613 et
427 572 444 613 e
461 552 624 613 iluminihus
642 553 802 614 acniribus
819 558 956 617 etemorl
967 558 1111 635 videmus,

93 646 141 703 net
155 638 272 715 quidem
285 636 460 715 tranquillo,
477 646 508 696 et
523 637 597 696 alios
612 654 689 714 quos
704 636 811 698 nocant
827 640 940 699 altanos
957 650 986 700 et
1001 652 1111 717 eterra

113 738 300 798 consurgere.
324 721 389 800 qui,
413 738 478 781 enm
494 737 510 780 e
525 720 749 797 mammaeam,
770 725 887 803 tropaei
907 733 1063 801 vocantur,
1087 726 1112 786 si

113 814 244 885 pergunt,
260 805 378 882 apogei.

170 890 222 949 44.
238 886 376 947 blentiom
391 902 463 947 vero
480 886 574 949 flexos
593 888 749 967 crebrique
767 889 897 950 vertices
914 898 944 949 et
959 890 1092 950 condere
1103 902 1154 956 115

113 970 208 1032 cubito
226 980 273 1031 aut
288 972 380 1033 iraota
396 972 424 1029 in
438 986 556 1031 umeros
571 974 654 1051 iuga,
672 975 794 1033 concaui
808 973 926 1033 vallium
941 975 1021 1033 siuns
1036 976 1112 1033 scin·

80 1072 104 1117 ro
113 1056 215 1115 dentes
229 1054 434 1133 inaequalitate
450 1056 518 1115 ideo
535 1056 726 1117 resultantem
741 1058 915 1137 aeras(quae
927 1075 1014 1117 cansa
1027 1059 1113 1117 etiam

110 1156 202 1199 voces
215 1138 311 1199 multis
326 1137 444 1199 inloois
460 1140 633 1216 reciprocas
647 1140 733 1217 iacit)
748 1142 810 1200 sine
826 1141 883 1199 line
900 1150 1004 1201 ventos
1021 1159 1112 1218 gene·

110 1231 181 1284 rant.
201 1222 253 1281 45.
270 1223 325 1281 1010
340 1222 454 1299 quidam
470 1230 500 1281 ct
515 1238 633 1301 specus,
650 1222 745 1301 qualis
758 1224 788 1283 in
802 1220 1018 1283 Delmatiaore-
1028 1234 1114 1285 vasto

110 1322 256 1387 praeceps
271 1304 366 1379 biatu,
390 1305 417 1363 in
434 1322 520 1384 quem
537 1305 654 1365 deiecto
670 1306 729 1365 leri
744 1306 875 1384 pondere
891 1307 1023 1385 quamvis
1036 1316 1113 1366 tran·

111 1389 201 1469 quiilc
224 1390 271 1448 die
296 1388 400 1448 turbini
424 1388 524 1449 similis
546 1390 652 1449 emicat
672 1390 814 1467 procella.
844 1404 949 1449 nomen
974 1390 1042 1451 loco
1068 1399 1114 1451 est
1162 1416 1167 1422 ·

78 1474 208 1541 tsSenta.
233 1472 308 1547 Quin
323 1473 396 1532 etin
412 1470 573 1547 Cyrenaica
590 1474 740 1551 provincia
755 1489 845 1553 rupes
860 1474 1001 1552 quaedam
1014 1484 1113 1534 anemo

110 1557 230 1617 traditur
252 1572 355 1631 sacra,
382 1566 466 1634 quam
489 1557 641 1634 profanum
662 1557 700 1616 sit
722 1559 870 1617 attrectari
887 1556 1010 1616 bominis
1028 1574 1113 1617 mann

111 1638 264 1701 coniestinr
280 1649 378 1699 austro
395 1640 532 1699 volvente
552 1640 685 1701 barenas.
716 1639 748 1700 ln
763 1639 896 1700 domibus
917 1641 1003 1701 etiam
1025 1642 1113 1702 multa

109 1740 193 1785 mano
204 1722 282 1783 iacta
296 1722 408 1783 inclusa
424 1724 570 1801 opacitate
587 1724 797 1803 conceptacula
812 1740 897 1783 auras
911 1740 979 1785 suas
993 1722 1111 1785 babent.

110 1808 184 1869 adeo
201 1822 289 1867 causa
303 1822 361 1866 nou
376 1806 471 1866 deest:

76 1908 101 1951 m
175 1890 260 1969 (45.)
277 1890 336 1951 Sed
352 1891 512 1969 plurumum
527 1890 659 1966 interest,
676 1890 761 1951 ilatos
776 1892 813 1951 sit
827 1908 863 1951 an
877 1900 990 1951 ventos.
1021 1889 1092 1951 Illos
1104 1900 1155 1956 116

111 1982 202 2034 statos
219 1982 307 2052 atque
323 1974 525 2053 perspirantls‚
542 1991 615 2053 qnos
632 1992 690 2035 non
706 1982 815 2034 tractus
826 1976 931 2053 aliquis
941 1991 1042 2034 verum
1053 1984 1112 2035 ter·

110 2074 162 2118 rae
178 2058 313 2134 sentiunt,
328 2058 377 2139 qui
392 2074 449 2117 non
464 2074 543 2133 aura,
559 2072 616 2117 non
633 2057 783 2136 procella,
802 2059 855 2117 sed
870 2074 967 2117 mures
981 2058 1112 2136 appella·

110 2144 192 2203 tione
209 2158 326 2220 qnoque
349 2144 413 2221 ipsa
427 2142 506 2200 venti
528 2150 606 2215 sunt,
631 2144 694 2199 sive
719 2140 842 2199 adsiduo
861 2140 957 2197 mundi
979 2141 1139 2199 10011001-

110 2226 257 2286 contrario
275 2225 400 2285 siderntu
416 2240 540 2285 occursu
557 2230 728 2296 nascuntur,
753 2221 816 2279 sive
833 2220 881 2279 bic
897 2228 942 2279 est
956 2219 1007 2279 ille
1022 2238 1113 2296 gene·

74 2308 212 2369 curabilis
234 2324 330 2367 rerum
352 2317 471 2387 nupturae
495 2307 612 2384 spiritus
639 2303 696 2363 huo
721 2302 791 2363 illuc
814 2312 957 2381 tamquam
980 2304 1009 2361 in
1028 2310 1114 2361 utero

108 2393 209 2471 aliquo
229 2406 338 2467 vagus,
369 2393 431 2451 sive
457 2389 587 2468 disparili
612 2388 767 2447 errantium
790 2387 915 2448 siderum
938 2388 996 2446 icto
1010 2376 1114 2446 'rudio-

106 2491 232 2552 rumque
247 2474 411 2534 multiformi
426 2476 502 2535 iactu
518 2471 683 2550 flagellatus
698 2488 765 2546 aer,
782 2473 845 2531 sive
861 2490 878 2532 a
894 2472 953 2530 suis
968 2468 1114 2531 sideribus

107 2567 219 2618 exeunt
231 2557 276 2616 bis
288 2554 474 2636 propioribus
487 2558 548 2616 sive
561 2556 598 2616 ab
610 2555 669 2615 illis
680 2555 766 2614 caelo
776 2555 880 2614 adiixis
891 2554 1005 2615 cadunt.
1019 2554 1114 2631 palam

108 2650 156 2701 est
171 2640 241 2699 illos
264 2656 380 2719 quoque
403 2640 500 2717 legem
517 2648 634 2699 naturae
651 2637 763 2698 babere
784 2654 842 2697 non
858 2640 985 2713 ignotam
1001 2637 1113 2697 etiamsi

70 2723 236 2785 sorrondum
254 2725 463 2801 percognitam.
493 2724 544 2784 46.
560 2721 668 2799 Viginti
691 2722 814 2800 amplius
835 2730 971 2779 auctores
989 2717 1156 2779 Graecini

106 2816 231 2867 veteres
253 2807 412 2884 prodidere
437 2806 540 2865 debis
562 2805 795 2865 observationes.
827 2817 884 2879 quo
909 2802 1001 2878 magis
1026 2801 1116 2858 miror

106 2890 184 2949 orbe
201 2890 330 2949 discordi
346 2891 419 2950 etin
433 2904 535 2965 regna,
551 2889 608 2947 irco
624 2897 671 2947 est
686 2889 716 2944 in
729 2885 870 2959 membra,
887 2882 980 2942 diviso
992 2882 1114 2942 totviris

107 2988 201 3033 ourae
218 2972 312 3031 inisse
327 2981 384 3032 tarn
402 2973 490 3031 ardua
507 2973 635 3044 inventu,
651 2970 727 3027 iuter
743 2967 822 3026 bella
838 2965 1011 3042 praesertim
1029 2972 1058 3025 et
1073 2964 1114 3023 in·

108 3057 168 3116 lida
186 3054 325 3133 hospitia,
343 3056 444 3135 piratis
462 3056 547 3114 etiam
563 3055 687 3113 omnium
697 3049 858 3110 mortalium
869 3047 1001 3108 lrostibus
1012 3048 1114 3110 transi·

70 3149 154 3199 astus
171 3138 266 3198 ferme
281 3136 458 3213 tenentibus,
474 3146 505 3197 ut
519 3136 607 3196 bodie
625 3135 767 3213 quaedam
778 3135 806 3191 in
820 3150 872 3191 suo
885 3133 1007 3211 quisque
1021 3139 1115 3192 tractu

108 3240 149 3281 ex
177 3238 279 3281 eornm
304 3221 517 3281 commentariis
539 3220 586 3297 qui
608 3233 758 3295 numquam
779 3231 816 3276 eo
838 3234 996 3277 accessere
1016 3216 1115 3274 verius
1226 3249 1230 3258 -

107 3314 214 3365 noscat
229 3316 315 3384 quam
332 3305 530 3381 indigenarum
546 3302 677 3361 scientia.
694 3317 768 3358 nunc
781 3318 854 3359 vero
870 3316 944 3377 pace
959 3307 1016 3357 tam
1028 3298 1114 3371 iesta,

107 3398 168 3451 tam
189 3389 338 3468 gaudente
361 3396 505 3467 proventu
526 3402 622 3446 rerum
641 3383 801 3464 artiumque
823 3383 974 3463 principe,
999 3382 1115 3440 omnino
