2542 3842
218 148 223 156 ⁸
324 151 404 242 uun.
421 190 509 240 ursa.
527 193 581 240 xv.
600 170 719 242 uu-sstt.
736 181 888 261 (ut-30.)
1033 182 1095 244 295

30 351 37 372 “’
107 348 230 411 Glandes
255 349 330 407 inter
351 363 435 426 poma
459 348 600 414 numerari
622 330 680 407 uon
700 355 837 424 possunt,
862 346 1077 426 quamobrcm'
1068 368 1096 409 ιιι

106 452 157 494 sua
169 433 276 493 'natura
297 431 435 491 dicentur.
1052 448 1059 487 ·,
1107 435 1138 509 *g

168 512 249 597 (27.)
278 514 400 593 Reliqua
420 515 534 575 carnosi
554 523 618 574 sunt
635 514 768 590 generis,
791 531 883 612 eaque
904 513 984 574 bacis
1007 524 1091 593 atque
1103 526 1138 580 96

106 599 238 662 carnibus
260 599 372 660 distant.
402 598 457 658 alia
479 599 567 659 acinis
583 615 670 690 caro,
692 597 866 671 alienoris,
888 597 944 658 alia
959 599 1095 658 unedoni·
1166 618 1171 630 ’

83 685 175 758 ultus,
197 681 300 748 stalla
322 682 410 742 acinis
431 683 618 743 intercutem
633 682 810 758 sucumque,
832 641 888 741 al’ia
906 682 1014 756 myxis,
1039 684 1094 743 alia

80 820 85 829 .
105 767 184 828 bacis
205 775 233 826 ut
252 765 346 825 olivis.
377 763 465 826 Moris
482 783 567 825 sucus
586 766 615 824 in
631 781 719 823 carne
734 765 869 840 vinosus,
888 765 952 824 trini
966 766 1093 841 colores,
1103 775 1137 830 97

105 849 241 910 candidus
265 850 372 928 primo,
393 849 606 924 mox·rubens,
624 849 740 907 maturis
760 848 852 924 niger.
886 850 915 907 in
931 849 1094 912 novissimis

105 934 219 1009 uorem,
233 933 306 994 inter
320 934 410 1011 prima
423 940 624 993 maturescunt.
655 932 765 1008 tingunt
778 929 961 991 rnanus'suco
977 941 1095 1006 matura,
1135 989 1138 995 ,
1244 944 1245 997 3

106 1017 205 1080 eluunt
224 1014 338 1077 acerna
367 1017 516 1079 minumum
533 1017 562 1075 in
576 1015 630 1076 hac
648 1014 754 1074 arbore
769 1016 883 1090 ingenia
897 1015 1095 1093 proiecerunt,
1244 1026 1245 1039 ¹

71 1119 161 1164 senec
175 1099 334 1160 nominibus
349 1115 404 1159 uec
419 1102 509 1159 insitis
525 1117 580 1158 nec
596 1099 654 1158 alio
669 1098 754 1157 modo
769 1115 853 1176 quam
867 1100 944 1176 pomi
956 1101 1094 1175 maguitu-

106 1186 181 1245 dine.
196 1183 342 1243 differunt
355 1200 434 1243 mora
449 1182 591 1242 Ostiensia
607 1191 636 1241 et
650 1180 811 1242 Tusculana
825 1180 944 1242 Romae.
974 1199 1095 1242 nascun-

105 1277 150 1328 tur
166 1277 195 1327 et
210 1268 238 1326 iu
250 1265 329 1326 rubis
341 1267 457 1326 multum
471 1266 622 1350 differente
644 1264 729 1324 callo.
1072 1299 1076 1310 ·
1244 1294 1246 1343 p

168 1349 252 1430 (28.)
273 1349 359 1412 uliud
373 1367 480 1428 corpus
501 1358 546 1409 ιιι
564 1348 758 1418 terrestribus·
769 1349 875 1426 fragis,
897 1348 972 1409 aliud
987 1358 1138 1425 conge-98
1244 1374 1245 1409 l

105 1435 167 1494 ueri
190 1451 289 1494 eorum
307 1433 445 1508 unedoni,
468 1433 545 1512 quod
568 1433 660 1512 solum
682 1432 909 1510 pomumtsimile
930 1433 1024 1492 frutici
1039 1442 1095 1492 ιιι·

70 1535 214 1596 suraeque
226 1517 359 1594 gignitur.
391 1516 478 1576 arhor
492 1519 555 1594 ipsa
570 1516 718 1579 fruticosa.
747 1516 856 1576 iruetns
880 1533 953 1575 anno
975 1523 1095 1574 mature·

107 1603 176 1677 scit,
197 1602 362 1679 pariterque
375 1599 460 1660 lloret
474 1600 653 1660 subnascens
672 1608 702 1659 ιι
720 1601 799 1678 prior
818 1602 958 1678 coquitur.
985 1601 1045 1658 mas
1061 1600 1098 1658 sit
1166 1621 1170 1629 ·
1203 1623 1208 1629 ·

106 1703 143 1754 au
160 1684 264 1744 femina
284 1683 391 1743 sterilis
412 1683 486 1744 iuter
505 1691 640 1743 unctores
659 1699 716 1742 non
730 1691 849 1744 constat.
881 1700 995 1763 pomum
1013 1682 1092 1742 inho·
1104 1690 1138 1745 99

105 1785 221 1844 urorum,
240 1776 280 1826 ut·
291 1767 336 1826 cui
356 1771 459 1838 nomen
473 1785 510 1826 ex
524 1775 692 1843 argumento
708 1768 744 1826 sit
756 1784 841 1826 unum
860 1775 965 1826 tautum
983 1766 1096 1826 edendi.

107 1851 218 1919 duobus
240 1859 333 1918 tamen
353 1850 409 1912 hoc
428 1850 587 1910 nominibus
606 1849 753 1928 appellant
771 1849 890 1926 Graeci,
913 1867 1048 1910 comaron
1068 1858 1098 1908 et

69 1960 97 2000 no
107 1934 303 2010 mancupion,
325 1950 382 2011 quo
403 1934 523 2013 adparet
545 1933 663 1994 totidem
679 1951 745 1992 ease
759 1951 877 2009 genera.
905 1942 934 1992 ιι
953 1933 1029 2018 apud
1043 1949 1097 1991 nos

107 2019 164 2078 alio
185 2020 297 2077 nomino
316 2016 432 2076 arbutus
452 2026 582 2076 vocatur.
609 2015 680 2089 luha
693 2025 794 2076 auctor
809 2025 853 2076 est
869 2017 1098 2111 quinquagenum

107 2101 267 2162 cubitorum
282 2099 450 2160 altitudine
441 2119 470 2158 ιιι
483 2099 600 2160 Arabia
605 2117 673 2159 ιιιι
688 2117 749 2160 ιιι.

167 2183 272 2262 (29.)
273 2175 427 2244 Aciriorum
446 2200 562 2261 quoque
582 2200 685 2260 magna
702 2191 749 2243 est
763 2183 938 2257 differentia,
961 2182 1079 2262 prinum
1089 2192 1140 2244 100

107 2270 180 2328 iuter
193 2284 263 2326 rrvas
277 2267 355 2346 ipsas
370 2265 457 2341 callo,
472 2267 636 2341 teneritate,
655 2266 854 2341 crassitudine,
868 2266 1005 2326 interiore
1017 2265 1095 2340 liguo

70 2377 97 2417 ιι
108 2351 171 2412 aliis
188 2365 278 2427 paruo
297 2358 325 2408 et
345 2349 407 2408 aliis
428 2351 511 2409 etiam
525 2350 657 2426 gemino,
677 2351 725 2427 qui
738 2350 860 2411 minume
875 2349 988 2408 feraces
1003 2349 1136 2406 musti.-

108 2435 265 2515 plurumum
279 2448 350 2493 uero
371 2433 503 2494 dilieruut
524 2433 651 2495 hederae
670 2431 837 2521 sabucique
847 2433 937 2504 acini,
960 2440 988 2490 ιι
1007 2431 1097 2507 ligura

65 2513 71 2520 ’
107 2519 192 2579 etiam
210 2517 323 2593 Punici,
343 2517 475 2594 angulosi
493 2516 600 2595 quippe
623 2516 689 2576 soli
725 2534 780 2576 uec
804 2497 878 2577 cutis
899 2515 958 2576 ulla
977 2515 1097 2590 singulis

107 2609 226 2682 praeter
242 2617 418 2660 communem
433 2618 507 2679 quae
522 2609 567 2658 ιιι
586 2599 715 2660 candida
742 2601 892 2678 totisque
883 2617 968 2666 sucus
984 2607 1013 2657 ιι
1027 2614 1096 2656 caro
1243 2644 1245 2673 p

107 2695 169 2761 est,
184 2685 235 2756 iis
251 2683 407 2762 praecipue
428 2681 530 2762 quibus
552 2683 701 2761 parvolum
723 2685 796 2744 inest
813 2682 892 2760 ligni.
925 2682 1027 2758 llagna
1048 2689 1077 2739 ιι
1088 2691 1138 2742 101
1243 2680 1245 2759 ᾖ

30 2775 33 2781 ’
72 2768 189 2833 achaeis
201 2767 370 2828 differentia.
395 2768 469 2827 aliae
481 2784 601 2866 namque
614 2776 679 2826 sunt
691 2767 786 2841 olivis,
803 2767 890 2826 lauris
902 2773 930 2824 ιι
941 2765 999 2824 alio
1010 2763 1097 2823 modo
1243 2766 1244 2769 ’

108 2852 187 2950 loto,
209 2850 320 2925 cornis,
340 2851 524 2925 aliomyrtis‚
544 2850 677 2913 lentisco.
703 2851 841 2928 aquifolio
858 2849 932 2910 euim
948 2849 1138 2926 aespinae

108 2936 170 2994 siue
184 2951 272 3010 suco,
292 2932 443 3011 medioque
458 2935 607 2992 etiamnum
622 2951 733 3010 genere
749 2935 822 3007 inter
833 2932 923 2992 bacas
940 2932 1096 3008 acinosque

28 3019 29 3024 ’
110 3017 227 3078 cerasis.
255 3033 368 3097 pomum
387 3015 430 3076 his
453 3019 545 3094 primo
563 3017 712 3078 candidum
731 3025 760 3077 et
776 3018 840 3077 lero
859 3014 990 3079 omnihus
1005 3012 1095 3101 bacis.

109 3117 176 3160 mox
188 3099 249 3160 aliis
263 3101 390 3175 virescit,
406 3109 435 3160 ut
446 3100 552 3174 οΙίιιι,
568 3100 669 3174 iamai,
685 3089 768 3160 rubet
780 3118 851 3160 voro
865 3098 968 3174 moris,
977 3088 1096 3170 cerasis,

28 3187 29 3196 ’
73 3184 216 3250 ιιιοιιιίι.
245 3183 577 3260 deinnigrescitmoris‚¹
594 3185 713 3256 cerasis,
728 3183 823 3243 olivis.

170 3265 221 3326 25.
244 3266 327 3346 (30.)
343 3265 443 3328 Cerasr
457 3276 522 3326 aute
537 3267 685 3326 unctorram
698 3228 963 3326 llitlrridaticamlr..
967 3261 1077 3322 luculli
1089 3274 1139 3326 109
1196 3333 1205 3340 ,

28 3343 31 3384 ¹
111 3347 404 3449 nonfuereinlttalia,
419 3349 542 3410 adurbis
557 3368 658 3412 anuum
671 3363 823 3410 mccxxx.
845 3347 1099 3427 lsprimumvexit

28 3427 31 3536 f
111 3451 129 3492 e
146 3435 254 3510 Ponto,
277 3437 414 3513 urnisque
434 3446 503 3494 cxx
521 3441 599 3504 traps
620 3451 757 3494 oceanum
777 3436 804 3494 in
818 3432 987 3493 Britanniam
1005 3448 1098 3508 usque
