2542 3842
341 211 421 259 unu.
438 210 530 274 seso,
545 212 591 260 vr.
614 209 733 262 no-nn.
752 179 900 283 (na-nc.)
1053 201 1113 266 233

9 390 11 425 t
123 375 220 429 terrae
239 373 271 426 et
291 382 402 443 gauere
420 365 533 443 irugarn
553 365 744 445 arhorunrqne
768 375 815 426 aut
835 366 960 428 ierarnrn
982 387 1016 430 ac
1032 371 1113 432 volu·

123 466 203 510 crum
215 450 376 510 etalinrnrn
390 450 549 510 animalium
563 451 712 510 traduntur
726 451 786 510 snis
800 468 933 529 quaeque
943 453 1017 513 locis
1029 455 1057 515 in
1068 472 1113 515 re·

122 534 201 612 quna
217 543 299 612 parte
315 535 414 612 operis
430 533 725 610 conmemorabnntur,
742 543 875 613 quattuor
886 553 960 594 vero
971 541 1114 617 satrapiae

9 640 10 647 ¹
122 633 191 677 rnox
212 617 315 696 paulo,
337 617 373 677 ad
390 615 581 694 Taprobanen
601 618 721 677 insulam
742 618 896 678 festinante
919 621 1021 678 anirno.
1057 624 1109 684 sed
1122 635 1157 688 so

95 710 189 763 sante
205 709 270 760 sunt
283 700 373 761 aliae:
390 700 488 760 Patale
510 718 593 779 quarn
609 702 831 778 significavimus
850 703 879 760 in
894 701 966 780 ipsis
984 704 1145 766 lancibusn

8 781 10 787 ’
121 784 201 861 Indn‘‚
224 786 362 863 triquetra
380 784 487 861 figura,
507 782 617 844 dcxx·
634 783 665 844 Μ
686 803 821 864 passunrn
836 785 1010 846 latitudine«
1034 786 1115 850 entra

122 869 227 950 ostium
240 863 309 929 'luti
330 866 441 943 Chryse
466 877 495 928 et
515 868 647 947 Argyre,
672 858 786 929 fertiles
801 868 949 945 metallis,·
962 879 993 928 ut
1013 869 1124 935 credo.¹

120 971 186 1014 narn
200 947 284 1095 'pund
306 952 393 1052 aliqui
413 942 558 1051 tradidere
578 962 695 1052 anreupn
717 962 943 1032 argenteumque
965 955 1001 1012 iis
1023 955 1115 1016 solnm

87 1139 114 1181 1.
124 1045 275 1194 {told
282 1035 652 1197 ,sttltttlltt'tdl
667 1034 1045 1198 ltlldltttltftl
1052 1039 1113 1196 tl?

123 1203 226 1265 rallilra
240 1202 307 1263 VIII
321 1202 350 1262 Μ
363 1219 441 1280 pass.
456 1221 472 1262 a
489 1218 576 1280 supra
591 1202 683 1278 dieta,
699 1203 864 1280 multaeque
877 1203 1032 1281 ignobiles

207 1285 257 1345 22.
289 1286 372 1366 (24.)
409 1284 604 1364 Taprobanen
619 1286 740 1346 alterurn
762 1285 861 1366 orbern
882 1295 1022 1350 terrarum
1044 1299 1154 1356 esse81

124 1372 172 1433 din
187 1372 383 1430 existumaturu
399 1379 447 1451 est
457 1369 678 1430 Antichthonum
699 1369 904 1448 appellatore.
942 1382 972 1434 ut
996 1375 1115 1435 insulam

124 1456 249 1534 quueret
273 1472 342 1513 esse
369 1453 529 1539 Alerandri
559 1453 656 1531 Ilagni
684 1463 765 1514 aetas
793 1472 901 1533 resque
917 1459 1113 1535 praestitere.

88 1558 115 1596 rs
126 1537 304 1598 Onesicritus
333 1537 437 1597 classis
459 1539 521 1597 eins
544 1538 710 1616 praelectus
735 1538 907 1618 elephantos
926 1540 966 1600 ibi
989 1544 1117 1602 maiores·

100 1653 106 1662 ι
124 1622 387 1700 bellicosioresque
404 1639 487 1700 qnam
504 1623 532 1682 iu
552 1622 632 1682 India
653 1622 733 1700 gigni
754 1625 885 1702 scripsit,
908 1622 1121 1703 Megasthenes

9 1694 10 1725 ³
125 1705 239 1766 domine
255 1706 357 1781 dividi,
375 1707 543 1786 incolasque
559 1705 761 1784 Palaeogouos
779 1707 938 1788 appellari,
962 1711 1023 1768 anri
1042 1727 1113 1770 rnar·

20 1845 23 1850 .
125 1790 335 1868 parituramque
350 1791 499 1867 grandium
514 1791 671 1850 fertiliores
687 1807 771 1869 quarn
787 1790 883 1851 Indos.
907 1789 1114 1854 Eratosthenes
1157 1815 1162 1825 ’

126 1882 156 1932 et
174 1889 335 1934 mensnram
355 1874 497 1952 prodIdit,
527 1874 712 1952 longitudinis
731 1873 785 1934 VII
800 1874 830 1935 Μ
851 1875 941 1953 stad,
959 1876 1114 1938 latitudinis

9 1962 10 1999 t
87 1948 466 2032 20Vlll‚'uecnrhisesse
489 1955 741 2018 sedvicosDOC.
780 1957 883 2037 Incipit
904 1959 940 2019 ab
955 1959 1020 2019 Eoo
1039 1964 1110 2022 rnari
1121 1971 1156 2029 82
1203 1965 1206 1972 '

124 2043 198 2099 Inter
219 2049 311 2099 ortnnr
330 2054 526 2117 occasumque
548 2042 620 2100 solis
635 2041 735 2100 Indiae
758 2047 909 2117 praetenta
929 2049 958 2101 et
973 2045 1115 2120 quondam

123 2122 235 2184 credita
247 2121 302 2181 XX
314 2122 422 2182 dierum
437 2124 652 2198 navigationc'a
663 2123 795 2181 Prasiana
806 2131 895 2197 gente
907 2124 1023 2201 distare,
1036 2142 1113 2200 mox,

124 2206 190 2286 qnia
215 2205 389 2284 papyraceis
407 2204 529 2263 nasibus
549 2207 789 2282 armamentisque
809 2204 866 2264 Nili
888 2209 1051 2285 poteretur,
1079 2210 1114 2269 ad

124 2298 285 2351 nostrnrnrn
319 2290 432 2348 nasinrn
465 2305 566 2348 cursus
586 2287 641 2348 Vll
670 2289 780 2348 dierum
816 2289 968 2349 intervallo
1006 2299 1113 2350 taxata.

86 2374 203 2436 collare
221 2375 343 2435 Interest
361 2372 516 2447 vadosum,
539 2375 617 2432 senis
638 2389 695 2431 non
711 2373 831 2452 amplius
847 2373 1002 2434 altitudinis
1022 2377 1114 2453 passi·

124 2459 188 2533 bus,
204 2458 257 2518 sed
273 2457 363 2516 certis
377 2456 525 2518 canalibus
539 2457 578 2517 ita'
593 2457 764 2536 profundum
779 2465 809 2517 nt
823 2457 920 2519 nullae
935 2475 1059 2519 ancorae
1076 2459 1114 2518 si·

124 2543 200 2605 dant.
234 2542 273 2602 ob
285 2540 447 2602 id-nanilrns
460 2542 604 2621 utrimque
617 2558 739 2620 prorae,
757 2559 793 2602 uc
811 2559 865 2621 per·
876 2544 1022 2621 angustias
1039 2544 1115 2603 alvei

122 2625 279 2702 circumagi
296 2627 332 2684 sit
345 2642 481 2686 necesse.
509 2625 678 2704 magnitudo
695 2627 730 2687 ad
739 2635 826 2688 terna
845 2627 922 2708 rnilia
938 2627 1112 2704 amphoram.

125 2708 249 2769 siderum
269 2711 298 2768 in
318 2709 480 2786 navigando
494 2710 572 2770 nulla
587 2709 771 2784 observatio,
785 2710 953 2788 septentrio
969 2726 1027 2768 non
1040 2728 1110 2770 cer·
1121 2719 1155 2774 83

88 2809 116 2851 oo
127 2793 211 2865 uitur,
227 2792 279 2851 sed
289 2792 425 2853 volucres
440 2811 539 2852 secum
548 2793 656 2854 uehunt
666 2796 827 2852 emittentes
839 2793 965 2870 saepius,
980 2801 1115 2853 meatum-

126 2892 184 2953 que
200 2891 296 2935 earurn
312 2885 415 2936 terrarn
432 2877 588 2954 petentium
603 2878 782 2936 comitantur.
811 2893 867 2934 nec
883 2876 949 2954 plns
969 2879 1113 2956 quaternis

8 3006 10 3031 ἶ
124 2957 270 3018 mensibus
286 2976 360 3019 anno
376 2961 520 3036 navigant.
565 2967 669 3020 cavent
686 2977 702 3019 a
717 2959 842 3018 solstitio
856 2975 986 3018 maxume
1002 2968 1113 3019 centurn

125 3042 205 3118 dies,
226 3051 294 3102 tunc
313 3043 366 3104 illo
379 3045 449 3103 mari
463 3041 594 3104 hiberno.
636 3041 781 3102 llactenus
796 3059 812 3101 a
826 3043 933 3120 priscis
945 3053 1109 3104 memorata.
1122 3049 1155 3106 84

125 3125 210 3186 nohis
235 3126 401 3203 diligentior
425 3127 533 3207 notitia·
548 3124 649 3186 claudi
676 3127 836 3204 principatu
864 3127 984 3202 contigit
1010 3126 1113 3204 legatis
1175 3199 1177 3209 Ι

89 3211 211 3269 acetiarn
222 3227 260 3270 ex
280 3210 373 3269 insula
397 3209 537 3268 advectis.
583 3209 612 3269 id
630 3209 735 3269 accidit
749 3207 806 3268 hoc
819 3209 916 3270 modo.
960 3207 1034 3270 Anni
1049 3210 1114 3271 Plo·

126 3288 774 3437 ⁰³³¹utltl‘lllttttltt‘t
794 3291 982 3438 titlt‘tlt
995 3292 1114 3436 'titt

127 3391 212 3537 ΜΜΜ,
223 3459 286 3520 XV.
304 3459 351 3520 dic
365 3393 510 3539 Ilippffios
521 3393 634 3538 poqrturn
650 3461 711 3522 eius
727 3393 1017 3540 iungetqulrospitali
1035 3463 1114 3538 regis
