2542 3842
162 182 203 243 94
365 246 375 263 ,
521 194 551 243 c.
572 195 669 243 nurui
690 194 896 250 succuum*

61 412 66 419 ,
162 364 218 425 que
234 356 366 425 tempore
382 349 500 407 aestatis
516 348 677 428 hiemisque
694 347 799 409 causis.
817 366 872 427 qua
888 347 998 407 ratione
1015 348 1118 408 crebra
1130 348 1158 408 in

161 428 258 505 ltalia,
284 431 349 509 quia
372 430 508 491 mobilior
529 450 580 491 aer
603 434 715 492 mitiore
738 432 833 491 hieme
855 440 885 491 et
899 441 1010 491 aestate
1028 431 1158 492 nimbosa
1266 441 1268 448 ’

138 529 279 590 semper
304 514 515 591 quodammodo
538 525 640 575 vernat
661 514 711 573 vel
733 524 885 583 autumnat.
919 514 1017 574 ltaliae
1042 531 1157 594 quoque

159 595 290 672 partibus
306 597 341 654 iis
353 615 427 676 quae
443 617 459 657 a
475 601 674 676 septentrione
690 598 841 658 discedunt
853 598 889 658 ad
904 608 1048 676 teporem,
1063 598 1158 675 qualis
1266 661 1267 672 ,

162 687 206 737 est
221 678 301 737 urbis
314 688 343 738 et
359 678 533 758 Campaniae
549 690 668 756 tractus,
684 682 762 740 iuxta
777 682 872 749 bieme
890 691 919 741 et
935 677 1047 740 aestate
1063 680 1183 756 fulgu-s
1266 679 1267 684 ’

160 770 214 837 rat,
230 762 309 840 qood
324 780 381 821 non
395 764 423 822 in
438 764 494 823 alio
513 764 578 822 situ.

36 906 38 917 ,
118 849 170 905 137
233 846 283 905 51.
309 844 393 924 (52.)
421 844 579 904 Fulminum
606 848 734 924 ipsorum
758 845 840 923 plura
866 864 976 922 genera
1002 847 1158 906 traduntur.

160 926 242 1000 Quae
264 928 344 985 sicca
363 928 480 987 veniunt
501 946 559 988 non
576 930 697 991 adurunt
718 928 771 988 sed
791 928 946 1005 dissipant,
969 942 1043 1009 quae
1065 931 1159 990 umida

159 1026 217 1069 non
238 1016 321 1067 urunt
341 1010 394 1069 sed
418 1010 569 1071 infuscant.
599 1012 714 1072 tertium
740 1020 785 1071 est
810 1013 888 1091 quod
910 1012 1018 1072 clarum
1040 1022 1157 1088 vocant,

160 1089 297 1151 mirificae
320 1111 450 1153 maxume
476 1104 610 1171 naturae,
638 1112 695 1174 quo
720 1095 797 1155 dolia
819 1095 1021 1156 exhauriuntur
1045 1096 1157 1155 intactis
1168 1111 1193 1151 ro

161 1176 346 1253 operimentis
366 1177 502 1257 nulloque
529 1178 586 1239 alio
602 1180 732 1255 vestigio
750 1178 864 1239 relicto.
897 1197 994 1239 aurum
1019 1187 1047 1237 et
1062 1196 1112 1237 aes
1129 1187 1160 1237 et

161 1267 310 1334 ungentum
321 1259 443 1339 liquatur
456 1264 542 1338 intus,
558 1263 688 1340 sacculis
700 1263 771 1340 ipsis
785 1262 864 1324 nullo
876 1263 961 1322 modo
974 1262 1110 1321 ambustis
1123 1278 1158 1320 ac

160 1359 197 1400 ne
215 1341 335 1400 confuso
358 1344 474 1420 quidem
496 1348 578 1421 signo
597 1354 697 1406 cerae(
725 1343 834 1404 Marcia
857 1346 994 1421 princeps
1016 1344 1157 1403 Romana·

160 1441 221 1482 rum
242 1424 299 1483 iota
320 1426 439 1499 gravida
462 1438 544 1504 partu
567 1430 728 1487 exanimato
749 1428 812 1503 ipsa
828 1428 899 1485 citra
920 1427 1006 1485 ullum
1024 1428 1100 1486 aliud
1116 1428 1158 1485 in-

161 1505 340 1565 commodum
354 1507 432 1565 vixit.
457 1507 490 1565 ln
506 1506 683 1568 Catilinianis
698 1508 839 1586 prodigiis
853 1508 1029 1585 Pompeiano
1046 1525 1083 1567 ex
1098 1528 1157 1568 mu·
1167 1516 1194 1569 15

160 1588 266 1665 nieipio
282 1588 319 1647 bl.
337 1589 497 1649 Herennius
514 1591 632 1650 decurio
650 1607 755 1650 sereno
771 1591 819 1649 die
835 1591 954 1650 fulmine
969 1593 1042 1649 ictus
1059 1599 1112 1648 est.

119 1680 171 1735 138
236 1671 284 1729 52.
303 1672 386 1749 (53.)
412 1672 570 1733 Tuscorum
590 1673 703 1733 litterae
725 1690 831 1733 novem
854 1673 927 1733 deos
948 1675 1078 1732 emittere
1102 1672 1156 1732 lul·

121 1788 123 1795 ·
161 1754 234 1812 mina
250 1754 437 1830 existumant,
455 1774 548 1833 eaque
565 1774 632 1816 esse
647 1756 781 1815 undecim
796 1775 947 1833 generum,
964 1756 1064 1817 lovem
1082 1758 1156 1814 enim
1266 1774 1268 1786 ·

143 1837 233 1894 *trina
250 1836 376 1895 iaculari.
411 1838 533 1898 Romani
548 1839 604 1898 duo
624 1847 731 1899 tantum
749 1857 787 1898 ex
807 1840 843 1897 iis
859 1858 1033 1914 servavere,
1057 1838 1157 1898 diuma
1266 1843 1268 1886 ἰ

162 1918 349 1978 attribuentes
364 1919 436 1995 lovi,
452 1931 590 2003 nocturna
606 1922 769 1996 Summano,
786 1924 896 1981 rariora
914 1940 982 1982 sone
1000 1923 1101 1999 eadem
1118 1921 1195 1984 dem
1266 1941 1268 1954 ¹

163 2017 250 2061 eausa
265 2001 423 2077 frigidioris
439 2004 523 2065 caeli.
553 2004 668 2064 Etruria
683 2022 836 2083 erumpere
851 2014 929 2066 terra
947 2023 1063 2084 quoque
1081 2004 1158 2063 arbi·

161 2092 265 2161 tratur,
285 2086 476 2169 *qrmeinfera
493 2088 638 2165 appellat,
662 2087 783 2148 brumali
803 2096 935 2167 tempore
956 2090 1047 2163 lacta,
1070 2092 1163 2147 saeva

162 2184 293 2229 maxume
315 2178 344 2228 et
365 2171 574 2247 exsecrabilia,
599 2189 664 2230 cum
686 2172 741 2231 sint
756 2172 849 2233 omnia
871 2191 945 2250 quae
961 2181 1076 2231 terrena
1098 2170 1158 2229 exi-

164 2258 285 2312 stumant
299 2268 356 2311 non
371 2253 420 2314 illa
435 2254 599 2331 generalia,
627 2272 682 2313 neo
698 2272 714 2314 a
730 2255 874 2314 sideribus
890 2256 1034 2314 venientia
1050 2253 1102 2311 sed
1121 2269 1159 2310 ex
1266 2283 1267 2288 κ

164 2349 303 2409 proxuma
319 2344 405 2412 atque
416 2336 573 2397 turbidiore
587 2346 696 2395 natura.
717 2335 920 2412 Argumentum
933 2337 1063 2408 evidens,
1081 2333 1158 2411 quod
1168 2354 1194 2393 as
1266 2359 1267 2368 ¹

166 2419 259 2476 omnia
280 2418 430 2491 superiora
453 2435 470 2474 e
495 2417 578 2475 caelo
603 2418 766 2476 decidentia
790 2419 926 2494 obliquos
944 2418 1051 2476 babent
1072 2417 1157 2491 ictos,
1266 2408 1268 2462 7

119 2502 173 2557 139
186 2500 259 2558 baec
275 2506 367 2555 autem
383 2516 457 2575 quae
472 2507 578 2557 vocant
593 2506 708 2556 terrena
722 2507 831 2557 rectos.
862 2499 922 2559 Sed
941 2500 1006 2578 quia
1029 2517 1067 2557 ex
1090 2513 1158 2574 pro-

162 2583 246 2658 piore
262 2580 380 2639 materia
397 2580 517 2656 cadunt,
533 2580 601 2639 ideo
617 2581 770 2640 creduntur
786 2589 894 2642 eterra
909 2583 1007 2655 exire,
1024 2582 1158 2659 quoniam

164 2681 201 2722 ex
216 2662 334 2740 repulsu
350 2662 426 2721 nulla
443 2663 566 2739 vestigia
583 2661 686 2739 edunt,
709 2680 772 2721 com
789 2665 826 2721 sit
838 2663 897 2722 illa
912 2663 984 2722 ratio
1000 2681 1058 2723 non
1074 2663 1158 2721 inferi
1266 2667 1267 2674 ’

132 2750 133 2755 ’
162 2747 236 2805 ictus
259 2745 312 2805 sed
336 2744 459 2805 adversi.
494 2745 521 2804 Α
543 2745 658 2804 Saturni
679 2762 713 2805 ea
738 2745 834 2805 sidere
856 2746 1004 2823 proficisci
1026 2744 1194 2803 subtiliuseo
1266 2745 1267 2820 s

60 2868 64 2879 .
163 2830 215 2888 ista
232 2830 391 2888 consectati
408 2821 516 2905 potant,
535 2828 608 2886 sicut
626 2829 781 2887 cremantia
797 2846 813 2886 a
829 2827 938 2903 Martis,
956 2828 1080 2906 qualiter
1094 2845 1158 2885 cum
1266 2829 1267 2842 ¹

95 2918 98 2923 '
162 2912 284 2971 Volsinii
300 2909 435 2989 oppidum
451 2910 609 2970 Tuscorum
625 2910 870 2987 opulentissimum
885 2920 975 2969 totum
990 2927 1158 2970 concrema·
1266 2921 1267 2948 ³

163 3004 220 3052 tum
237 3004 280 3053 est
296 2995 422 3053 fulmine.
450 2993 564 3054 Vocant
579 3002 608 3051 et
618 2991 772 3071 ¹familiario
787 2994 917 3052 intutam
932 2994 1018 3051 vitam
1029 2992 1158 3067 fatidica,

165 3094 237 3153 quae
250 3076 340 3152 prima
353 3076 419 3135 bont
432 3076 566 3137 lamiliam
581 3093 660 3135 suam
676 3075 778 3151 cuique
792 3076 920 3153 indepto.
948 3073 1083 3134 Ceterum
1096 3074 1156 3132 exi-

165 3166 286 3216 stumant
300 3174 357 3215 non
373 3158 444 3217 ultra
461 3159 562 3217 decem
584 3174 675 3217 annos
695 3158 873 3235 portendere
894 3158 1005 3235 privata
1026 3164 1193 3234 praeter-as

165 3256 248 3317 quam
264 3247 311 3298 aut
324 3240 416 3316 primo
432 3241 601 3316 patrimonio
619 3240 695 3298 facta
711 3248 758 3298 aut
775 3241 860 3299 natali
882 3239 944 3314 die,
969 3240 1084 3316 publica
1100 3254 1157 3295 nou

164 3322 236 3381 ultra
249 3323 422 3381 tricesimum
439 3338 540 3379 annum
554 3331 757 3399 praeterquam
772 3324 800 3380 in
816 3322 987 3381 deductione
999 3321 1113 3397 oppidi.

122 3412 174 3469 140
234 3402 283 3463 53.
302 3404 385 3482 (54.)
402 3402 503 3461 Exstat
518 3404 659 3473 annalium
680 3406 818 3463 memoria
835 3406 925 3464 sacris
943 3401 1112 3479 quibusdam
1127 3410 1158 3460 et
