2542 3842
319 179 400 226 nau.
417 178 507 226 rursu.
525 177 599 224 x111.
620 169 739 227 19—22.
756 163 910 242 (33-43.)
1051 160 1113 223 249

174 333 223 394 22.
236 331 319 414 (38.)
332 331 395 393 Nec
405 333 581 413 auspicatior
594 333 626 391 iu
634 330 730 390 Lesbo
745 330 838 389 insula
850 329 938 389 arhor
950 347 1026 410 quae
1042 332 1093 389 vo'·
1105 339 1158 395 118

27 423 30 462 ¹
110 429 191 480 catur
206 433 384 494 euonpmos,
405 435 462 476 non
485 417 621 476 absimilis
637 415 763 474 Punicae
779 411 894 490 arbori,
915 416 991 474 inter
1008 432 1071 474 eam
1085 423 1115 474 et

27 507 29 546 l
110 505 218 564 laurum
232 502 285 563 loli
299 501 503 579 magnitudine,
519 501 694 578 figuravero
708 507 737 558 et
751 497 872 557 mollitia
886 498 1023 575 Punicae,
1040 498 1114 559 llore

27 597 28 600 ’
110 587 293 662 candidiore,
316 586 409 645 statim
427 593 540 665 pestem
555 585 734 645 denuntians.
765 582 823 641 lert
838 581 958 660 siliquas
981 599 1113 643 sesamae

26 687 27 718 ³
87 671 226 746 5similis,
256 671 331 730 intus
352 687 471 747 granum
493 667 700 747 quadriangula
721 667 830 745 ligura,
856 667 998 744 spissum,
1025 666 1114 727 letale

26 765 27 798 ³
110 752 295 830 animalibus,
319 771 376 813 nec
392 771 449 813 non
463 763 493 814 et
506 753 578 814 lolio
595 751 698 812 eadem
715 753 768 810 vis.
801 751 944 810 succurrit
960 750 1114 828 aliquando

26 879 27 884 κ
110 855 255 918 praeceps
271 837 328 897 alvi
347 839 513 898 exinanitio.

174 921 258 1003 (39.)
281 922 449 982 Alexander
471 919 625 1007 Cornelius
651 918 786 979 arhorem
808 935 912 978 eonem
934 916 1096 996 appellavit
1106 927 1158 983 119

111 1025 148 1067 ex
161 1024 217 1086 qua
228 1007 305 1067 facta
321 1015 401 1066 esset
413 1005 511 1083 Argo,
525 1005 647 1065 similem
661 1002 761 1063 robori
775 1004 888 1062 viscum
902 1003 1026 1078 lerentl,
1040 1019 1115 1081 quae

75 1109 206 1168 10neque
223 1107 297 1170 aqua
320 1107 414 1170 neque
432 1090 491 1168 igni
511 1091 606 1169 possit
627 1089 789 1167 corrumpi,
812 1088 896 1147 sicuti
920 1104 976 1145 nec
994 1088 1115 1163 viscum,

111 1174 181 1236 nulli
201 1174 250 1234 alii
267 1177 427 1252 cognitam,
446 1173 525 1254 quod
539 1174 674 1252 equidem
691 1173 789 1232 sciam.
1026 1234 1029 1243 ,

173 1259 256 1340 (40.)
274 1257 461 1319 Andrachlen
474 1275 574 1318 omnes
591 1256 655 1317 iere
666 1255 770 1316 Graeci
785 1253 964 1334 porcillacae
980 1255 1160 1317 contremo

112 1345 353 1420 interpretantur,
378 1360 441 1402 cum
466 1343 508 1401 sic
528 1339 620 1401 herha
640 1349 670 1400 et
694 1339 859 1399 andrachne
883 1348 1007 1398 vocetur
1032 1339 1115 1400 unius

111 1427 226 1488 litterae
241 1427 419 1486 diversitate.
445 1434 546 1485 cetero
561 1424 717 1484 andrachle
730 1433 775 1483 est
786 1423 929 1482 silvestris
944 1420 1048 1498 arhor,
1064 1439 1116 1481 ne·

76 1547 102 1586 15
113 1529 170 1590 que
186 1511 214 1569 in
232 1510 325 1590 planis
339 1527 481 1586 nascens,
504 1509 606 1569 similis
623 1508 765 1583 unedoni,
787 1507 860 1567 folio
876 1514 983 1566 tantum
1004 1506 1115 1564 minore

113 1604 143 1654 et
160 1611 312 1672 numquam
328 1593 501 1669 decidente,
526 1595 636 1653 cortice
662 1608 719 1651 uon
740 1591 845 1651 scabro
864 1590 979 1668 quidem
999 1589 1053 1650 sed
1069 1590 1131 1668 qui*

113 1678 336 1755 circumgelatus
350 1678 442 1739 videri
463 1679 571 1758 possit,
588 1686 646 1736 tam
660 1677 750 1735 tristis
766 1676 991 1755 adspectusest.

176 1762 259 1842 (41.)
289 1762 395 1822 Similis
418 1769 448 1822 et
478 1761 619 1837 coccygia
647 1759 739 1838 lolio,
772 1758 966 1837 magnitudine
991 1757 1094 1817 minor.
1108 1767 1157 1821 121

113 1847 321 1925 proprietatem
345 1845 434 1906 habet
460 1846 583 1907 fructum
606 1843 750 1904 amittendi
773 1843 908 1921 lanugine
926 1876 969 1918 -‚
989 1858 1116 1922 pappum

76 1939 219 2008 ²„vocant
233 1929 368 2010 -quod
387 1929 457 1989 nulli
478 1930 526 1991 alii
547 1928 643 1988 arbori
662 1930 767 1988 evenit.
804 1928 904 1988 similis
924 1935 954 1987 et
977 1925 1128 2004 apharce,'

113 2013 205 2072 hilera
217 2029 310 2092 aeque
323 2028 406 2092 quam
422 2011 588 2072 andrachle.
613 2013 742 2090 priorem
754 2009 876 2069 lructum
891 2011 1048 2088 incipiente
1064 2027 1115 2087 pu·

113 2095 240 2155 hescere
255 2112 309 2155 uva
325 2103 486 2175 peragunt,
503 2095 624 2156 alterum
639 2095 719 2153 initio
734 2093 855 2173 hiemis,
872 2094 965 2172 qualis
982 2109 1036 2151 eos
1058 2109 1117 2151 uon

113 2179 244 2239 traditur.
796 2225 801 2233 .

179 2261 263 2342 (42.)
282 2259 320 2320 m
335 2261 455 2321 ferulam
469 2263 545 2320 iuter
559 2269 697 2322 externas
712 2261 822 2322 dixisse
839 2260 994 2319 conveniat
1009 2259 1159 2323 arbo-122

79 2386 106 2425 25
114 2363 236 2424 rumque
264 2347 365 2424 generi
392 2345 601 2424 adscripsisse,
632 2347 765 2424 quoniam
787 2344 963 2423 quarundam
985 2352 1115 2418 naturae,

115 2433 189 2491 sicut
204 2429 426 2507 distinguemus,
442 2428 549 2507 lignum
564 2445 649 2489 omne
664 2430 783 2488 corticis
800 2428 868 2489 loco
883 2427 1006 2504 hahent,
1027 2427 1115 2487 lurin·
1125 2424 1159 2500 (ξι

115 2531 218 2592 secus,
237 2513 308 2592 ligni
327 2523 422 2574 autem
440 2513 508 2573 loco
524 2514 676 2591 fungosam
697 2514 771 2573 intus
787 2511 940 2573 medullam
958 2518 989 2571 ut
1002 2509 1115 2588 sabuci,

115 2598 255 2680 quaedam
266 2615 338 2658 vero
351 2599 515 2659 inanitatem
529 2605 560 2657 ut
570 2597 754 2658 hamndines.
772 2595 877 2656 Ferula
891 2595 992 2656 calidis
1002 2596 1096 2655 nasci·
1107 2601 1160 2657 123

115 2691 162 2741 tur
180 2682 254 2740 locis
269 2691 355 2760 atque
376 2683 579 2755 transmaria,
604 2679 777 2760 geniculatis
799 2679 904 2738 nodata
920 2681 1027 2758 scapis.
1059 2678 1116 2739 duo

81 2801 106 2844 30
117 2767 179 2824 elus
193 2782 319 2840 genera:
341 2767 479 2826 nartheca
497 2765 601 2826 Graeci
612 2773 717 2824 vocant
731 2763 935 2840 adsurgentem
949 2763 977 2820 in
993 2762 1116 2823 altitudi·
1222 2826 1226 2837 ,

116 2865 197 2922 nem,
220 2849 397 2908 nartheciam
423 2866 495 2907 vero
518 2867 635 2928 semper
654 2847 798 2909 humilem.
830 2845 990 2924 agenihus
1012 2855 1118 2906 exeunt

116 2931 187 2992 lolia
202 2949 331 2992 maxuma
347 2941 378 2991 ut
393 2949 526 3012 quaeque
541 2942 639 2992 terrae
655 2948 804 3010 proxuma.
837 2940 936 2990 cetera
951 2937 1051 2989 natura
1069 2949 1116 2990 ea·

25 3047 26 3076 l
117 3015 183 3076 dem
210 3032 284 3093 quae
312 3014 435 3091 anetho,
463 3024 492 3075 et
516 3016 611 3075 fructu
634 3015 727 3075 simili.
765 3012 834 3073 nulli
859 3013 992 3074 fruticum
1012 3013 1117 3091 levitas

25 3123 26 3160 t
117 3099 217 3160 maior.
261 3098 299 3159 oh
330 3098 358 3158 id
385 3106 500 3178 gestatu
531 3099 626 3160 facilis
661 3098 828 3159 baculorum
861 3114 942 3159 usum
977 3099 1118 3157 senectuti

25 3207 27 3256 p
80 3213 107 3256 35
137 3181 249 3242 raehet.

25 3289 27 3332 t
117 3199 135 3262 p
181 3264 264 3346 (43.)
288 3267 393 3327 Semeu
408 3266 520 3327 ferulae
536 3266 678 3345 thapsiam
694 3265 807 3345 quidam
820 3281 965 3324 vocavere
978 3263 1095 3341 decepti
1108 3273 1159 3328 lll

25 3353 28 3416 Ι
117 3367 155 3409 eo
171 3351 304 3432 quonlam
318 3349 412 3411 ferula
429 3351 490 3409 sine
506 3349 593 3410 duhio
609 3359 655 3409 est
669 3351 799 3427 thapsia,
821 3349 865 3407 sui
884 3348 1016 3426 generls,
1038 3346 1117 3408 loliis

25 3459 28 3498 t
117 3433 253 3508 lenlouli,
270 3437 346 3496 inani
363 3434 446 3494 caule
462 3450 518 3493 nec
534 3435 696 3496 excedente
711 3433 807 3494 baculi
822 3431 1038 3510 longitudinem.
1068 3449 1115 3491 se·
1133 3459 1140 3470 v

117 3535 183 3578 men
200 3517 285 3596 quale
301 3519 428 3596 ferulae,
442 3517 525 3577 radix
540 3518 668 3578 candida.
682 3519 788 3592 ⁸ineisa
800 3517 876 3578 lacte
891 3524 985 3578 manat
1002 3523 1033 3577 et
1047 3532 1115 3577 con·
