2542 3842
287 209 369 259 nar.
389 208 481 257 urar.
497 208 548 257 111.
569 203 689 259 16-19.
707 190 857 277 (ao—aa.)
1054 196 1114 259 149

106 366 206 428 Histro
221 362 396 423 inHadriam
413 360 550 421 effluente
567 358 727 419 eDanuvio
743 364 825 419 amne
842 360 1004 442 eodemque
1015 361 1117 424 Histro

108 450 303 510 exaduersum
319 445 389 505 Padi
405 445 514 519 faucis,
544 444 689 504 contrario
712 459 813 506 eorum
828 460 972 521 percussu
986 448 1058 507 mari
1072 449 1114 507 in·
1151 474 1155 478 ’

106 534 235 593 teriecto
257 529 461 603 dulcescente,
485 526 618 605 plerique
645 526 746 586 dixere
762 526 849 602 falso,
867 536 898 585 et
911 527 1012 607 Nepos
1029 531 1116 591 etiam

107 615 178 676 Padi
192 612 306 674 adcola.
329 611 423 671 nullus
439 611 515 670 enim
531 628 569 669 ex
583 608 717 669 Danuvio
732 610 821 669 amnis
835 610 865 668 in
878 625 958 670 mare
972 611 1091 673 Hadria·
1105 622 1157 677 128

83 700 198 763 sticum
218 694 379 756 effunditur.
403 694 553 771 Jdeceptos
576 692 682 766 credo,
711 694 845 772 quoniam
860 693 943 770 Argo
965 696 1046 754 naris
1061 696 1114 756 du·

108 782 185 841 mine
199 781 229 837 in
240 796 319 838 mare
331 776 525 837 Hadriaticum
538 775 691 836 descendit
702 793 760 835 non
772 775 875 854 procul
888 776 1043 853 Tergeste,
1058 794 1115 838 nec

108 865 165 924 iam
192 870 306 921 constat
333 876 390 938 quo
413 859 538 919 flumine.
567 859 675 919 umeris
700 857 862 919 travectam
886 858 972 939 Alpis
993 858 1114 935 diligen-

108 948 202 1008 tiores
219 943 349 1017 tradunt,
373 942 487 1002 subisse
511 950 605 1003 autem
620 941 735 1017 Histro,
758 943 824 1002 dein
842 942 935 1019 Savo,
954 943 1022 1003 dein
1038 942 1114 1003 Nau·

108 1038 214 1109 porto,
239 1028 285 1087 cui
301 1042 407 1086 nomen
428 1043 467 1085 ex
487 1044 523 1086 ea
539 1042 627 1086 causa
645 1033 691 1084 est
705 1026 780 1086 inter
794 1026 954 1086 Aemonam
969 1025 1115 1106 Alpisque

77 1130 102 1171 10
113 1111 267 1173 exorienti.
673 1119 678 1125 ·

176 1194 224 1254 19.
242 1192 326 1271 (23.)
338 1190 444 1251 Histria
455 1198 485 1250 ut
499 1189 652 1269 peninsula
669 1192 806 1249 excurrit.
832 1189 1095 1252 Latitudinem-eius
1106 1200 1158 1255 129
1251 1237 1257 1252 .

11 1308 17 1316 ·
112 1276 162 1337 XL
177 1274 207 1335 Μ
222 1294 300 1354 pass.
320 1275 469 1334 circuitum
486 1270 593 1332 CXXV
607 1271 638 1333 Μ
652 1273 809 1349 prodidere
827 1273 958 1350 quidam,
981 1275 1049 1333 item
1066 1274 1115 1333 ad-

113 1360 260 1421 haerentis
272 1357 423 1416 Liburniae
436 1364 465 1415 et
475 1354 614 1417 Flanatici
627 1356 717 1430 sinus,
735 1354 783 1413 alii
796 1353 939 1432 CCXXV,
957 1357 1005 1416 alii
1015 1356 1115 1416 Libur-

113 1444 180 1502 niae
193 1438 323 1503 CLXXX
334 1438 364 1499 Μ
375 1456 454 1518 pass.
483 1437 611 1497 nonnulli
627 1439 657 1496 in
672 1437 848 1498 Flanaticum
865 1439 956 1497 sinum
968 1439 1115 1518 Iapydiam

76 1546 101 1589 15
114 1539 289 1605 promovere
307 1540 323 1581 a
337 1531 423 1597 tergo
438 1520 563 1581 Histriae
580 1518 687 1580 CXXX
700 1519 730 1579 Μ
750 1538 847 1598 pass,
871 1521 938 1581 dein
953 1521 1116 1582 Liburniam

112 1606 159 1668 CL
174 1607 203 1668 Μ
218 1607 332 1665 iecere.
367 1604 521 1665 Tuditanus
537 1604 586 1682 qui
604 1604 711 1663 domuit
725 1602 839 1664 Histros
853 1604 883 1661 in
900 1613 992 1665 statua
1010 1624 1061 1666 sua
1076 1604 1116 1664 ilti

112 1684 275 1768 inscripsit:
306 1687 358 1747 Ab
375 1684 554 1765 Aquileia
580 1686 622 1747 ad
644 1686 786 1761 Tityum
806 1686 945 1747 llumen
965 1689 1057 1749 stad.
1075 1686 1114 1747 Μ.

113 1772 229 1851 Oppida
243 1770 368 1831 Histriae
385 1771 487 1829 civium
503 1768 698 1829 Romanorum
713 1769 845 1846 Aegida,
868 1769 1046 1847 Parentium,
1065 1787 1115 1830 co·

112 1856 190 1915 lonia
202 1854 363 1931 Pola'quae
377 1870 453 1912 nunc
465 1852 561 1913 Pietas
571 1851 653 1928 iulia,
673 1853 815 1931 quondam
827 1871 843 1913 a
857 1850 976 1913 Colchis
988 1854 1114 1915 condita.

77 1960 104 2001 co
114 1938 198 2013 abest
214 1954 231 1997 a
243 1936 386 2013 Tergeste
399 1933 422 1995 C
435 1934 464 1994 Μ
480 1953 558 2014 pass.
584 1953 652 1996 mox
664 1937 802 2014 oppidum
816 1934 984 1997 Nesactium
999 1947 1029 1997 et
1039 1953 1116 1996 nunc

112 2022 177 2081 linis
197 2019 298 2081 ltaliae
315 2020 418 2080 duvios
433 2018 528 2079 Arsia.
563 2018 663 2079 Polam
684 2019 720 2079 ab
737 2018 860 2078 Ancona
880 2022 1020 2079 traiectus
1035 2016 1116 2079 CXX

111 2102 142 2163 Μ
163 2102 244 2180 pa‘ss.
268 2108 322 2161 est.
352 2101 384 2163 lu
407 2102 621 2162 mediterraneo
644 2103 774 2177 regionis
798 2102 937 2161 decumae
962 2101 1158 2176 coloniae130

114 2184 268 2261 Cremona,
280 2184 376 2245 Brixia
389 2182 618 2245 Cenomanorum
628 2199 712 2257 agro,
720 2182 898 2241 Venetorum
910 2191 1004 2242 autem
1011 2183 1115 2242 Ateste

113 2278 143 2329 et
158 2268 267 2346 oppida
282 2266 415 2344 Acelum,
433 2267 590 2341 Patavium,
606 2264 803 2343 Opitergium,
818 2264 973 2341 Belenum,
990 2264 1114 2325 Vicetia.

77 2368 104 2411 as
113 2351 229 2412 Mantua
241 2349 400 2411 Tuscorum
413 2359 492 2410 trans
503 2350 609 2410 Padum
621 2348 685 2408 sola
702 2349 823 2427 reliqua.
847 2347 979 2408 Venetos
990 2346 1115 2407 Troiana

114 2436 206 2511 stirpe
226 2444 307 2493 ortos
322 2443 422 2493 auctor
438 2441 483 2492 est
499 2430 583 2509 Cato,
601 2430 785 2492 Cenomanos
798 2433 876 2493 iuxta
892 2431 1048 2492 Massiliam
1064 2430 1115 2489 ha-

112 2515 224 2576 bitasse
236 2517 265 2575 in
275 2516 387 2575 Volcis
415 2515 523 2576 Fertini
539 2525 569 2575 et
584 2516 742 2576 Tridentini
757 2525 786 2575 et
802 2515 978 2591 Beruenses,
994 2514 1116 2576 Baetica

114 2598 240 2678 oppida,
261 2597 418 2659 Raetorum
435 2607 465 2658 et
479 2597 684 2675 Euganeorum
696 2598 832 2675 Verona,
848 2598 990 2659 iulienses
1007 2595 1115 2657 Carno-

112 2699 185 2741 rum.
214 2681 291 2757 dein,
309 2699 382 2758 quos
394 2682 592 2759 scrupulosius
606 2682 707 2741 dicere
718 2699 777 2740 non
786 2683 914 2755 attineat,
930 2681 1115 2750 Alatrenses,

79 2777 105 2819 ao
115 2764 295 2839 Asseriates,
317 2763 535 2824 Flamonienses
547 2764 710 2840 Vanienses
727 2772 756 2823 et
768 2763 815 2822 alii
827 2763 997 2837 cognomine
1011 2759 1115 2833 Cnlici,

113 2844 334 2906 Foroiulienses
351 2850 524 2923 cognomine
541 2846 754 2925 Transpadani,
775 2844 927 2919 Foretani,
944 2842 1115 2915 Nedinates‚

115 2926 298 3009 Quarqueni,
315 2928 481 3005 Taurisaui,
500 2927 678 3006 Togienses,
694 2928 825 2987 Varvari.
857 2925 890 2986 ln
906 2927 964 2985 hoc
984 2928 1039 2987 situ
1055 2926 1095 2984 in·
1108 2930 1157 2986 131

113 3012 225 3070 teriere
246 3030 301 3090 per
323 3028 403 3072 oram
423 3012 554 3087 Irmene,
579 3011 718 3086 Pellaon,
740 3009 908 3083 Palsicium,
934 3026 973 3068 ex
994 3009 1116 3069 Venetis

115 3092 202 3151 Atina
220 3102 249 3152 et
265 3092 399 3171 Caelina,
417 3092 518 3154 Carnis
534 3095 659 3170 Segeste
678 3102 706 3152 et
721 3089 814 3166 Ocra,
832 3091 978 3151 Tauriscis
994 3090 1114 3153 Noreia.

80 3188 106 3231 aa
116 3183 147 3233 et
157 3174 193 3234 ab
206 3174 340 3253 Aquileia
352 3178 388 3237 ad
400 3176 599 3236 duodecimum
610 3176 736 3253 lapidem
746 3174 872 3234 deletum
883 3174 1019 3254 oppidum
1031 3176 1116 3235 etiam
1224 3163 1229 3173 ’

115 3258 204 3315 invito
223 3268 323 3319 senatu
339 3278 355 3318 a
374 3256 494 3318 Claudio
510 3257 651 3319 Marcello
666 3256 697 3316 L.
716 3257 781 3316 Piso
805 3267 906 3317 auctor
927 3267 981 3318 est.
1013 3258 1046 3317 ln
1060 3257 1116 3315 hac

115 3339 238 3413 regione
256 3349 285 3400 et
299 3340 340 3399 Xl
357 3332 438 3399 lacus
454 3340 552 3401 incluti
574 3348 638 3399 sunt
656 3357 813 3418 amnesque
834 3358 934 3401 eorum
953 3348 1052 3419 partus
1069 3347 1117 3398 aut

117 3418 236 3501 alumni,
259 3424 284 3483 si
299 3423 386 3499 modo
401 3431 541 3502 acceptos
558 3422 697 3500 reddunt,
718 3431 749 3482 ut
763 3422 895 3485 Adduam
907 3423 1022 3488 Larius.
1040 3420 1115 3482 Tici-
