2542 3842
143 209 184 269 22
484 220 514 268 o
536 221 632 267 ruunt
656 221 804 268 suenum

143 376 250 449 vetuit,
273 382 303 433 et
325 374 413 433 fascis
431 373 616 433 litterarum'
606 390 709 431 ianuae
730 340 888 431 submisit'
880 390 904 429 rs
928 373 972 431 cui
994 389 1026 431 se
1042 374 1139 436 oriens

143 456 339 556 occidensque
360 447 541 517 submiserat.
571 456 647 517 Cato
665 459 813 515 censorius
835 458 863 513 in
882 455 932 515 illa
952 456 1041 516 nobili
1057 458 1139 517 trium

143 541 302 619 sapientiae
328 557 481 619 procerum
505 541 541 599 ab
562 541 683 600 Athenis
706 539 850 616 legatione
873 540 968 599 audito
991 537 1141 607 Carneade

119 624 347 721 'quamprimum
372 624 485 699 legatos
508 641 561 683 eos
582 626 692 683 censuit
713 622 913 698 dimittendos,
936 625 1066 700 qnoniam
1089 625 1140 685 illo

142 707 207 765 viro
223 717 437 783 argumentante
453 708 519 785 quid
531 710 594 767 veri
608 715 687 766 esset
699 708 765 765 baut
779 706 867 767 facile
887 706 1013 766 discerni
1028 717 1139 805 posset
1151 728 1165 766 ι

102 799 266 869 113ῳιιιιιιι
280 807 389 849 morum
412 792 599 851 conmutatio!
629 790 680 849 ille
706 808 821 868 semper
842 789 969 869 alioquin
990 793 1141 850 universos

144 892 182 933 ex
202 872 283 933 ltalia
303 874 458 952 pellendos
480 876 592 934 censuit
612 874 758 949 Graecos,
782 882 810 933 at
830 890 978 952 pronepos
999 876 1061 933 eius
1081 874 1141 933 Uti·

145 959 241 1016 censis
257 954 329 1017 Cato
347 976 432 1016 unum
447 976 485 1017 ex
501 959 641 1018 tribunatu
656 958 774 1017 militum
790 952 1003 1037 pbilosopbum,
1022 958 1142 1017 alterurn

94 1105 96 1110 ,
145 1059 183 1100 ex
200 1039 307 1119 Cypria
322 1041 468 1118 legatione
488 1042 666 1120 deportavit
685 1041 861 1118 eandemque
877 1041 1001 1118 linguam
1017 1060 1054 1099 ex
1068 1042 1141 1101 duo-

143 1123 197 1183 bus
214 1122 394 1185 Catonibus
385 1144 413 1183 m
427 1126 478 1185 illo
497 1126 668 1203 abegisse,
660 1144 688 1183 ιιι
703 1124 759 1184 boo
775 1127 937 1203 inportasse
954 1126 1178 1186 memorabilem
1255 1116 1256 1181 Ῠ

102 1216 217 1269 lineet.
249 1209 308 1268 Sed
325 1218 355 1267 et
372 1217 534 1269 nostrorum
554 1210 676 1286 gloriam
699 1227 933 1309 percenseamus.
963 1209 1045 1268 Prior
1066 1209 1142 1267 Airi-

146 1290 285 1365 canusQ
301 1291 374 1351 llnni
395 1302 516 1355 statuam
537 1294 694 1371 sepulchro
716 1310 769 1352 suo
787 1295 884 1373 inponi
905 1294 1002 1369 iussit,
1022 1287 1142 1353 clarum·

145 1393 201 1453 que
222 1375 292 1435 illud
307 1394 429 1451 nomen,
450 1379 535 1436 immo
553 1396 624 1437 vero
646 1377 769 1455 spolium
791 1396 829 1437 ex
848 1378 932 1436 tertia
955 1377 1034 1436 orbis
1059 1372 1142 1453 parte

144 1468 272 1537 raptum,
299 1460 328 1517 in
348 1461 447 1528 cinere
470 1478 606 1538 supremo
628 1479 691 1518 cum
713 1470 817 1537 poetae
839 1461 921 1520 titulo
944 1460 1013 1537 legi.
1050 1460 1142 1519 Divos

144 1542 292 1618 Augustus
309 1544 431 1602 carmina
448 1544 561 1619 Vergili
576 1544 697 1603 cremari
713 1552 812 1602 contra
828 1546 992 1602 testamenti
1008 1546 1070 1603 eius
1092 1561 1140 1601 ve·
1152 1564 1179 1604 15

60 1610 68 1636 ⁴
145 1625 309 1684 recundiam
323 1628 422 1699 vetuit,
441 1628 588 1705 maiusque
599 1628 639 1684 ita
650 1627 707 1684 vati
720 1628 911 1685 testimonium
925 1628 1045 1703 contigit
1058 1644 1142 1705 quarn

103 1710 266 1783 lltsiipse
288 1725 339 1765 sua
363 1708 556 1785 probavisset
591 1703 628 1767 Μ.
652 1708 834 1767 Varronisin
852 1708 1046 1781 bibliotheca,
1067 1728 1143 1785 quae
1255 1762 1256 1783 ,

145 1793 234 1866 prima
245 1792 274 1848 in
286 1790 358 1849 orbe
371 1790 406 1849 ab
420 1789 520 1849 Asinio
533 1791 664 1850 Pollione
678 1808 715 1865 ert
725 1792 863 1850 manubiis
876 1790 1020 1869 publicata
1032 1754 1144 1852 llomae
1255 1788 1256 1809 ¹

145 1880 201 1947 est,
217 1874 299 1932 unius
314 1875 436 1933 viventis
452 1874 546 1952 posita
560 1877 655 1950 imago
671 1884 725 1949 est,
742 1874 810 1933 baut
827 1876 948 1951 minore,
964 1884 993 1933 ut
1009 1876 1144 1952 equidem
1255 1864 1256 1905 ³

144 1972 222 2031 reor,
238 1956 342 2033 gloria,
362 1959 492 2035 principe
508 1968 623 2017 oratore
640 1967 669 2016 et
685 1960 747 2017 cive
763 1976 800 2016 ex
811 1959 881 2018 illa'
873 1960 1051 2035 ingeniorum
1068 1974 1182 2035 quaeso

145 2046 212 2099 tunc
223 2040 274 2099 init
285 2040 461 2102 multitudine
473 2061 520 2101 um
513 2042 606 2101 bano
620 2059 756 2100 coronam
768 2042 863 2119 dante,
876 2060 959 2121 quam
973 2060 1036 2101 cum
1049 2042 1145 2101 eidem

103 2129 154 2183 116
163 2120 284 2201 Magnus
299 2124 452 2203 Pompeius
465 2128 584 2205 piratico
598 2144 636 2184 ex
651 2126 731 2187 bello
746 2127 877 2187 navalem
894 2124 982 2213 dedit
1012 2124 1142 2183 lunume-

145 2206 247 2268 rabilia
265 2208 368 2269 deiude
385 2219 450 2269 sunt
465 2211 599 2287 exempla
615 2210 753 2284 llomana,
770 2212 794 2268 si
809 2228 947 2289 persequi
941 2209 1063 2285 'libeat,
1081 2226 1143 2267 cum

126 2290 235 2367 pluris
253 2311 308 2352 una
327 2310 400 2368 gens
420 2295 448 2350 in
468 2310 648 2370 quocumque
668 2311 778 2369 genere
800 2296 919 2353 eximios
940 2289 1038 2351 tulerit
1060 2309 1142 2369 quam

111 2373 116 2390 ¹
146 2384 263 2434 ceterae
277 2384 382 2433 terrae.
412 2374 464 2433 sed
482 2384 596 2452 quote,
614 2376 652 2433 Μ.
667 2375 756 2449 Tulli,
774 2377 890 2453 piaculo
910 2386 1031 2449 taceam,
1045 2391 1138 2451 quove
1150 2391 1181 2431 ιι

145 2474 276 2517 maxume
303 2456 495 2515 excellentem
520 2460 624 2534 insigni
647 2456 832 2535 praedicem?
855 2476 913 2536 quo
937 2456 1154 2536 potius-quam¹

146 2542 273 2599 universi
294 2540 408 2618 populi,
430 2539 507 2607 iuius
527 2541 639 2617 gentis,
656 2541 830 2617 amplissimo
849 2543 1027 2616 testimonio,
1051 2560 1066 2600 e
1083 2550 1144 2599 tota

105 2631 156 2685 117
164 2626 222 2682 vita
234 2631 281 2683 tua
296 2623 459 2692 consulatus
471 2632 578 2682 tantum
590 2623 727 2700 operibus
741 2622 863 2684 electis?
879 2634 908 2684 te
920 2625 1033 2685 dicente
1047 2624 1145 2701 legem

148 2707 304 2782 agrariam,
320 2706 378 2767 boc
389 2716 440 2765 est
455 2707 588 2765 alimenta
603 2723 672 2782 sua,
691 2706 895 2767 abdicaverunt
909 2707 1017 2781 tribus,
1034 2716 1062 2765 te
1079 2726 1143 2767 sua-

148 2789 233 2856 dente
251 2790 358 2850 Roscio
380 2790 527 2851 theatralis
550 2790 660 2849 auctori
679 2790 755 2867 legis
777 2788 949 2867 ignoverunt
971 2798 1144 2869 notatasque
1154 2807 1180 2847 so

107 2905 111 2912 ·
148 2890 180 2930 se
204 2872 366 2933 discrimine
388 2874 466 2934 sedis
489 2890 582 2951 aequo
610 2870 702 2933 animo
727 2873 867 2949 tulerunt,
891 2884 921 2934 te
946 2882 1047 2935 orante
1075 2878 1144 2953 pro·

148 2957 321 3034 scriptorum
350 2957 461 3017 liberos
487 2958 612 3017 bonores
639 2967 739 3035 petere
768 2958 882 3037 puduit,
914 2967 993 3018 tuum
1022 2955 1146 3019 Catilina
1178 2998 1179 3003 κ

147 3038 221 3115 fugit
237 3042 395 3115 ingenium,
407 3049 441 3099 'tu
461 3040 500 3101 Μ.
522 3038 675 3101 Antonium
695 3043 902 3120 proscripsisti.
934 3043 1014 3103 salve
1036 3044 1146 3119 primns

148 3125 270 3182 omnium
291 3140 397 3199 parens
415 3127 524 3200 patriae
539 3124 704 3202 appellate,
723 3126 828 3202 primus
845 3126 873 3185 in
891 3134 960 3202 toga
973 3127 1146 3203 triumphum

148 3206 322 3283 linguaeque
338 3204 465 3265 lauream
477 3208 595 3280 merite,
611 3217 640 3265 et
652 3207 805 3267 facundiae
819 3206 1018 3286 baliarumque
1034 3208 1144 3267 littera·
1155 3223 1184 3262 ss

81 3324 99 3345 «.
148 3306 211 3348 rum
226 3306 331 3366 parens
348 3297 445 3363 atque,
461 3299 492 3347 nt
507 3290 632 3349 dictator
647 3288 755 3349 Caesar
767 3290 858 3349 bostis
874 3292 1016 3369 quondam
1030 3298 1095 3349 tuus
1108 3291 1146 3350 de
1199 3305 1202 3321 ¹

148 3378 178 3429 te
193 3372 320 3448 scripsit,
336 3372 458 3429 omnium
474 3372 679 3448 triumphorum
694 3372 791 3431 laurea
807 3374 929 3433 maiore!
958 3374 1146 3451 quantoplus

149 3460 195 3511 est
205 3454 301 3528 ingeni
310 3452 430 3511 Romani
440 3454 577 3512 terminos
588 3455 616 3512 in
629 3462 734 3513 tantum
747 3458 926 3533 promovisse
939 3456 1145 3537 quamimperi.
