2542 3842
332 204 413 251 nan.
435 202 525 251 ursa.
543 204 578 251 n.
593 196 713 253 ao-vt.
731 191 884 269 (at—98.)
1046 192 1103 251 157

176 356 258 437 (96.)
285 356 393 416 Rursus
414 358 496 415 amici
519 372 647 434 pavones
670 365 698 415 et
722 355 888 431 columbae,
904 364 1027 416 turtures
1058 367 1145 422 etaot

115 443 244 521 psittaci,
262 440 388 501 merulae
410 450 439 499 et
453 448 594 515 turtures,
619 442 719 499 cornix
736 448 765 498 et
782 439 910 510 ardiolae
928 449 1027 500 contra
1042 441 1103 499 vol·

76 527 189 604 pium
206 537 299 602 genus
317 523 511 583 communibus
531 524 694 599 inimicitiis,
717 522 807 600 harpe
825 531 853 582 et
875 523 978 582 milvos
1004 534 1104 583 contra
1168 553 1171 558 ¹

113 609 270 668 triorchim.
300 604 392 682 Quid,
418 622 475 666 non
493 616 521 665 et
544 607 675 667 adiectus
692 606 796 666 indicia
817 616 882 665 sunt
897 606 1005 667 etiam
997 626 1024 666 m
1044 626 1104 666 ser-

88 712 100 752 c
114 692 257 773 pentibus,
274 692 449 749 inmitissimo
465 690 623 749 animalium
634 686 764 767 genere?
781 690 855 748 dicta
871 699 935 748 sunt
952 709 1024 768 quaa
1040 690 1093 749 Ar·
1101 711 1145 751 aar

114 776 194 837 cadia
218 784 313 833 narrat
338 774 374 833 de
404 774 517 833 domino
537 792 553 832 a
575 772 701 833 dracone
723 782 838 831 servato
861 783 890 831 et
914 775 1010 849 agnito
1030 792 1105 833 voce

114 860 240 919 draconi
272 857 316 917 De
332 858 432 935 aspide
447 858 613 916 miraculum
629 856 790 930 Phylarcho
808 857 982 917 reddaturss
973 876 998 916 rs
1015 848 1177 919 animatis⁸

114 951 214 1001 auctor
237 951 295 1015 est,
325 959 388 1000 cum
404 941 438 1001 ad
461 958 586 999 mensam
610 940 755 1000 cuiusdam
778 941 897 998 veniens
919 942 947 998 in
970 941 1105 1021 Aegypto

114 1026 239 1085 aleretur
250 1025 380 1100 adsidue,
397 1026 509 1083 enixam
521 1024 643 1098 catulos,
656 1040 775 1101 qnorum
793 1023 830 1081 ah
840 1039 897 1082 ano
909 1023 996 1083 lilium
1009 1024 1105 1102 hospi-

82 1130 105 1171 ro
115 1112 150 1169 trs
165 1111 377 1187 interemptum,
394 1108 470 1167 illam
484 1123 631 1167 reversam
647 1109 682 1167 ad
700 1106 932 1167 consuetudinem
950 1106 1006 1167 oihi
1024 1109 1105 1167 intel-

114 1194 223 1252 lenisse
239 1192 353 1269 culpam
371 1201 400 1249 et
414 1208 515 1251 necem
531 1191 662 1251 intulisse
678 1191 790 1265 catulo,
807 1208 864 1249 nee
876 1200 980 1268 postea
1003 1194 1031 1251 in
1045 1202 1106 1251 tec-

114 1286 172 1335 tum
186 1276 214 1335 id
229 1292 386 1361 reversam.

116 1358 118 1363 '
178 1361 227 1419 77.
235 1350 328 1439 (97.)
345 1360 442 1418 Somni
459 1358 589 1436 quaestio
605 1375 663 1416 non
680 1356 832 1417 obscuram
852 1358 1149 1419 coniectationenaoo

115 1443 211 1503 hahet.
240 1442 271 1502 ln
287 1442 471 1501 terrestribus
487 1444 579 1501 omnia
595 1459 669 1519 quae
686 1442 838 1501 coniveant
851 1440 975 1500 dormire
989 1441 1106 1500 manile·
1174 1480 1178 1494 .
1236 1492 1239 1499 .

21 1550 24 1559 ’
82 1536 188 1592 nestum
204 1536 257 1585 est.
288 1526 422 1603 aquatilia
446 1541 560 1603 quoque
586 1525 722 1601 exiguom
747 1524 871 1602 quidem,
892 1527 977 1583 etiam
1001 1524 1107 1601 quide

116 1612 222 1671 ceteris
235 1609 372 1683 dubitant,
389 1609 512 1669 dormire
528 1618 622 1669 tamen
637 1608 823 1682 existumant,
833 1624 890 1667 non
901 1609 1049 1667 oculorum
1063 1626 1106 1667 ar-

33 1764 38 1769 ,
114 1701 261 1773 gemente,
279 1695 343 1771 quia
358 1710 414 1752 non
430 1693 535 1754 habent
550 1710 658 1769 genas,
678 1697 778 1751 verula
793 1693 856 1769 ipsa
871 1694 968 1769 quiete
987 1704 1106 1751 cernun-
1178 1721 1181 1728 ·
1265 1671 1266 1680 ἵ

114 1788 159 1838 tur
173 1776 287 1855 placida
303 1795 356 1837 ceu
375 1786 527 1855 soporata,
552 1794 648 1855 neque
667 1776 744 1835 aliud
766 1783 849 1854 qua'm
871 1776 976 1835 caudas
991 1792 1118 1837 moven-=

115 1864 154 1922 tia
172 1861 252 1921 etad
269 1861 417 1919 tumultum
429 1860 554 1939 aliquem
570 1862 803 1937 expavescentia.
834 1858 879 1919 De
893 1860 1006 1934 thynnis
1023 1871 1150 1922 oon-alo

81 1946 248 2006 solidentius
271 1944 442 2003 adfirmatur.
475 1947 552 2003 iuxta
579 1946 657 2022 ripas
678 1944 752 2001 enim
773 1952 821 2001 aut
841 1952 940 2018 petras
956 1944 1106 2018 dormiunt,

116 2026 193 2105 plani
207 2034 299 2085 autem
318 2026 437 2103 piscium
459 2026 596 2098 invado,
617 2036 647 2083 ut
668 2042 751 2083 manu
763 2040 853 2102 saepe
873 2026 1018 2087 tollantur.
1044 2044 1108 2086 uam

116 2108 243 2186 delphini
261 2108 457 2185 balaenaeque
470 2116 625 2168 stertentes
638 2109 723 2166 etiam
735 2108 892 2166 audiuntur.
915 2110 1026 2168 insecta
1038 2126 1107 2188 quo-

117 2210 174 2271 que
189 2191 312 2251 dormird
330 2190 444 2250 silentio
460 2191 595 2269 adparet,
612 2207 687 2268 quae
706 2208 742 2249 ne
762 2188 912 2249 luminibus
928 2192 1044 2268 quidem
1060 2192 1107 2253 ad·

116 2277 201 2335 motis
217 2276 385 2334 excitentur.

80 2380 108 2421 2⁵
181 2357 263 2437 (98.)
280 2356 371 2417 llomo
388 2358 500 2433 genitus
516 2359 653 2434 premitur
667 2375 766 2418 somno
778 2376 831 2437 per
842 2357 952 2436 aliquot
963 2376 1087 2432 menses,
1099 2371 1150 2421 211

118 2444 183 2503 dein
204 2442 317 2519 longior
336 2442 364 2499 in
385 2440 447 2499 dies
468 2439 576 2517 vigilia.
615 2442 743 2504 Somniat
759 2443 853 2503 statim
867 2442 969 2501 inians.
1001 2453 1109 2503 namet

116 2544 226 2605 pavore
243 2526 455 2602 expergiscitur
472 2533 501 2583 et
517 2533 626 2584 suctum
643 2526 773 2587 imitatur.
808 2526 921 2605 quida·
942 2543 1015 2585 vero
1031 2534 1107 2588 num

118 2628 218 2689 quam,
242 2608 344 2687 quibus
364 2608 541 2667 mortiferum
562 2608 652 2668 luisse
673 2612 784 2687 signum
807 2617 906 2668 contra
927 2610 1107 2669 consuetudi-

117 2712 182 2751 nem
205 2694 342 2751 somnium
360 2693 517 2751 invenimus
535 2693 678 2771 exempla.
707 2693 826 2770 linguas
849 2692 896 2750 hie
914 2694 1013 2752 invitat
1027 2694 1109 2753 loeus

82 2788 109 2835 to
120 2784 149 2833 et
163 2776 283 2833 diversis
298 2773 422 2833 refertus
439 2775 627 2851 documentis,
643 2786 772 2836 utrumne
788 2776 844 2835 sint
857 2774 952 2853 aliqua
965 2778 1108 2853 praescita

119 2858 202 2917 animi
218 2858 404 2935 quiescentis,
420 2876 475 2935 qua
491 2855 694 2934 damnatione,
712 2878 747 2918 an
761 2858 878 2919 iortuita
893 2876 941 2918 res
958 2861 996 2918 sit
1004 2869 1036 2917 ut
1047 2860 1108 2937 ple·

119 2958 218 3017 raque.
248 2941 279 2999 Si
295 2940 434 3017 exemplis
447 2948 560 3015 agatur,
573 2942 708 3018 prolecto
722 2943 802 3021 paria
817 2942 893 3000 liant.
926 2943 953 3001 A
967 2944 1034 3001 vino
1050 2952 1109 3001 eta

120 3024 192 3083 cibis
209 3040 346 3101 proxuma
365 3032 451 3101 atque
473 3023 501 3081 in
525 3022 729 3085 redormitione
750 3042 823 3084 vana
840 3043 909 3084 esse
922 3027 1000 3101 visa,
1016 3042 1109 3103 prope

17 3148 19 3153 -
120 3108 264 3166 convenit.
281 3117 326 3167 cst
337 3115 430 3167 autem
445 3122 560 3165 somnus
575 3108 645 3167 nihil
659 3109 736 3168 aliod
751 3125 835 3186 mam
848 3109 932 3168 animi
944 3112 973 3169 in
987 3110 1109 3170 medium

84 3208 187 3251 essese
203 3206 347 3250 recessus.
374 3188 492 3249 Praeter
504 3188 646 3249 hominem
660 3192 803 3251 somniare
815 3208 918 3269 equos,
930 3210 1028 3270 canes,
1041 3192 1094 3251 ho·
1101 3202 1152 3256 212

119 3291 189 3348 ves,
203 3288 329 3353 peoora,
347 3290 465 3350 capras,
483 3273 576 3350 palam
588 3282 641 3333 est.
671 3275 709 3334 oh
724 3275 780 3334 hoc
797 3274 923 3335 ereditur
937 3284 966 3336 et
981 3278 1009 3335 in
1023 3277 1110 3335 omni·

118 3354 173 3415 hus
191 3374 264 3435 quac
285 3356 386 3415 animal
407 3356 526 3434 pariant.
559 3358 595 3417 de
612 3359 647 3417 iis
665 3376 813 3437 quaeova
834 3360 954 3437 gignunt
972 3360 1110 3420 incertum

122 3448 181 3515 est,
205 3441 258 3502 sed
273 3438 396 3499 dormire
411 3457 445 3499 ea
464 3448 581 3499 certum.
611 3440 718 3501 Verum
738 3442 774 3502 ad
792 3444 903 3503 insecta
923 3453 1108 3505 censeamus.
