2542 3842
302 156 867 246 uan.rr1sn.111.14-1s(19-ao.)
1063 142 1123 228 147

112 328 247 407 largitor,
263 328 403 389 trecentis
413 326 444 389 Ill
455 344 534 406 pass.
554 326 664 389 alonte
681 326 792 387 addens
809 337 904 389 meatu
914 327 1099 407 LXXXVIII,
1111 341 1165 397 118

114 431 172 473 uec
188 412 278 473 amnis
293 419 401 471 tantum
416 410 607 489 Appenninos
618 410 802 489 Alpinosque
814 413 985 489 navigabilis
1001 414 1121 493 capiens

112 496 167 557 sed
185 494 267 555 lacus
284 511 401 573 quoque
424 494 571 553 inmensos
593 495 622 551 in
644 511 710 553 eum
727 512 796 553 sese
820 498 1022 573 exonerantis,
1045 498 1122 556 omni

111 594 233 639 numero
247 574 332 637 XXX
345 576 460 637 flumina
476 576 505 635 in
525 594 605 635 mare
631 574 827 636 Hadriaticum
850 577 961 656 defert,
986 580 1120 640 celeber·

89 664 183 727 arima
202 679 240 720 ex
254 661 290 719 iis
306 659 473 737 Appennini
490 659 583 719 latere
599 658 718 734 lactum,
737 658 889 736 Tanamm,
907 659 1041 721 Trebiam
1056 663 1121 724 Pla·

112 745 268 819 centinum,
287 741 406 817 Tarum,
434 740 559 817 luciam,
577 740 745 818 Gabellum,
764 744 960 819 Scultennam,
977 743 1119 805 Rhenum.

112 827 230 905 Alpium
241 842 314 886 uero
326 826 450 900 Sturam,
465 822 584 902 Orgum,
596 824 702 885 Dorias
713 826 794 902 duas,
808 828 963 902 Sessitem,
980 825 1130 903 Ticinum,

110 910 275 985 Lambrum,
293 908 436 983 Adduam,
453 906 569 983 Ollium,
585 905 730 968 Mincium.
753 910 899 969 nec·alius
911 912 1163 974 amniumtam119

111 992 196 1059 brevi
213 993 309 1071 spatio
323 992 439 1051 maioris
454 992 623 1051 incrementi
636 999 693 1051 est.
709 1001 849 1069 urguetur
861 994 970 1072 quippe
983 1011 1121 1073 aquarum

77 1097 103 1138 ro
112 1076 192 1136 mole
209 1084 238 1135 et
254 1076 283 1134 in
297 1074 471 1153 profundum
488 1075 597 1150 agitur,
622 1075 721 1151 gravis
741 1084 858 1152 terrac,
881 1077 1120 1155 quemquamde·

111 1156 214 1221 ductus
238 1159 267 1217 iu
287 1158 402 1219 humina
421 1166 450 1217 et
466 1157 563 1217 lossas
587 1158 663 1216 inter
676 1155 844 1218 Ravennam
859 1157 1044 1238 Altinumque
1065 1178 1121 1239 per

111 1240 193 1302 CXX
207 1240 237 1300 bl
256 1259 353 1319 pass,
377 1249 474 1300 tamen
490 1257 545 1319 qua
561 1238 670 1316 largius
684 1242 774 1301 vomit
791 1250 905 1319 septem
919 1244 1009 1302 maria
1025 1243 1120 1302 dictus

110 1324 223 1385 lacere.
254 1323 386 1401 Augusta
403 1324 485 1384 losse
500 1320 668 1383 Ravennam
682 1323 818 1398 trahitur,
840 1323 890 1383 ubi
904 1324 1016 1385 Padusa
1031 1342 1119 1384 voca·

110 1416 157 1467 tur
171 1407 316 1485 quondam
334 1405 515 1466 Messanicus
538 1406 714 1485 appellatus.
744 1406 915 1468 Proxumum
933 1408 999 1468 iude
1016 1409 1120 1467 ostium

76 1510 102 1551 rs
110 1490 336 1567 magnitudinem
351 1498 453 1567 portus
467 1488 556 1549 habet
571 1489 621 1567 qui
635 1488 756 1550 Vatreni
772 1491 892 1566 dicitnr,
909 1509 965 1569 qua
982 1489 1120 1552 Claudius

111 1572 256 1634 Caesare
277 1572 422 1632 Britannia
443 1571 620 1651 triumphans
642 1574 818 1650 praegrandi
835 1573 885 1633 illa
912 1573 998 1633 domo
1020 1574 1120 1632 verius

112 1673 197 1736 mam
212 1672 286 1715 nave
300 1655 416 1715 intravit
428 1653 572 1715 Hadriam.
603 1653 668 1714 lloc
684 1664 750 1715 ante
765 1654 922 1716 Eridanum
937 1657 1042 1717 ostium
1057 1656 1098 1715 di·
1109 1651 1161 1719 120

112 1748 188 1799 ctum
206 1746 267 1815 est,
290 1736 327 1797 ab
350 1738 414 1797 aliis
430 1738 608 1815 Spineticum
625 1737 662 1797 ab
679 1738 753 1798 urbe
769 1739 857 1817 Spina
873 1756 949 1818 quae
966 1740 1019 1800 luit
1041 1740 1119 1815 iuxta

112 1820 304 1901 praevalens,
327 1827 357 1879 ut
378 1818 532 1897 Delphicis
555 1819 696 1880 creditum
717 1830 763 1881 est
784 1821 947 1897 thesauris,
970 1822 1119 1883 conditaa

76 1916 103 1958 ao
111 1902 266 1964 Diomede.
300 1901 400 1979 Auget
419 1901 460 1962 ibi
481 1902 587 1963 Padum
607 1902 752 1964 Vatrenus
775 1906 864 1965 amnis
882 1924 921 1965 ex
935 1904 1122 1965 Forocome·

112 1987 198 2047 liensi
220 2002 302 2061 agro.
331 1985 504 2045 Proxumum
525 1986 594 2046 inde
614 1987 719 2046 osdum
737 1985 912 2065 Caprasiae,
935 1989 1003 2048 dein
1020 1989 1117 2063 Sagis,

112 2070 180 2129 deiu
201 2067 315 2127 Volane
341 2068 418 2146 quod
442 2077 508 2129 ante
531 2067 622 2129 Olane
645 2069 815 2129 vocabatur.
842 2071 937 2129 omma
961 2088 996 2128 ea
1018 2068 1119 2128 Flavia

51 2216 53 2223 ,
112 2150 193 2211 fossa
208 2168 291 2228 quam
302 2152 384 2228 prbni
398 2168 415 2209 a
427 2150 496 2227 Segi
509 2150 612 2209 fecere
625 2148 712 2209 Tusci
724 2160 828 2227 egesto
840 2152 931 2210 amnis
945 2153 1053 2227 impetu
1064 2167 1119 2228 per

110 2244 307 2295 transversum
322 2234 349 2291 in
363 2230 547 2293 Atrianorum
561 2231 676 2309 paludis
694 2250 769 2310 quae
787 2239 901 2310 septem
912 2234 1001 2293 maria
1016 2231 1118 2309 appel-

76 2332 101 2373 ae
111 2316 216 2391 lautur,
232 2314 323 2375 nobili
338 2324 425 2394 portu
439 2316 539 2393 oppidi
555 2314 714 2374 Tuscorum
726 2312 826 2374 Atriae
843 2334 859 2375 a
877 2332 935 2394 quo
948 2314 1119 2374 Atriaticum

110 2417 191 2460 mare
209 2404 275 2479 ante
290 2397 495 2476 appellabatur
518 2397 596 2476 quod
614 2415 688 2457 nuno
703 2397 905 2458 Hadriaticum.
937 2395 1008 2458 Inde
1024 2396 1097 2456 ostia
1110 2404 1160 2458 121

111 2482 200 2563 plena
224 2477 417 2555 CarbonarIa,
441 2481 588 2540 fossiones
609 2480 776 2556 Philistina,
799 2483 878 2559 quod
899 2482 948 2541 alii
969 2479 1118 2541 Tartarum

111 2571 233 2637 vocant,
257 2563 350 2623 omnia
374 2580 412 2621 ex
427 2562 594 2623 Philistinae
618 2564 718 2623 fossae
741 2564 935 2624 abundatione
957 2562 1117 2635 nascentia,

113 2644 323 2707 accedentibus
344 2641 428 2704 Atesi
452 2664 490 2706 ex
515 2644 689 2720 Tridentinis
713 2646 840 2724 Alpibus
857 2657 888 2706 et
909 2646 1059 2722 Togisono
1080 2660 1119 2701 ex

77 2726 314 2788 aoPatavinorum
336 2728 424 2803 agris.
456 2743 525 2805 pars
552 2746 652 2787 eorum
676 2737 706 2787 et
724 2744 894 2805 proxumum
915 2737 1028 2804 portum
1049 2723 1119 2784 facit

113 2809 298 2883 Brundulum,
314 2810 388 2869 sicut
399 2807 546 2870 Edronem
560 2809 693 2871 Meduaci
709 2811 771 2870 duo
782 2827 816 2869 ac
831 2810 912 2869 losse
928 2807 1040 2867 Clodia.
1067 2806 1119 2865 llis

112 2910 145 2951 se
162 2892 258 2951 Padus
272 2891 376 2959 miscet
390 2909 425 2950 ac
440 2909 495 2970 per
511 2891 585 2953 haec
601 2892 769 2965 effunditur,
785 2892 952 2969 plerisque,
968 2898 999 2949 ut
1015 2890 1043 2948 in
1059 2888 1118 2947 Ae·

112 2982 206 3052 gypto
216 2972 299 3033 Nilus
312 2975 389 3052 quod
400 2983 506 3034 vocant
518 2974 614 3049 Delta,
631 2975 800 3051 triquetram
816 2972 936 3047 liguram
949 2974 1024 3030 inter
1034 2970 1119 3049 Alpis

111 3066 199 3134 atque
211 3073 291 3115 oram
302 3058 389 3115 maris
397 3057 499 3136 lacere
507 3058 648 3133 proditus,
660 3055 816 3113 stadiorum
825 3053 851 3112 ll
861 3053 892 3113 bl
903 3055 1032 3114 circuitu.
1048 3053 1101 3114 Pu-
1109 3062 1160 3117 lua

76 3154 103 3195 es
113 3138 162 3199 det
177 3136 322 3199 aGraecis
333 3138 436 3198 ltaliae
446 3140 587 3199 rationem
596 3137 728 3211 mutuari,
743 3135 929 3196 Metrodorus
939 3146 1036 3197 tamen
1046 3138 1117 3196 Sce-

112 3224 193 3301 psius
205 3220 284 3296 dicit,
302 3222 437 3299 quoniam
450 3223 527 3281 circa
537 3222 647 3298 iontem
657 3218 745 3278 arbor
754 3218 842 3281 multa
854 3222 890 3281 sit
901 3222 997 3300 picea,
1014 3218 1117 3296 quales

113 3304 225 3364 Gallice
237 3312 380 3362 vocentur
390 3303 468 3380 padi,
483 3302 541 3362 hoc
553 3319 658 3361 nomen
672 3302 837 3380 accepisse,
852 3300 986 3380 Ligurum
1001 3301 1116 3379 quidem

113 3386 211 3463 lingua
228 3402 341 3443 amnem
361 3384 455 3461 ipsum
470 3383 627 3445 Bodincum
641 3384 758 3479 vocari,
775 3385 853 3463 quod
868 3385 1013 3526 sippillcet
1026 3380 1116 3463 fundo

972 3638 1024 3696 &4⁶5
1043 3646 1069 3687 ’Ψ
