2542 3842
353 199 444 249 uror.
459 199 539 248 usu.
555 199 589 247 v.
604 194 648 251 na.
667 186 817 266 (ne-31.)
1018 185 1079 248 bot

89 356 236 432 risdictio,
260 357 489 432 conveniuntque
505 355 534 414 in
549 371 612 414 eam
627 352 891 432 extrapraediotos
905 352 1080 414 Macedones

91 440 226 515 Cadieni,
248 437 471 517 Philadelphini,
496 447 526 497 et
544 439 600 516 ipsi
620 437 648 495 in
662 436 759 497 radice
777 435 869 496 Tmoli
886 435 1012 514 Cogamo
1028 437 1079 498 du·

89 525 155 584 mini
178 523 302 601 adpositi
321 521 463 598 Maeomi,
488 520 671 598 Tripolitani,
694 521 779 581 iidem
800 529 830 579 et
844 519 1080 600 Antoniopolitne

71 607 246 759 5pipppappirlderso
262 606 429 683 adluuntur,
452 605 727 684 Apollonihieritae,
751 602 973 680 Mysotimolitae
989 605 1081 666 etalii

167 773 258 854 ι(31.)
283 771 364 833 ionia
383 773 420 832 ab
445 772 522 833 Iasio
539 763 602 832 sina
624 773 765 850 incipiens
785 772 983 832 numerosiore
1005 784 1122 836 amsla
1219 837 1222 844 ,

90 859 149 918 bitu
164 857 279 933 litoiam
295 857 428 916 dectitur.
460 859 490 916 in
505 873 539 916 ea
553 856 660 935 primus
673 856 751 916 sinus
763 855 913 931 Basilicus,
928 854 1080 914 Posideum

92 943 317 1020 promontorium
337 949 367 1000 et
389 940 524 1019 oppidum
548 940 695 1000 oraculum
711 938 932 1000 Branchidarum
952 939 1080 1017 appelle·

91 1034 166 1099 tum,
188 1043 262 1084 nuno
276 1023 426 1098 Didymaei
441 1023 600 1102 Apollinis,
624 1041 640 1082 a
657 1023 741 1082 litore
759 1023 857 1084 stadiis
871 1021 941 1096 XX,
972 1030 1001 1081 et
1015 1023 1080 1082 inde

61 1130 83 1170 ro
93 1106 223 1167 CLXXX
235 1107 351 1168 Miletus
369 1106 468 1167 Ioniae
488 1116 589 1185 eaput,
610 1105 745 1184 Lelegeis
761 1115 844 1166 antea
865 1115 894 1165 et
914 1106 1030 1181 Pityusa
1052 1115 1080 1166 et

91 1191 247 1252 Amatoria
263 1193 419 1266 nominata,
445 1208 533 1269 super
545 1187 598 1249 XC
613 1189 726 1250 urbium
745 1207 799 1267 per
814 1198 915 1249 cuncta
930 1191 1080 1267 mariage·

91 1277 201 1350 natrix,
220 1293 276 1334 nec
292 1274 448 1345 fraudanda
470 1275 533 1334 cire
548 1271 656 1332 Cadmo
678 1275 725 1350 qui
741 1274 849 1351 primus
869 1291 1000 1351 prorsam
1016 1290 1079 1334 ora-

91 1361 198 1418 tionem
218 1357 347 1427 condere
366 1359 494 1417 institnit.
528 1359 618 1417 amuis
634 1355 788 1416 Maeander
811 1365 891 1416 ortus
913 1374 929 1415 e
951 1357 1014 1417 laon
1035 1358 1121 1422 in113

90 1450 187 1501 monte
207 1441 374 1501 Aulocrene
395 1441 590 1520 plurumisque
617 1440 734 1501 adfusus
759 1440 873 1518 oppidis
897 1449 926 1500 et
951 1441 1080 1519 repletus

61 1525 253 1594 15iluminibus
275 1524 401 1600 crebris,
427 1526 466 1584 ita
488 1526 620 1584 sinuosus
644 1523 766 1584 flexibus
790 1532 820 1583 nt
835 1541 924 1601 saepe
947 1525 1081 1584 credatur

16 1672 17 1685 ,
91 1610 215 1684 reverti,
236 1608 412 1687 Apamenam
428 1609 547 1684 primum
564 1617 738 1686 pervagatur
751 1609 917 1684 regionem,
938 1625 1005 1666 mox
1023 1607 1081 1667 Eu·

91 1693 272 1768 meneticam,
288 1710 323 1753 ac
337 1692 403 1751 dein
417 1691 621 1768 Hyrgaleticos
636 1708 771 1768 campos,
792 1701 939 1769 postremo
957 1689 1078 1767 Cariam,
1116 1747 1120 1756 .

92 1775 223 1854 placidus
238 1777 390 1854 omnisque
405 1792 456 1834 eos
472 1793 559 1852 agros
573 1775 750 1836 fertilissimo
769 1777 865 1852 rigans
882 1775 963 1850 limo,
980 1776 1015 1835 ad
1031 1777 1079 1835 de·

93 1877 205 1918 numum
219 1877 236 1918 a
250 1858 348 1919 Mileto
363 1859 484 1919 stadium
499 1859 572 1918 lenis
586 1857 720 1918 inlabitur
733 1860 812 1918 mari.
839 1858 904 1918 inde
921 1877 1002 1918 mons
1017 1858 1079 1918 bat-

58 1959 171 2016 somus,
187 1942 293 2020 oppida
307 1941 450 2002 Heraclea
464 1944 567 2002 montis
583 1943 644 2001 eius
661 1945 848 2019 cognominis,
868 1940 979 2017 Carice,
998 1941 1079 2017 Myus

93 2023 170 2102 qnod
193 2027 284 2104 primo
311 2026 473 2086 condidisse
502 2027 590 2086 lones
619 2035 768 2084 narrantur
795 2026 915 2088 Athonis
943 2024 1078 2102 proiecti,

91 2107 281 2182 Naulochum,
297 2108 409 2168 Priene.
444 2110 473 2167 in
489 2127 540 2168 ora
557 2127 631 2186 quae
649 2107 775 2182 Troglea
791 2107 953 2184 appellatur
973 2107 1080 2166 Cessas

92 2193 190 2256 amnis
216 2194 299 2269 regio
316 2190 567 2251 omnibnslonibns
582 2207 666 2250 sacra
680 2198 709 2248 et
726 2189 791 2270 ideo
803 2189 937 2248 Panionia
952 2189 1080 2267 appella·

92 2284 130 2334 ta.
167 2277 247 2335 iuxta
263 2294 280 2335 a
300 2277 427 2353 fugitivis
442 2274 585 2334 conditum
600 2275 658 2352 (uti
671 2267 773 2332 norner'r
794 2272 897 2333 indicio
915 2275 975 2352 est)
991 2272 1063 2347 Phy·
1073 2285 1122 2338 114

58 2358 160 2434 regela
178 2359 231 2418 init
256 2367 286 2418 et
308 2359 509 2421 Marathesium
530 2358 674 2436 oppidum.
719 2374 806 2435 supra
833 2357 907 2417 haec
932 2355 1079 2433 Magnesia

92 2440 239 2502 Maeandri
260 2445 430 2518 cognomine
450 2444 585 2520 insignis,
608 2461 625 2502 a
647 2441 815 2501 Thessalica
832 2439 981 2518 Magnesia
1005 2449 1076 2500 orta.

93 2525 176 2585 abest
192 2526 229 2585 ab
243 2524 360 2605 Epheso
375 2525 430 2585 XV
445 2525 475 2587 M
488 2544 633 2605 passuum,
649 2525 792 2587 Trallibus
804 2541 839 2584 eo
852 2527 972 2605 amplius
982 2523 1077 2584 MMM.

93 2617 176 2668 antea
198 2608 395 2669 Thessaloche
411 2619 441 2670 et
455 2610 616 2670 Androlitia
637 2613 778 2670 nominata
793 2619 821 2670 et
849 2608 926 2669 litori
948 2609 1078 2686 adposita
1183 2641 1186 2648 =

92 2690 249 2752 Derasidas
264 2693 371 2753 insulas
385 2712 484 2753 secum
500 2693 616 2753 abstulit
632 2695 710 2752 mari.
732 2692 850 2751 Intus-et
862 2692 996 2766 Thyatira
1012 2692 1060 2751 ad·
1072 2702 1120 2754 115
1204 2767 1206 2770 Ι

58 2775 180 2836 soluitur
196 2774 290 2850 Lyco,
306 2777 423 2854 Pelopia
440 2777 591 2854 aliqnando
609 2786 640 2836 et
653 2775 793 2853 Euhippia
811 2776 1018 2850 cognominata.
1052 2775 1079 2833 in

93 2874 145 2918 ora
169 2867 263 2918 autem
286 2859 416 2935 Matium,
436 2858 569 2936 Ephesus
580 2860 757 2920 Amazonum
770 2875 859 2935 opus,
883 2857 978 2917 multis
995 2865 1078 2918 antea

93 2943 223 3020 expetita
243 2943 411 3002 nominibus.
452 2941 581 3020 Alopes,
607 2959 675 3001 eum
698 2948 851 3020 pugnatum
871 2941 949 3019 apud
966 2938 1079 3000 Troiam

93 3033 157 3099 est,
171 3042 238 3086 mox
250 3026 379 3104 Ortygia,
394 3026 538 3102 Amorges
551 3033 654 3084 vocata
670 3032 714 3083 est
731 3033 759 3082 et
772 3023 892 3097 Zmyrna
909 3024 1079 3100 cognomine

93 3106 232 3184 Trachia,
259 3119 288 3168 et
307 3110 483 3170 Haemonion
503 3117 532 3168 et
553 3107 661 3168 Ptelea.
709 3106 846 3167 attollitur
863 3115 958 3166 monte
979 3106 1078 3186 Pione,

57 3217 85 3256 ac
93 3191 218 3251 adluitur
234 3191 358 3268 Caystro
373 3195 401 3251 in
415 3189 551 3251 Cilbianis
569 3200 633 3250 orto
648 3191 811 3268 multosque
823 3191 910 3250 amnis
927 3189 1077 3251 deferente

92 3284 124 3335 et
137 3284 268 3352 stagnum
278 3276 438 3353 Pegaseum
456 3275 532 3352 qnod
553 3274 683 3349 Phyrites
699 3275 786 3333 amnis
808 3275 937 3352 expellit.
984 3274 1020 3336 ab
1034 3275 1079 3334 his

90 3358 242 3419 multitudo
256 3360 315 3419 lind
332 3367 378 3418 est
391 3375 447 3437 qua
461 3367 554 3418 terras
573 3366 716 3436 propagat
729 3356 886 3435 medisque
900 3359 956 3418 iam
971 3359 1078 3435 campis

89 3443 198 3519 Syrien
218 3444 337 3504 insulam
358 3441 471 3504 adiecit.
501 3441 567 3503 iona
588 3443 617 3502 in
637 3441 709 3502 urbe
733 3439 874 3521 Callippia
895 3449 924 3500 et
943 3438 1076 3519 templum
