2542 3842
303 112 309 119 ⁵
361 149 844 227 nan.nrsn.us1.st.(ot—oo.)
1045 146 1105 210 187

100 316 198 378 bores
211 314 278 375 bimi
291 322 406 374 ruutaut.
434 312 523 374 subus
541 331 597 374 non
618 315 755 377 decidunt
773 329 914 396 umquam.
945 316 1106 394 abmmptn

101 402 159 463 bac
173 398 379 459 observatione
392 406 528 457 senectus
539 399 568 459 in
580 401 664 479 equis
676 408 705 459 et
721 403 829 466 ueteris
840 403 979 462 retenuit
991 400 1105 461 intelle-

101 486 180 563 gitur
197 482 322 543 dentium
342 479 540 558 broecbitate,
562 484 786 561 superciliorum
806 486 911 545 canitia
926 494 955 546 et
971 486 1050 545 eirca
1069 502 1105 545 ea

102 568 226 641 lacunis,
243 583 306 625 eum
324 564 386 625 iere
402 566 533 627 sedecim
544 577 682 628 annornm
696 564 904 629 existimantur.
935 568 1148 632 Hominemlio

77 651 238 719 edentibus
254 647 398 729 quoddam
410 651 486 710 inest
500 652 587 711 virus.
618 670 742 731 namque
756 663 787 714 et
801 653 915 733 speculi
929 655 1053 714 nitorem
1066 670 1112 711 ex·

101 738 228 797 adverso
240 733 338 794 nudati
350 733 489 795 hebetant
501 744 531 795 et
545 735 741 797 columbarum
752 738 830 798 fetus
841 736 975 817 inplumis
989 744 1104 797 necem.

101 821 215 899 reliqua
232 819 268 878 de
283 818 318 877 iis
335 820 363 877 in
376 821 566 896 generatione
582 820 725 881 bominum
739 821 816 882 dicta
829 830 904 883 sunt.
931 820 1090 899 Erumpen·
1102 820 1147 906 ⁷4⁶3

99 904 178 965 tibus
196 901 305 964 morbis
327 918 452 981 corpora
479 903 624 963 instantium
648 907 802 985 accipiunt.
837 906 950 986 reliqua
973 904 1104 965 animalia
1230 900 1233 909 “

103 1006 179 1068 quae
194 996 324 1049 serratos
339 986 447 1047 habeut
463 989 633 1048 saevissime
650 990 788 1049 dentiunt.

66 1093 93 1139 su
167 1072 251 1152 (65.)
278 1070 405 1147 Linguae
427 1088 485 1131 non
507 1073 638 1133 omnibus
660 1074 766 1134 eodem
786 1074 883 1135 modo.
919 1072 1147 1136 tenuissimam

102 1153 291 1235 serpentibui
308 1163 338 1215 et
350 1155 485 1231 trisulca,
500 1156 636 1231 vibrans,
656 1158 711 1218 atri
727 1157 836 1217 coloris
851 1167 898 1233 et,
918 1160 944 1218 si
958 1156 1105 1232 extrahas,

103 1240 282 1321 praelonga,
304 1240 421 1299 lacertis
444 1239 530 1301 bifida
553 1250 582 1300 et
607 1242 718 1384 pilosa,
740 1242 837 1302 vitulis
853 1258 971 1321 quoque
989 1242 1105 1301 marinis

103 1324 230 1404 duplex,
251 1324 305 1383 sed
324 1340 412 1402 supra
439 1324 524 1385 dictis
550 1342 615 1403 capr
628 1326 745 1385 lamenti
761 1326 917 1401 tenuitate,
941 1327 1049 1387 ceteris
1070 1322 1106 1383 ad

104 1407 365 1470 circumlambenda
378 1425 439 1469 ora.
472 1409 599 1488 piscibus
614 1404 808 1488 paulominus
823 1426 908 1490 quam
924 1418 985 1470 tota
1000 1409 1105 1469 adbae-

68 1523 94 1563 1⁵
103 1512 189 1570 rens,
209 1492 367 1555 crocodilis
387 1500 458 1553 tota.
495 1493 549 1554 sed
565 1495 593 1552 in
608 1502 723 1572 gustatu
740 1495 856 1571 linguae
871 1494 937 1554 vice
954 1510 1106 1553 carnosum

104 1578 279 1659 aquatilibus
294 1576 429 1655 palatum.
469 1578 619 1653 leonibus,
638 1578 736 1657 pardis
757 1577 947 1656 omnibusque
967 1578 1149 1655 generiam

104 1666 184 1739 eius,
212 1663 297 1722 ctiam
319 1658 443 1737 felibus,
469 1662 635 1723 imbricatae
655 1664 818 1741 asperitatis
842 1662 984 1722 solimae
1007 1660 1108 1721 similis

103 1758 313 1825 attenuansque
342 1744 497 1807 lambendo
522 1756 614 1807 cutem
640 1748 778 1823 bominis,
805 1766 880 1826 quae
908 1762 998 1806 causa
1023 1746 1108 1804 etiarn

103 1831 311 1904 mansuefacta,
328 1829 376 1889 ubi
394 1830 429 1890 ad
445 1832 569 1891 deinum
585 1834 753 1909 sanguinem
767 1832 904 1911 pervenit
918 1829 1022 1905 salira,
1037 1829 1107 1888 invi-

68 1942 94 1983 20
105 1924 146 1977 tat
160 1916 196 1976 ad
210 1915 330 1977 rabiem.
361 1914 398 1975 de
413 1932 604 1993 purpurarum
618 1917 724 1993 linguis
738 1915 870 1977 dix‘imus.
901 1917 978 1976 ranis
992 1915 1149 1993 primasca

105 2000 261 2072 cohaeret,
277 2000 383 2057 intuma
398 1995 531 2059 absoluta
548 2008 709 2075 agniture,
727 2018 784 2077 qua
799 2014 903 2059 rocem
918 2000 1031 2057 mittunt
1048 2013 1106 2055 ma·

105 2100 169 2157 res,
197 2100 262 2141 curn
286 2089 429 2141 vocantur
450 2081 636 2159 ololygones.
673 2092 748 2142 stato
772 2082 803 2143 id
826 2092 961 2159 tempore
982 2081 1150 2152 evenit,173

106 2165 247 2227 cientibus
271 2166 306 2225 ad
328 2166 434 2224 coitum
456 2166 588 2225 leminas.
617 2174 676 2225 tum
701 2167 843 2245 siquidem
863 2164 1003 2225 inferiore
1022 2163 1106 2224 labro

106 2250 232 2313 demisso
254 2250 291 2311 ud
311 2248 511 2309 libramentum
532 2268 625 2327 aquae
652 2250 785 2310 modicae
807 2257 948 2329 receptae
966 2250 996 2307 in
1015 2247 1108 2307 laucis

16 2380 17 2383 ,
70 2358 97 2399 aa
106 2335 266 2415 palpitante
278 2332 318 2393 ibi
337 2333 435 2418 lingua
449 2334 572 2395 ululatus
588 2334 712 2396 eliditur.
742 2345 809 2395 tunc
825 2335 935 2395 extenti
952 2332 1108 2392 buccarum
1228 2367 1231 2392 t

107 2421 184 2479 sbrna
211 2417 381 2496 perlucent,
402 2418 481 2479 oculi
506 2418 628 2495 flagrant
649 2418 751 2479 labore
772 2419 914 2499 propulsi.
950 2415 1061 2491 Quibus
1079 2414 1108 2471 in

106 2503 273 2583 posteriore
288 2511 371 2581 parte
387 2502 492 2578 aculei,
509 2502 598 2563 biset
615 2504 717 2563 dentes
734 2513 764 2563 et
779 2504 888 2581 lingua,
905 2500 1007 2581 apibus
1022 2499 1108 2558 enam

106 2588 284 2666 praelonga,
301 2588 431 2659 eminens
443 2595 473 2646 et
485 2587 604 2647 cicadis.
633 2587 738 2666 quibas
752 2588 874 2648 aculeus
885 2588 915 2645 in
930 2602 982 2645 ore
997 2580 1108 2643 listnlo·

106 2688 166 2745 sus,
182 2672 227 2732 bis
241 2688 297 2731 nec
312 2672 408 2751 lingua
425 2670 609 2731 necdentes.
641 2672 811 2751 quibusdam
827 2672 948 2731 insectis
962 2670 1037 2728 intus
1055 2665 1107 2725 lin-

73 2770 179 2831 apgua,
202 2763 232 2814 ut
248 2754 388 2815 lormiois.
417 2754 555 2815 Ceterum
576 2756 634 2815 lata
650 2756 808 2833 elephanto
822 2755 992 2833 praecipue.
1023 2750 1152 2830 reli-1¹74

108 2837 171 2915 quis
187 2839 215 2898 in
230 2856 283 2898 sno
298 2856 409 2916 genere
427 2854 544 2917 semper
558 2838 706 2914 absoluta,
723 2840 829 2898 bomini
844 2847 949 2898 tanturn
964 2838 1004 2895 ita
1019 2850 1108 2912 saepe

108 2923 263 2981 constricta
280 2923 363 2983 venis
383 2930 414 2983 ut
435 2922 569 2981 intercidi
587 2940 638 2982 eas
654 2940 779 2983 necesse
793 2924 839 2983 sit.
871 2920 1020 2981 lletellum
1037 2932 1108 2997 pon·

106 3004 213 3066 tidcem
227 3005 302 3066 adeo
317 3006 518 3085 inexplanatae
539 3005 630 3065 fuisse
652 3008 827 3085 accipimus,
849 3014 881 3065 ut
893 3005 989 3065 multis
1004 3000 1108 3061 mensl-

109 3088 163 3148 bus
182 3097 274 3148 tortus
298 3090 447 3171 credatur,
470 3090 535 3150 dnm
556 3089 710 3150 meditatur
729 3093 758 3150 in
778 3089 939 3151 dedicanda
959 3088 1033 3149 aede
1054 3084 1108 3163 Opi

75 3171 198 3238 caterba
216 3173 325 3235 dicere.
358 3177 465 3235 ceteris
481 3184 614 3253 septumo
631 3174 723 3234 ierrne
743 3190 819 3234 anno
833 3189 996 3234 sermonem
1013 3169 1109 3247 expri-

108 3258 166 3317 mit.
198 3257 293 3317 multis
308 3276 380 3318 rero
402 3260 469 3319 talis
484 3276 531 3319 ars
553 3260 615 3318 eius
634 3260 789 3338 contingit,
804 3268 837 3318 nt
851 3260 944 3319 arium
959 3266 988 3315 et
1001 3257 1108 3315 anima·

16 3338 17 3343 ’
109 3340 176 3401 bun
202 3341 286 3402 vocis
305 3342 464 3403 indiscrete
492 3343 593 3404 edatur
616 3342 746 3403 imitatio.
780 3342 951 3403 Intellectus
971 3353 1108 3425 saporum

110 3426 216 3485 ceteris
231 3427 259 3486 in
275 3426 365 3505 prima
379 3426 616 3505 linguatorum
631 3436 659 3487 et
675 3425 704 3487 in
719 3426 828 3507 palato.
964 3439 967 3444 ’
