2542 3842
402 190 483 238 uun.
499 189 590 239 rmsr.
608 191 675 239 1111.
698 191 740 242 11.
758 182 835 261 (18.)
1063 183 1122 245 165

119 343 157 407 ah
180 354 217 405 eo
239 340 441 406 Cherronesus
458 340 579 405 cxxvi
601 346 661 405 mil.
695 345 754 406 Sed
776 346 943 423 aBosporo
965 348 1045 408 sinus
1067 346 1165 411 (la-46

118 429 258 504 sthenes,
280 437 381 508 portus
399 428 507 488 Senum
528 438 557 488 et
574 428 649 489 alter
664 430 713 506 qui
727 428 879 489 Mulierum
894 434 1122 508 cognominatur.

117 509 1123 677 t§atillilldltttlttztrltttlilliti‘stultit‘

95 681 306 740 stis-undecim
317 678 431 739 milibus
443 696 589 756 passuum.
609 687 716 741 tantum
727 688 809 760 patet
820 680 970 757 longitudo
983 692 1123 743 terrarum

118 766 195 824 inter
217 763 411 823 Hadriaticum
432 780 511 823 merc
533 772 562 821 et
588 762 802 846 Propontidem.
840 780 938 824 amnes
958 765 1164 843 Bathynias‚li

120 847 249 922 dearas
265 848 328 907 sire
339 844 470 907 Athidas.
500 846 607 925 oppida
623 846 796 923 Selymbria,
810 847 960 908 Perinthus
975 849 1123 910 latitudine

121 928 171 991 00
187 931 293 1009 pedum
311 930 467 990 continenti
484 930 606 991 adnexa.
645 931 721 991 intus
734 930 824 1006 Bizye
844 948 897 991 arx
915 950 1016 1009 regum
1029 932 1122 993 ‘ihre-

121 1016 185 1074 ciee
203 1031 219 1073 a
239 1014 326 1074 Terei
345 1012 459 1073 nelasto
476 1013 566 1073 invisa
583 1013 797 1088 hirundinibus,
821 1016 903 1091 regio
920 1014 1055 1092 Caenica,
1073 1033 1122 1077 co·

85 1112 109 1154 ro
121 1097 200 1157 ionia
215 1096 411 1174 Flaviopolis,
435 1095 483 1157 ubi
504 1105 588 1157 antea
604 1094 695 1173 Caela
709 1098 845 1177 oppidum
863 1098 1031 1160 vocabatur.
1062 1110 1123 1161 eta

71 1248 74 1253 ,
118 1180 209 1255 Bizye
227 1179 249 1240 h
263 1182 341 1241 milia
359 1198 494 1257 passuum
508 1178 607 1258 Apros
631 1180 763 1257 colonia,
783 1198 859 1258 quae
879 1200 896 1241 a
914 1181 1053 1261 Philippis
1071 1184 1122 1244 ab·

119 1273 166 1325 est
188 1261 397 1323 CLXXXVHH
411 1262 470 1323 mil.
489 1280 585 1341 pass,
608 1271 638 1323 at
652 1266 681 1323 in
696 1282 749 1324 ora
768 1266 858 1325 amnis
872 1263 1015 1342 Erginus,
1039 1270 1121 1346 oppi-

119 1348 187 1409 dum
200 1346 256 1407 iuit
273 1346 380 1407 Ganos.
405 1346 550 1407 deseritur
565 1355 595 1407 et
608 1345 797 1421 Lysimachea
811 1350 867 1410 iam
882 1349 911 1408 in
926 1348 1121 1410 Cherroneso.

120 1430 195 1493 alius
216 1442 339 1508 namque
362 1430 401 1491 ibi
433 1428 557 1491 isthmos
592 1432 740 1507 angustias
761 1431 861 1493 similis
886 1440 917 1491 et
944 1434 1007 1511 pari
1028 1434 1165 1494 latita-48

84 1515 189 1577 rudine
215 1514 320 1575 eodem
341 1514 455 1573 nomine
476 1514 618 1575 inlustrat.
661 1514 735 1574 duae
759 1514 848 1576 urbes
874 1518 1017 1594 utrimque
1037 1517 1122 1597 litora

120 1598 189 1659 haut
203 1597 334 1660 dissimili
348 1597 434 1659 modo
450 1605 588 1673 tenuere,
612 1597 720 1673 Pactye
743 1616 760 1659 a
776 1598 968 1677 Propontide,
988 1598 1123 1662 Gardiaa

120 1680 236 1743 Helene
251 1684 330 1757 siun,
354 1682 429 1743 haec
448 1699 487 1743 ex
508 1681 583 1741 sanie
606 1681 665 1742 loci
684 1683 801 1741 nomine
822 1692 964 1761 accepto,
981 1692 1121 1764 utraeque

86 1826 92 1837 ,
121 1766 344 1843 conprehensae
365 1774 470 1843 postea
490 1762 679 1841 Lysimachea
699 1765 727 1825 V
752 1765 866 1826 milibus
882 1784 962 1845 pass.
983 1766 1121 1845 ahongis

121 1850 220 1910 muris.
255 1848 456 1911 Cherronesos
473 1866 489 1909 a
506 1848 682 1929 Propontide
696 1848 794 1910 habuit
810 1848 986 1925 Tiristasim,
1008 1847 1120 1911 Critbo·
1166 1885 1170 1891 ·

84 1942 183 2007 roten,
200 1930 311 1993 cissam
326 1932 431 1993 dumini
448 1934 548 2009 Aegos
568 1934 739 2011 adpositam.
777 1951 853 1995 nunc
871 1933 959 1996 hahet
973 1951 991 1994 a
1007 1935 1122 1999 colonia

122 2015 205 2094 Apro
220 2013 303 2077 XXll
321 2016 380 2077 mil.
400 2032 535 2093 passuum
556 2014 695 2077 Resiston
715 2035 754 2076 ex
775 2017 900 2077 aduerso
919 2017 1052 2076 coloniae
1068 2018 1121 2081 Pa·

122 2100 232 2161 tianae.
267 2098 306 2159 Et
323 2098 530 2178 Hellespontus
550 2108 663 2176 septem
687 2101 730 2175 [ut
750 2099 884 2177 diximus]
906 2100 1005 2161 stadiis
1030 2099 1122 2162 Euro·
1130 2113 1164 2167 49

122 2200 189 2262 pam
204 2182 241 2243 ab
255 2182 326 2242 Asia
347 2183 494 2256 dividens,
515 2191 650 2258 quattuor
665 2184 741 2240 inter
754 2198 788 2240 se
805 2184 964 2241 contrarias
979 2181 1059 2243 urhis
1073 2183 1121 2246 ha·

122 2267 184 2341 het,
198 2268 228 2325 in
245 2262 362 2345 Europe
378 2263 543 2343 Callipolim
565 2273 595 2324 et
614 2264 721 2325 Seston
742 2273 773 2324 et
792 2265 821 2324 in
843 2264 1121 2343 Asia‘harnpsacum

83 2373 113 2413 cs
123 2359 153 2411 et
168 2348 304 2424 Abydon.
343 2348 409 2409 dein
426 2350 652 2428 promontorium
669 2346 847 2409 Cherronesi
866 2347 1004 2410 blastusia
1020 2349 1121 2409 adver·

123 2452 187 2493 sum
203 2434 310 2509 Sigeo,
333 2433 414 2491 cuius
431 2433 459 2491 in
474 2433 570 2492 ironte
586 2431 705 2510 obliqua
721 2430 900 2508 Cynossema
917 2431 977 2509 (ita
993 2433 1122 2510 appella·

123 2526 169 2579 tur
184 2514 322 2577 Hecubae
340 2515 497 2595 tumulus),
515 2518 599 2577 statio
614 2516 799 2576 Achaeorum
814 2516 843 2577 et
858 2518 956 2591 turris,
973 2516 1122 2577 delubrum

123 2598 278 2661 Protesilai
289 2608 317 2658 et
331 2600 359 2659 in
369 2608 498 2660 extrema
512 2598 688 2660 cherronesi
698 2600 806 2675 fronte,
822 2618 897 2678 quae
911 2609 1032 2659 vocatur
1043 2600 1121 2661 Aeo·

123 2683 209 2757 lium,
229 2682 367 2760 oppidum
387 2681 511 2743 Elaeus.
552 2683 619 2745 dein
638 2686 749 2762 petenti
770 2683 883 2743 Helena
907 2684 999 2741 sinum
1020 2692 1157 2759 portasse

87 2764 236 2828 ooGoelos
252 2774 282 2827 et
296 2765 472 2827 Panhormus
494 2776 524 2826 et
547 2784 634 2847 supra
656 2765 734 2827 dicta
755 2764 868 2826 Cardia.
901 2764 1014 2824 Tertius
1029 2764 1164 2832 Horo-50

123 2867 180 2928 pae
201 2851 281 2908 sinus
305 2849 432 2910 adhunc
452 2850 566 2909 modum
583 2850 733 2911 clauditur.
770 2848 884 2909 lilontes
904 2856 987 2907 extra
1008 2849 1122 2925 praedi·

124 2942 189 2992 ctos
211 2930 354 2993 Threciae
375 2930 509 3008 Edonus,
533 2930 721 3008 (ligemoros,
734 2931 871 3005 Heritus,
888 2930 1120 3008 Helamphpllos.

124 3015 240 3075 llumina
261 3016 290 3075 in
311 3014 438 3075 Hebrum
460 3015 591 3075 cadentia
610 3013 737 3091 Bargus,
758 3015 886 3089 Syrmus.
921 3012 1120 3089 Macedoniae,

125 3098 284 3174 Threciae,
310 3096 494 3176 Hellesponti
519 3098 670 3174 longitudo
697 3106 744 3157 est
768 3114 855 3173 supra
880 3097 966 3160 dicta.
1009 3098 1158 3175 quidamst

89 3178 260 3241 enccxx
273 3182 380 3241 milium
394 3182 510 3241 faciunt.
549 3181 669 3241 latitudo
691 3177 924 3241 ccccxxxiii}
941 3180 1047 3240 milium
1066 3188 1130 3240 est:

126 3262 249 3340 Aegaeo
270 3266 340 3325 mari
367 3279 471 3323 nomen
491 3264 571 3324 dedit
593 3263 732 3340 scopulus
752 3265 826 3322 inter
846 3263 955 3323 Tenum
976 3272 1006 3323 et
1022 3260 1171 3325 Chinm5t'

125 3347 225 3405 verius
242 3346 451 3424 quem-insula,
473 3347 539 3407 hen
553 3347 700 3407 nominee
721 3346 822 3425 specie
840 3364 962 3424 caprae,
987 3363 1062 3425 quae
1082 3347 1121 3406 ita

127 3426 247 3491 Graecis
263 3430 437 3510 appellatur,
453 3438 575 3510 repente
592 3447 609 3491 e
625 3429 720 3491 medio
737 3431 807 3491 mari
823 3431 970 3492 exsiliens.
1002 3438 1122 3491 cernunt

800 3776 814 3809 t.
