2542 3842
184 114 246 178 228
531 123 560 170 c.
570 124 673 172 emm
689 124 837 172 sacuam

154 299 158 312 ·
184 280 392 346 meditamenta
410 280 533 358 pretium
556 285 610 338 est.
644 279 805 354 praecipua
817 279 1018 354 autemgratia
1036 278 1194 359 lacrimae,

142 376 193 432 119
201 365 329 426 secunda
347 365 463 438 semini,
481 363 564 422 tertia
579 362 698 437 cortici,
712 360 834 422 minuma
849 361 938 438 ligno.
967 361 1013 422 En
1023 363 1082 423 hoc
1092 362 1193 426 buxo·

185 467 246 510 sum
261 456 418 526 optumum,
433 446 509 524 quod
522 455 551 504 et
567 443 806 519 odoratissimam,
819 462 835 502 e
851 446 960 504 semine
975 455 1070 505 autem
1084 453 1193 510 maxu-

183 550 257 594 mum
277 540 308 592 et
322 531 613 609 ponderosissimum,
632 528 768 590 mordens
784 537 869 605 gustu
884 528 1061 607 fervensque
1075 532 1105 590 in
1122 549 1190 594 ore.

183 615 360 678 adulteratur
375 615 498 674 Petraeo
515 613 679 690 hyperico,
697 612 775 690 quod
793 614 957 689 coarguitur
978 613 1212 692 magnitudines

142 700 351 774 ltuioanitate,
369 697 557 776 longitudine,
573 697 672 758 odoris
685 697 815 773 ignavia,
831 713 937 774 sapore
953 697 1083 774 piperis.
1101 699 1190 759 lacri-

182 801 248 844 mae
269 783 414 861 probatio,
430 791 460 840 nt
476 783 543 842 site
562 781 662 858 pingui
675 781 769 843 tenuis
789 797 825 840 ae
839 780 952 841 modice
969 780 1033 840 ruia
1050 789 1079 840 et
1095 783 1125 840 in
1138 785 1188 842 iri·

185 867 278 930 canalo
296 867 395 928 odora.
424 865 567 926 secundus
590 864 704 925 candidi
719 863 820 942 colos,
836 865 921 942 peior
936 863 1035 923 viridis
1052 883 1186 926 crassus-

185 969 259 1028 qno,
283 967 435 1029 pessumus
457 949 558 1026 niger,
584 949 692 1026 quippe
710 956 740 1007 ut
760 945 856 1007 oleum
878 949 1013 1007 senescit.
1045 967 1085 1008 ex
1110 953 1186 1010 omni

71 1087 75 1095 .
184 1035 309 1094 incisura
329 1051 460 1094 maxume
483 1030 621 1111 probatur
642 1012 806 1108 quodante
829 1049 927 1090 semen
942 1031 1031 1091 duxit.
1059 1042 1090 1092 ct
1114 1035 1212 1095 aliaso

183 1118 359 1179 adulteratur
386 1118 502 1177 seminis
523 1133 611 1190 suco,
637 1117 744 1192 vixque
764 1115 935 1176 maleficium
956 1115 1186 1193 deprehenditm

183 1210 268 1280 gustu
280 1201 432 1264 amariore.
459 1218 526 1260 esse
542 1200 616 1258 enim
630 1199 718 1260 dehet
733 1199 824 1273 lenis,
842 1216 898 1258 non
909 1198 1072 1273 suhacidus,
1092 1203 1184 1262 odore

142 1293 306 1350 laurentum
322 1293 463 1348 austerus.
493 1285 607 1345 vitiatur
622 1282 733 1352 etoleo
749 1299 853 1359 rosae,
875 1284 974 1361 cypri,
990 1282 1121 1359 lentisci,
1136 1285 1182 1344 ba·

183 1369 257 1443 lani,
274 1365 562 1442 terebinthi,‘myrti,
580 1367 694 1442 resina,
707 1365 850 1442 galbano,
866 1385 934 1428 cera
956 1364 1079 1443 Cypria,
1099 1379 1183 1446 prout

184 1470 317 1531 quaeque
333 1471 382 1512 res
397 1452 464 1527 luit,
486 1450 661 1528 nequissime
674 1457 768 1510 autem
783 1452 900 1526 cummi,
927 1451 1059 1534 quoniam
1074 1454 1181 1512 arescit
1188 1459 1205 1498 ¹⁵

182 1538 211 1596 in
225 1554 308 1596 manu
329 1536 443 1594 inversa
465 1543 493 1594 et
507 1535 536 1592 in
550 1552 624 1614 aqua
641 1533 724 1609 sidit,
750 1550 823 1611 quae
841 1534 972 1611 probatio
990 1535 1051 1592 eius
1066 1539 1182 1610 gemina

142 1627 256 1684 mest.
273 1616 363 1678 debet
377 1620 520 1680 sincerum
536 1619 720 1690 inarescere,
743 1617 796 1676 sed
817 1617 874 1675 hoc
890 1619 991 1678 cummi
1006 1615 1105 1678 addita
1124 1620 1182 1678 ira·

75 1699 79 1708 '
181 1701 233 1777 gili
257 1709 352 1762 crusta
380 1701 485 1759 evenit.
518 1710 547 1759 et
570 1709 656 1776 gustu
685 1699 923 1779 deprehenditur,
956 1700 1083 1762 carbone
1109 1720 1182 1762 vero

182 1783 260 1861 quod
281 1801 349 1844 cera
369 1784 524 1862 resinaque
546 1782 734 1845 adulteratum
750 1793 811 1857 est,
833 1785 960 1861 nigriore
977 1785 1099 1846 flamma.
1118 1805 1182 1846 nam

141 1866 287 1931 monella
302 1875 423 1928 matema
439 1869 541 1928 statim.
564 1869 593 1928 in
609 1885 692 1928 manu
709 1867 851 1928 contrahit
870 1886 994 1928 muscas.
1026 1880 1214 1946 praeteream

181 1952 290 2012 sinceri
318 1951 504 2013 densatur-in
524 1952 621 2034 tepida
641 1969 714 2030 aqua
735 1960 814 2029 gutta
836 1952 934 2012 sidens
958 1953 994 2012 ad
1021 1955 1076 2012 ima
1098 1973 1181 2028 vasa,

182 2035 343 2096 adulterata
358 2035 417 2097 olei
427 2037 514 2098 modo
528 2037 634 2098 innatat
649 2046 688 2112 et,
701 2037 726 2096 si
740 2037 867 2114 metopio
881 2038 978 2096 vitiata
995 2046 1050 2113 est,
1069 2038 1182 2098 circulo

183 2118 305 2182 candido
326 2121 459 2197 cingitur.
497 2138 604 2180 summa
625 2130 670 2182 est
689 2117 822 2198 probatio
844 2129 874 2180 ut
896 2119 942 2180 lac
960 2120 1114 2197 coagulet,
1154 2124 1184 2180 in

181 2212 266 2264 veste
280 2204 409 2264 maculas
423 2221 482 2264 non
496 2204 592 2264 iaciat.
623 2223 678 2265 nec
692 2203 871 2264 manifestior
886 2204 953 2263 alihi
962 2203 1050 2282 frans,
1069 2207 1184 2284 quippe

181 2287 296 2348 milibus
317 2287 462 2348 denarium
477 2289 611 2363 sextarii,
633 2289 721 2368 empti
742 2288 886 2348 vendente
908 2289 978 2348 fisco
994 2287 1109 2348 tricenis
1126 2287 1180 2348 de·
1192 2304 1219 2343 25

183 2372 288 2446 uariis,
303 2378 439 2429 veneunt.
470 2371 498 2430 in
519 2380 628 2432 tantuna
650 2372 769 2449 expedit
789 2370 879 2432 licere
901 2381 1057 2432 auctorem.
1093 2371 1185 2448 xylo-

182 2449 452 2529 balsamo-pretinm
466 2455 496 2512 in
512 2453 642 2530 libras,X
657 2473 685 2511 v.
977 2519 980 2528 .

142 2545 193 2600 124
231 2571 236 2578 ·
256 2535 339 2614 (55.)
367 2535 509 2598 Proxuma
531 2537 657 2598 Iudaeae
679 2539 762 2611 Syria
787 2557 875 2617 supra
892 2537 1057 2600 Phoenicen
1080 2537 1187 2612 styra·

185 2635 248 2680 oem
268 2619 360 2697 gignit
385 2623 462 2681 circa
476 2619 584 2681 Gabala
600 2629 629 2680 et
645 2619 824 2682 Marathunta
847 2633 875 2683 et
893 2620 1005 2682 Casium
1019 2617 1186 2686 Seleuciae

182 2711 316 2764 montera.
346 2704 433 2764 arhor
451 2713 496 2764 est
510 2703 614 2776 eodem
628 2705 758 2781 nomine,
775 2717 899 2766 cotoneo
915 2706 989 2766 malo
1006 2704 1122 2782 similis,
1144 2709 1213 2770 la-su

182 2786 288 2850 amas
313 2806 352 2848 ex
374 2797 491 2848 austero
515 2788 628 2848 iucundi
649 2789 762 2864 odoris,
787 2790 860 2848 intus
876 2789 1029 2851 similitudo
1044 2789 1183 2853 harundi-

182 2871 241 2945 nis,
264 2887 334 2930 suco
350 2888 504 2948 praegnas.
530 2874 558 2930 in
580 2871 654 2932 hano
677 2874 754 2933 circa
772 2875 850 2934 canis
866 2883 946 2933 ortus
964 2871 1104 2934 advolant
1122 2879 1183 2955 pin·

141 2955 257 3014 laenati
267 2954 415 3016 vermiculi
427 2957 599 3029 erodentes,
616 2956 694 3016 ohid
711 2956 802 3019 scobe
817 2958 968 3018 sordescit.
999 2957 1111 3032 styrax
1124 2961 1184 3022 lau·
1241 2970 1242 2979 ’

162 3037 265 3102 ¹datur
279 3045 345 3112 post
369 3039 551 3114 supradicta
572 3056 609 3098 ex
630 3039 748 3115 Pisidia,
770 3040 895 3116 Sidone,
921 3036 1037 3116 Cypro,
1065 3039 1185 3120 Cilicia,

183 3116 269 3178 Grata
290 3120 427 3194 minume,
450 3139 487 3180 ex
502 3121 611 3182 Amano
628 3123 730 3196 Syriae
752 3124 885 3200 medicis,
906 3122 958 3183 sed
979 3129 1218 3202 unguentariisas

93 3223 98 3230 ·
181 3203 282 3274 magis.
311 3202 394 3262 colos
410 3204 438 3261 in
460 3221 639 3283 quacumque
653 3207 768 3266 natione
789 3207 951 3286 praefertur
969 3208 1050 3268 ruins
1072 3218 1103 3271 et
1121 3213 1185 3290 pin-

181 3284 276 3357 guiter
287 3283 397 3358 lentas,
415 3285 543 3346 deterior
555 3285 717 3348 iurinrosns
730 3298 760 3350 et
771 3306 842 3350 cano
852 3292 908 3350 sita
922 3287 1075 3352 obductus.
1099 3296 1185 3356 adul-

183 3371 292 3424 teratur
312 3365 392 3425 cedri
411 3369 506 3426 resina
525 3369 573 3428 vel
596 3372 711 3446 cummi,
741 3372 811 3455 alias
832 3372 919 3432 melle
948 3382 995 3432 aut
1014 3377 1186 3454 amygdalis
