2542 3842
181 138 240 201 146
557 151 863 201 ammonemur

178 304 466 384 Forollaminienses,
496 305 716 367 Foroiulienses
742 306 915 382 cognomine
945 304 1175 386 Concupienses,

178 387 398 466 Forobrentanl,
415 390 740 469 Forosempronienses,
756 389 885 465 Iguuini,
903 389 1110 465 interamnates
1127 408 1175 451 co·

177 473 313 547 gnomine
338 471 461 549 Nartes,
490 474 676 548 bleranates,
702 471 964 549 Meuanionenses,
992 473 1174 551 Matilicates,

177 554 363 632 Narnienses,
377 559 454 635 quod
466 557 602 636 oppidum
610 556 772 634 Nequinum
780 566 1005 617 anteauooatum
1017 557 1174 631 est,Nuce·

137 640 246 700 lllrini
256 642 427 715 cognomine
435 640 632 701 Favonienses
642 648 671 699 et
681 638 851 715 Camellani,
862 638 1036 714 Ocriculani,
1049 639 1173 718 Ostrani,
1187 666 1199 705 a

178 722 299 781 Pitnlani
312 725 482 800 cognomine
494 724 642 782 Pisuertes
654 731 683 780 et
698 723 747 782 alii
758 721 941 799 Mergentini,
958 722 1086 798 Plestini,
1104 726 1175 786 Sen-

177 806 292 879 tinates,
311 807 485 880 Sarsinates,
509 805 663 881 Spoletini,
683 806 814 879 Suasani,
835 805 1007 880 Sestinates,
1027 807 1174 884 Suillates,

176 888 340 962 Tadinates,
354 887 518 963 Trebiates,
535 887 674 962 Tuticani,
688 886 851 946 'l'iiernates
864 890 1035 965 nqgnomine
1048 889 1176 950 Tiberini

177 981 206 1030 et
224 972 272 1031 alii
289 970 505 1045 Metaurenses,
524 970 724 1045 Vesinicates,
747 969 909 1029 Urbanates
927 975 1099 1047 cognomine
1114 973 1174 1033 ble-

176 1064 328 1113 taurenses
345 1062 374 1112 et
392 1054 440 1113 alii
457 1052 627 1128 Hortenses,
644 1052 1209 1131 Vettonenses,Vindinates,Viuen-1o

175 1138 243 1196 tani.
258 1135 290 1195 ln
303 1136 359 1195 boc
371 1138 426 1196 situ
439 1138 575 1197 interiere
587 1137 776 1215 Feliginates,
787 1146 818 1198 et
829 1138 877 1215 qui
887 1136 1045 1197 Clusiolum
1054 1148 1175 1200 tenuere

156 1236 263 1307 ¹supra
278 1219 481 1296 Interamnam,
506 1230 535 1281 et
552 1222 723 1283 Sarranates
746 1239 809 1281 cum
832 1222 948 1298 oppidis
963 1221 1083 1280 Acerris
1101 1241 1176 1301 quae
1264 1265 1265 1294 ι

174 1303 293 1362 Vafriae
320 1304 611 1379 cognominabantur,
639 1304 784 1364 Turoeelo
811 1304 889 1380 qnod
913 1303 1079 1364 Vettiolum.
1107 1308 1176 1366 item

176 1387 338 1460 Solinates,
368 1386 517 1463 Curiates,
545 1387 738 1461 Fallienates,
764 1385 953 1464 Apieurrates.
981 1388 1119 1448 interiere
1146 1400 1176 1448 et

175 1470 329 1528 Arieuates
345 1487 408 1528 oum
426 1468 583 1529 Crinovolo
602 1479 632 1528 et
646 1469 793 1528 Usidicani
814 1477 844 1528 et
860 1469 1056 1550 Plangenses,
1077 1470 1210 1532 Pessi-1⁶

173 1560 271 1627 nates,
289 1549 456 1613 Caelestini.
487 1552 631 1612 Ameriam
647 1571 734 1629 sopra
750 1554 887 1630 scriptam
902 1550 974 1612 Cato
992 1562 1058 1611 ante
1074 1553 1176 1617 Persei

175 1635 282 1694 bellum
299 1637 442 1696 conditam
460 1637 539 1695 annis
554 1633 789 1695 DCCCCLXIIII
806 1635 910 1713 prodit.

132 1728 182 1778 115
249 1717 296 1775 15.
326 1717 410 1796 (20.)
437 1716 545 1779 Octava
571 1720 655 1793 regio
684 1719 890 1778 determinatur
913 1716 1058 1794 Arimino,
1085 1719 1174 1798 Pado,

148 1812 150 1816 ·
173 1798 356 1874 Appennino.
374 1800 406 1859 ln
420 1818 471 1861 ora
484 1801 585 1860 ilnvius
599 1800 800 1874 Crustumium,
814 1800 970 1860 Ariminum
983 1803 1098 1862 colonia
1111 1822 1175 1865 cum

173 1881 303 1939 amnibus
319 1882 447 1942 Arimino
472 1891 502 1943 et
521 1884 647 1961 Aprusa.
676 1884 777 1942 ilarius
797 1883 863 1942 hinc
878 1882 1009 1959 Rubico,
1031 1889 1211 1963 quondamao

173 1962 236 2021 lunis
252 1962 362 2023 ltaliae.
392 1965 428 2025 ab
445 1982 481 2025 eo
498 1966 582 2045 Sapis
599 1976 629 2025 ct
643 1966 717 2025 Vitis
740 1975 769 2024 et
786 1965 915 2042 Anemo,
937 1966 1075 2028 Ravenna
1092 1970 1175 2030 Sabi·
1264 2020 1267 2037 ,

173 2062 274 2106 norum
290 2049 426 2125 oppidum
449 2067 512 2109 cum
530 2068 612 2109 amne
633 2048 766 2125 Bedese,
790 2049 826 2109 ab
845 2048 965 2110 Ancona
982 2050 1077 2111 CVM
1095 2070 1174 2130 pass.

173 2132 232 2187 neo'
241 2132 343 2205 procul
356 2149 372 2191 a
385 2133 454 2191 mari
466 2132 639 2192 Umbrorum
650 2132 785 2193 Butrium.
802 2133 877 2191 intus
890 2133 1023 2194 coloniae
1036 2134 1175 2212 Bononia,

173 2210 306 2288 (Felsina
323 2217 489 2289 vocitatum,
507 2234 569 2275 cunr
585 2218 724 2294 princeps
740 2214 874 2275 Etruriae
890 2218 998 2295 esset),
1015 2217 1175 2293 Brixillum,
1265 2209 1266 2256 ³

132 2305 182 2357 116
192 2293 310 2368 blutina,
327 2295 438 2371 Parma,
454 2297 612 2357 Placentia.
643 2298 750 2376 oppida
767 2297 911 2371 Caesena,
931 2298 1082 2374 Claterna,
1098 2299 1212 2363 Forata

174 2375 269 2448 Clodi,
286 2377 358 2451 biri,
374 2378 479 2453 Popili,
497 2379 729 2453 Truentinorum,
746 2379 876 2452 Corneli,
892 2379 991 2438 Licini.
1014 2379 1175 2458 Ferentini,

173 2456 325 2531 Fidentini,
344 2456 465 2532 Otesini,
482 2458 647 2534 Padinates,
663 2460 828 2535 Regienses
843 2460 992 2537 abepido,
1005 2461 1175 2539 solonates,

173 2537 329 2615 Saltusque
348 2538 469 2600 Galliani
485 2542 533 2616 qui
549 2543 788 2617 cognominantur
803 2540 980 2617 Aquinates,
1005 2541 1175 2620 Tannetaui,

172 2619 323 2679 Veleiates
336 2623 508 2697 cognomine
519 2625 612 2681 veteri
624 2622 775 2699 Regiates,
787 2622 959 2682 Urbanates.
975 2625 1003 2682 in
1015 2624 1072 2684 boo
1082 2636 1176 2687 tractu

173 2704 342 2763 interierunt
363 2703 415 2763 Boi
441 2721 560 2781 quorum
578 2704 674 2766 tribus
691 2704 770 2764 CXll
792 2705 885 2764 luisse
903 2713 1006 2765 auctor
1026 2716 1073 2768 est
1089 2707 1173 2786 Cato,
1185 2730 1212 2772 no

173 2787 242 2843 item
257 2787 389 2845 Senones
405 2789 454 2863 qui
472 2795 613 2864 ceperunt
627 2787 758 2847 Romam.

132 2872 181 2929 117
241 2868 288 2927 16.
301 2868 394 2929 Padus
407 2888 423 2929 e
439 2870 551 2945 gremio
561 2868 667 2928 Venuli
681 2871 785 2931 montis
797 2871 986 2931 celsissimum
997 2872 1026 2931 irr
1038 2890 1176 2933 cacumen

173 2949 289 3027 Alpium
305 2951 374 3011 elati
389 2951 493 3011 linibus
507 2951 641 3028 Ligurum
652 2951 868 3028 Vagiennorum
879 2954 1001 3014 visendo
1013 2954 1093 3015 fonte
1107 2974 1175 3033 pro·

173 3031 266 3090 lluens
294 3033 481 3112 condensque
510 3051 542 3092 se
565 3034 699 3093 cuniculo
725 3044 754 3093 et
777 3036 807 3094 in
829 3033 1079 3095 Forouibiensium
1103 3055 1174 3113 agro

172 3115 274 3171 iterum
291 3116 442 3191 exoriens,
460 3116 539 3174 mrllo
557 3118 680 3174 amnium
696 3116 826 3177 claritate
841 3117 977 3192 inferior,
997 3116 1117 3178 Graecis
1133 3120 1209 3183 dian

173 3204 236 3253 ctus
260 3194 401 3255 Eridanus
417 3215 452 3256 nc
467 3214 563 3273 poena
582 3198 769 3258 Phaethontis
787 3197 966 3273 inlustratus,
993 3204 1116 3275 augetur
1137 3202 1174 3261 ad

173 3277 252 3335 canis
277 3286 355 3336 ortus
379 3278 494 3355 liquatis
508 3279 636 3353 nivibus,
666 3281 745 3354 agris
760 3298 844 3358 qnam
866 3282 988 3357 navigiis
1004 3283 1173 3357 torrentior,

173 3359 242 3421 nihil
253 3368 348 3438 tamon
361 3378 398 3423 ex
413 3369 496 3442 rapto
511 3360 565 3419 sibi
576 3362 726 3421 vindicans
740 3371 827 3441 atque
841 3363 890 3423 ubi
901 3363 1003 3442 linquit
1013 3362 1175 3423 ubertatem
1251 3368 1256 3375 '

273 3639 304 3676 v*

291 3678 309 3689 ,a

280 3710 301 3727 'r
