2542 3842
365 185 446 233 unu.
466 150 556 234 uren.
572 185 621 233 vr.
641 171 930 256 at-ae.(31-aa.)
1082 173 1141 236 2215

142 339 202 399 nito
221 337 276 398 situ
294 337 372 398 iuxta
392 338 421 398 in
438 336 645 415 longitudinem
665 337 706 399 Ill
724 339 782 398 mil.
801 355 897 416 pass,
915 339 943 398 in
965 338 1140 400 latitudinem

142 421 229 500 paulo
246 421 347 481 minus.
384 423 464 499 prius
479 417 531 481 luit
555 423 673 486 alitore
692 423 791 482 stadiis
808 420 836 480 X
858 423 1040 499 (maritimum
1056 424 1140 482 etiam

141 504 278 583 Vipsania
304 505 434 583 porticus
462 504 582 583 habet),
615 505 685 565 Iuba
706 522 778 564 vcro
797 504 980 582 prodenteb
998 505 1027 564 ιι
1048 524 1139 584 pass,

141 604 215 648 nuuc
236 585 376 647 abessen
397 587 483 646 litore
500 585 580 646 CXX
596 586 625 646 Μ
645 588 733 664 legati
752 587 879 647 Arabum
900 590 1049 665 nostrique
1071 608 1120 649 ne·
1109 598 1182 652 ·tso

120 671 304 754 egotiatores
325 671 373 747 qui
391 671 457 729 inde
478 688 587 728 venere
610 671 767 730 adfirmant.
807 688 863 730 nec
888 670 947 730 ulla
968 680 1050 748 parte
1074 673 1139 750 plus

140 762 189 813 ant
204 753 331 813 celerius
354 753 512 830 proiecere
536 761 632 812 terrae
651 753 811 813 fluminibus
830 754 963 815 invectae
986 755 1066 814 mari.
1110 756 1138 816 id
1240 788 1243 800 ·

100 837 240 895 mirum
267 843 327 911 est,
349 845 452 894 aestu
447 835 543 912 longe
564 836 638 896 ultra
663 837 692 896 id
713 837 872 897 accedente
894 854 951 896 non
974 854 1138 914 percussas.

139 918 226 978 lioc
218 937 245 977 un
260 917 329 978 loco
348 918 504 994 ingenitum
524 936 592 977 esse
608 919 778 994 Dionysium
798 927 938 980 terrarum
957 918 1060 978 orbis
1051 922 1179 986 situslst

139 1001 368 1062 recentissimum
387 1012 552 1076 auctorem,
582 1019 667 1079 quern
692 1003 728 1062 ad
754 1002 971 1062 commentanda
996 1004 1089 1063 omnia
1110 1006 1138 1064 in

105 1085 283 1145 morientem
303 1085 485 1162 praerniserit
502 1084 584 1143 divos
604 1084 752 1161 Augustus
774 1087 849 1145 ituro
872 1087 901 1144 in
915 1086 1079 1146 Armeniam
1102 1087 1138 1148 ad

139 1167 287 1227 Parthicas
297 1167 498 1245 Arabicasque
510 1185 559 1226 res
571 1169 680 1227 maiore
693 1169 763 1244 lilio,
786 1184 843 1226 non
858 1187 903 1228 mc
916 1169 1065 1247 praeterit,
1082 1188 1138 1230 nce

139 1268 200 1310 sum
218 1249 325 1310 oblitus
349 1251 392 1309 sui
408 1267 551 1328 quemque
569 1251 641 1309 situs
663 1251 910 1328 diligentissimum
927 1260 1075 1312 auctorem
1095 1255 1136 1312 vi·
1148 1275 1179 1316 aa

139 1351 202 1393 sum
216 1332 302 1393 nobis
314 1334 343 1392 in
358 1335 474 1394 introitu
490 1333 573 1393 buius
589 1334 699 1410 operis.
722 1335 759 1412 ,ιιι
779 1333 834 1393 ιιι
848 1343 943 1394 tamen
960 1343 1043 1412 parte
1060 1352 1136 1397 arma

137 1414 267 1476 Romana
296 1417 378 1494 sequi
405 1416 503 1493 placet
531 1416 616 1475 nobis
638 1415 794 1495 iubamque
825 1435 927 1494 regem
952 1417 989 1478 ad
1015 1418 1137 1479 eundem

101 1520 128 1562 ιι
139 1497 238 1559 Gaium
255 1496 411 1560 Gaesarem
432 1499 551 1578 scriptis
565 1499 758 1560 uoluminibus
780 1501 817 1562 de
834 1500 936 1562 eadem
950 1500 1136 1579 expeditione

136 1581 273 1642 Arabica.

221 1663 271 1726 28.
295 1664 378 1745 (32.)
408 1663 517 1726 Arabia
533 1667 660 1742 gentium
674 1666 761 1727 nullis
781 1667 969 1746 postferenda
990 1667 1178 1746 ampliu-142

137 1747 203 1808 dinc
227 1748 411 1825 longissima,
433 1767 450 1808 a
472 1758 569 1807 monte
584 1749 713 1826 Amano,
738 1751 891 1827 aregioue
908 1749 1027 1811 Ciliciae
1051 1748 1135 1810 Com·

136 1831 326 1909 magenisque
350 1830 517 1906 descendit,
539 1841 570 1892 ut
594 1832 731 1910 diximus,
754 1834 849 1894 multis
871 1832 1005 1911 gentibus
1028 1851 1177 1896 eorumsse

2 1924 3 1927 ’
99 1913 269 1974 nodeductis
291 1913 343 1974 illo
369 1928 385 1973 a
409 1913 533 1990 Tigrane
554 1912 677 1992 Magno,
704 1926 808 1994 sponte
829 1934 901 1976 vero
925 1915 961 1975 ad
983 1934 1062 1976 mare
1084 1934 1134 1976 no-

136 2004 225 2056 strum
239 1996 365 2073 litusque
383 1994 575 2074 Aegyptium,
596 2006 626 2056 ut
641 1997 806 2074 docuimus,
828 2015 962 2059 necnon
983 1999 1011 2057 in
1036 2001 1177 2062 medianus

137 2079 239 2153 Syriae
264 2080 302 2141 ad·
324 2079 460 2138 Libanum
483 2089 609 2139 montem
634 2081 853 2157 penetrantibus
875 2079 1003 2156 Nubeis,
1032 2082 1135 2158 quibus

135 2162 289 2238 iunguntur
309 2161 435 2235 Ramisi,
458 2160 524 2222 dein
547 2161 687 2236 Teranei,
710 2163 776 2222 dein
796 2163 918 2225 Patami,
955 2163 1019 2238 ipsa
1045 2180 1117 2222 vero
1127 2171 1177 2226 143

137 2245 287 2323 peninsula
302 2245 411 2304 Arabia
426 2245 501 2303 inter
521 2243 577 2304 duo
593 2245 682 2303 maria
698 2242 825 2304 Rubrum
843 2244 1047 2322 Persicumque
1068 2263 1134 2322 pro·

100 2342 273 2401 recurrens,
302 2327 426 2404 quodam
453 2334 573 2386 naturae
603 2326 725 2387 artificio
754 2328 790 2389 ad
812 2328 1023 2388 similitudinem
1049 2335 1135 2404 atque

136 2409 358 2487 magnitudinem
371 2409 471 2469 Italiac
486 2410 558 2469 mari
575 2410 769 2488 circumfusa,
782 2413 811 2470 in
822 2411 944 2472 candem
962 2412 1048 2471 ctiam
1061 2411 1136 2471 caeli

62 2527 69 2534 ·
134 2502 247 2571 partem
272 2493 351 2553 nulla
373 2492 533 2552 dilierentia
555 2501 685 2570 spectat,
716 2494 790 2554 haec
814 2512 930 2573 quoque
958 2495 986 2552 in
1006 2493 1057 2554 illo
1079 2494 1136 2552 situ

134 2575 216 2635 ielis
254 2575 383 2653 Populos
397 2577 460 2634 eius
474 2593 491 2634 a
505 2585 605 2636 nostro
617 2577 688 2635 mari
702 2592 792 2655 usque
810 2578 845 2639 ad
863 2577 1050 2651 Palmyrenae
1066 2576 1134 2636 soli·

135 2657 251 2718 tudines
273 2657 409 2747 diximus,
428 2657 542 2735 reliqua
565 2676 639 2718 nunc
666 2677 851 2737 peragemus
893 2658 1037 2719 Nomadas
1062 2659 1176 2733 inde⁶,⁸⁵

99 2727 381 2839 aoinlestatoresque
397 2737 607 2802 Chaldaeorum
622 2743 775 2816 Scenitae,
797 2753 827 2802 ut
841 2742 979 2816 diximus,
1002 2743 1128 2817 cludunt,
1142 2761 1175 2794 ιιι

54 2872 57 2879 .
135 2831 166 2883 ct
189 2824 248 2901 ipsi
270 2825 352 2900 vagi,
384 2823 438 2881 sed
463 2840 479 2883 a
501 2823 696 2884 tabernaculis
717 2825 909 2900 cognominati
934 2841 1008 2901 quaa
1032 2825 1134 2884 ciliciis

134 2913 278 2966 metantur
304 2907 354 2966 ubi
386 2905 477 2964 libuit.
520 2906 626 2967 deinde
651 2905 791 2966 Nabataei
814 2907 952 2983 oppidum
971 2905 1176 2970 includuntlsl

134 2987 248 3048 Petram
259 2990 373 3048 nomine
392 2988 420 3045 in
437 2988 587 3063 convalle,
610 2989 697 3065 paulo
715 2992 806 3048 minus
821 2989 904 3049 duum
921 2989 979 3048 mil.
999 3005 1135 3066 passuum

132 3070 344 3150 amplitudinis,
368 3069 569 3130 circumdatum
588 3071 731 3130 montibus
754 3072 929 3145 inaccessis,
948 3089 1030 3131 amne
1048 3072 1133 3131 inter·

100 3153 253 3216 attinente.
296 3152 381 3213 abest
402 3152 438 3210 ab
461 3151 537 3210 Gaza
560 3152 670 3229 oppido
691 3154 784 3214 litoris
805 3155 896 3213 nostri
911 3152 962 3214 DC
977 3153 1015 3229 M,
1039 3151 1132 3214 asinu

135 3235 255 3295 Persico
277 3232 411 3295 CXXXV
438 3232 477 3294 bi.
520 3233 576 3294 bno
599 3237 734 3295 convenit
758 3245 908 3314 utrumque
932 3237 1054 3311 bivium,
1083 3252 1155 3303 eon

134 3336 196 3376 rum
218 3319 266 3396 qni
292 3326 322 3378 ct
339 3317 422 3391 Syria
446 3316 605 3390 Palmyram
628 3319 741 3394 petiere
767 3329 796 3378 et
820 3337 920 3380 eorum
939 3319 986 3398 qui
1004 3317 1040 3378 ab
1057 3318 1133 3383 Gaza
1205 3375 1209 3384 ,

134 3408 285 3460 venerunt.
326 3399 356 3458 A
373 3399 458 3459 Petra
482 3399 633 3472 incoluere
659 3399 758 3460 Omani
781 3402 816 3463 ad
844 3401 1003 3464 Characem
1024 3413 1174 3481 usqnerre
