2542 3842
405 155 485 204 unu.
500 155 592 204 msr.
610 155 656 204 vr.
672 151 715 208 aa.
733 139 882 227 (te-at)
1063 141 1123 204 251

123 308 249 371 tervallo
272 325 288 368 a
311 306 506 384 Ptolemaide,
528 326 578 367 res
598 309 724 386 ingentis
746 308 873 387 exempli
893 309 1035 388 locosque
1059 309 1125 370 suh·

105 393 232 454 ·tilitatis
254 393 418 464 inmensae,
440 391 545 451 mundo
571 392 611 451 ihi
628 393 792 470 deprenso,
821 410 885 452 eum
904 394 1060 454 indubitata
1079 411 1124 454 ra-

125 476 206 536 tione
220 475 382 535 umbrarum
396 473 606 535 Eratosthenes
627 480 790 535 mensuram
804 476 1042 554 terrae-prodere
1059 476 1125 537 inde

123 560 266 636 coeperit.
306 558 379 617 llinc
403 557 542 618 Azanium
564 576 663 634 mare,
686 559 912 635 promontorium
930 560 1007 636 quod
1022 559 1109 638 aliqui
1117 567 1167 623 lta

100 640 274 719 sllispalum
297 642 462 718 scripsere,
483 641 565 700 lacus
579 639 755 717 Mandalum,
775 641 867 702 insula
883 638 1074 718 Colocasitis,
1098 653 1127 702 et

123 725 153 783 in
174 724 234 783 alto
255 723 362 782 multae
384 725 413 783 in
429 721 531 800 quihus
547 725 664 785 testudo
680 725 824 803 pluruma:
866 724 1002 802 oppidum
1017 725 1125 800 Suche,

123 807 218 866 insula
232 805 403 884 Daphnidis,
419 807 556 886 oppidum
570 806 719 868 Aduliton.
750 807 962 886 Aegyptiorum
976 807 1033 867 hoc
1049 810 1126 868 servi

57 932 63 936 -
124 886 242 970 prolu'gi
270 907 286 949 a
314 888 434 949 dominis
465 891 633 950 condidere.
676 889 838 951 Maxumum
867 891 916 950 hic
945 892 1103 968 emporium
1117 899 1168 955 173

126 972 369 1049 Trogodytarum,
389 973 473 1032 etiam
488 972 675 1052 Aethiopum,
699 973 782 1034 abest
798 992 814 1032 a
829 973 1008 1035 Ptolemaide
1022 973 1050 1032 V
1065 975 1125 1034 die-

91 1071 187 1115 rorum
209 1056 403 1132 navigatione.
445 1055 579 1115 delerant
602 1057 764 1135 plurumum
792 1056 879 1134 ehur,
910 1056 1126 1117 rhinocerotum

125 1155 251 1213 cornua,
271 1138 545 1217 hippopotamomm
562 1141 658 1215 coria,
683 1140 799 1200 celtium
815 1139 1006 1215 testudinum,
1029 1140 1125 1218 sphin-

125 1223 190 1300 gia,
223 1222 374 1297 mancipia.
426 1221 520 1299 Supra
547 1221 709 1300 Aethiopas
738 1222 880 1282 Aroteres
909 1223 1020 1282 insulae
1051 1241 1126 1300 quae
1177 1265 1180 1272 ·

125 1304 231 1365 Aliaeu
242 1313 392 1378 vocantur,
407 1305 476 1363 item
489 1304 630 1365 Bacchias
646 1315 676 1364 et
688 1305 894 1366 Antibacchias
912 1315 941 1365 et
956 1306 1124 1366 Stratioton.

125 1387 199 1448 llinc
213 1387 242 1446 in
258 1403 309 1446 ora
324 1385 498 1465 Aethiopiae
515 1389 594 1446 sinus
609 1389 784 1465 incognitus,
807 1388 884 1466 quod
899 1390 1044 1463 miremur,
1062 1405 1127 1448 cum

91 1471 266 1530 adulteriora
285 1479 465 1528 mercatores
486 1479 659 1530 scrutentur.
696 1472 923 1549 promontorium
944 1473 973 1530 in
988 1488 1046 1549 quo
1061 1471 1127 1530 lons

128 1551 234 1613 Cucios
246 1554 391 1628 expetitus
404 1552 615 1628 navigantibus.
639 1553 721 1614 Ultra
731 1553 819 1614 Isidis
834 1563 946 1632 portus,
962 1553 990 1612 X
1002 1551 1170 1617 dierumli'd

126 1637 249 1712 remigio
269 1634 306 1694 ab
328 1635 437 1712 oppido
459 1635 639 1695 Adulitarum
654 1637 773 1698 distans.
814 1639 843 1697 iu
864 1655 929 1696 eum
950 1637 1127 1714 Trogodytis

125 1736 222 1793 myrra
238 1719 396 1777 confertur.
430 1717 543 1778 insulae
556 1729 622 1779 ante
635 1729 751 1798 portum
766 1720 840 1779 duae
854 1720 1059 1799 Pseudopylae
1075 1735 1126 1779 ro·
1160 1753 1164 1758 ·
1238 1719 1242 1722 ’

128 1810 243 1877 cantur,
266 1801 420 1859 interiores
442 1802 563 1860 totidem
582 1801 688 1876 Pylae,
710 1805 739 1862 in
759 1803 851 1862 altera
875 1803 967 1870 stelae
991 1803 1127 1882 lapideae

91 1907 119 1947 ao
127 1884 231 1945 litteris
253 1882 372 1959 ignotis.
413 1883 494 1942 Ultra
514 1886 594 1956 sinus
611 1884 743 1960 Abalitu,
767 1881 834 1945 dein
848 1886 943 1945 insula
959 1885 1081 1946 Diodori
1099 1893 1128 1944 et
1188 1923 1194 1931 .

128 1967 203 2048 aliae
224 1965 376 2041 desertae,
406 1983 459 2042 per
480 1968 673 2027 continentem
695 1984 811 2044 quoque
831 1967 965 2042 deserta,
990 1968 1127 2046 oppidum

129 2048 221 2122 Gaza,
242 2049 469 2126 promontorium
496 2058 526 2108 et
554 2059 655 2125 portus
682 2048 868 2123 Mossylites,
892 2062 948 2126 quo
970 2051 1128 2110 cinnamum

128 2130 290 2191 devehitur.
323 2129 470 2207 hucusque
487 2131 605 2189 Sesosis
627 2133 786 2190 exercitum
802 2131 890 2190 duxit.
914 2130 1011 2209 Aliqui
1028 2140 1170 2194 unumllh

128 2213 302 2292 Aethiopiae
318 2213 455 2290 oppidum
469 2212 544 2271 ultra
566 2223 675 2291 ponunt
691 2215 719 2271 in
734 2211 820 2272 litore
836 2212 983 2272 Baricaua.
1018 2233 1035 2274 a
1049 2213 1127 2273 llos-

93 2313 120 2354 25
130 2296 224 2372 sylico
239 2295 437 2373 promontorio
452 2294 626 2355 Atlanticum
640 2314 719 2356 mare
734 2297 864 2374 incipere
878 2296 941 2356 volt
955 2293 1026 2356 luha
1044 2313 1128 2375 prae·

129 2389 176 2439 ter
195 2377 387 2438 llauretanias
408 2396 475 2438 suas
496 2376 582 2438 Gadis
606 2396 700 2457 usque
720 2380 910 2455 navigandum
931 2395 1020 2455 coro,
1048 2379 1128 2438 cuius

129 2471 191 2522 tota
206 2461 349 2520 sententia
370 2460 427 2520 hoc
442 2461 470 2518 iu
485 2460 553 2520 loco
575 2461 768 2522 subtrahenda
782 2480 839 2522 nou
857 2471 910 2523 est.
952 2462 979 2520 A
995 2477 1129 2541 promon-

129 2544 207 2604 torio
222 2543 356 2603 ludorum
376 2544 453 2620 quod
475 2553 597 2603 vocator
612 2543 788 2623 Lepteacra,
813 2544 848 2605 ah
873 2546 937 2604 aliis
951 2544 1128 2623 Drepanum,

130 2627 267 2706 proponit
281 2633 364 2684 recto
379 2643 465 2684 cursu
480 2636 597 2704 praeter
612 2626 741 2688 Exustae
759 2637 788 2687 et
802 2626 927 2687 Malichu
942 2627 1064 2688 insulam
1080 2629 1129 2693 x’v

95 2709 190 2768 uomit
218 2726 354 2786 passuum
375 2725 459 2782 esse,
492 2711 559 2769 inde
584 2709 620 2769 ad
642 2711 737 2770 locum
760 2725 846 2788 quern
863 2718 976 2772 ,vocant
997 2710 1129 2770 Sceneos

132 2788 264 2852 CCXXV
278 2790 321 2868 hl,
343 2789 410 2848 inde
425 2791 462 2850 ad
477 2793 598 2852 insulam
613 2793 756 2852 Sadanum
773 2789 819 2850 (ll.
835 2791 894 2848 mil.
910 2808 1056 2868 passuum.
1086 2794 1128 2851 sic

131 2874 195 2935 lieri
209 2874 246 2934 ad
263 2882 393 2950 apertum
407 2890 486 2933 mare
504 2876 599 2939 ῑῦῖῖ
612 2874 716 2934 LXXV
736 2875 795 2934 mil.
815 2890 959 2952 passuum.
996 2873 1171 2951 Reliquilld

132 2973 232 3017 omues
256 2964 378 3034 propter
402 2956 473 3014 solis
499 2958 633 3015 ardorem
655 2958 784 3034 navigari
805 2973 895 3033 posse
923 2971 981 3013 non
1009 2964 1127 3033 putave-

131 3041 314 3117 mutuala
342 3045 372 3096 et
395 3040 558 3098 conmercia
583 3039 646 3116 ipsa
672 3041 807 3098 infestant
831 3056 869 3096 ex
891 3036 991 3096 insulis
1014 3037 1129 3098 Arabes

1 3140 5 3165 ³
97 3122 253 3182 ³³Ascitae
274 3119 430 3218 appellati,
451 3123 584 3196 quoniam
605 3121 730 3181 huhulos
749 3131 828 3180 utres
843 3121 926 3179 binos
941 3120 1127 3181 insternendo

132 3215 223 3284 ponte
239 3205 389 3283 piraticam
410 3211 550 3261 exercent
572 3205 683 3279 sagittis
703 3204 878 3262 venenatis.
902 3201 1000 3262 Gentis
1015 3202 1128 3302 Trogo·

134 3286 263 3361 dytarum
277 3288 354 3346 idem
369 3283 441 3343 luha
452 3285 539 3344 tradit
554 3284 741 3345 Therothoas
754 3305 770 3345 a
785 3295 891 3346 venatu
906 3285 1015 3362 dictos,
1038 3288 1129 3357 mirae

133 3369 314 3448 velocitatis,
337 3367 410 3426 sicut
423 3367 676 3450 Ichthyophagos,
699 3371 821 3430 natantis
841 3387 896 3430 ceu
915 3370 1002 3430 maris
1024 3368 1129 3430 anima·

451 3640 472 3678 ιΙ
