2542 3842
165 153 226 215 210
509 161 539 212 c.
555 165 650 214 ratur
667 165 815 215 sueonos

165 318 320 380 interuallo
335 335 351 379 a
366 319 469 397 Sigeo,
484 328 513 381 et
527 320 592 400 ipso
607 321 731 382 statione
747 320 850 397 elassis
868 337 947 380 snae.
970 321 1064 400 Supra
1077 321 1158 384 Aeo-

164 403 222 464 lida
247 412 277 462 et
303 413 413 481 partem
439 402 561 464 Troadis
585 405 615 464 in
638 405 850 466 mediterraneo
872 413 916 463 est
937 422 1012 482 quae
1035 416 1160 466 voantur

165 485 351 562 Teuthrania,
369 504 453 566 quam
466 487 540 563 ldysi
554 489 708 567 antiquitus
723 497 855 548 tenuere.
889 487 929 548 ihi
947 487 1050 548 Caicus
1066 492 1158 550 amnis

126 571 262 631 radietas
277 571 375 630 oritur.
414 590 487 648 gens
508 573 603 650 ampla
623 591 677 652 per
696 589 745 648 se,
768 575 853 632 etiam
874 590 937 632 enm
958 581 1048 632 totum
1064 573 1158 650 Mysia

124 654 385 733 rsoappellaremr.
414 654 446 714 ln
461 673 496 714 ea
513 655 646 732 Pioniae,
665 656 798 732 Andera,
813 655 903 732 Itale,
920 655 1077 732 Stabulum,
1100 655 1178 725 (ἕο-5

165 739 281 815 uisium,
306 737 420 813 Teium,
450 735 554 814 Balee,
580 739 684 816 Tiare,
706 739 896 816 Teuthranie,
916 739 1058 814 Sarnaoa,
1078 739 1168 802 Hali-=

164 840 268 897 serae,
282 821 404 897 Lycide,
422 821 618 898 Parthenium,
635 821 768 898 Camhre,
785 822 954 902 Oxyopum,
969 822 1157 901 Lygdamum,

163 906 337 986 Apollonia,
352 905 498 984 longeque
513 905 701 966 clarissimum
717 905 805 966 Asiae
820 905 1006 986 Pergamum,
1022 908 1099 986 quod
1114 911 1156 968 in-

165 999 285 1052 termeat
301 988 433 1065 Selinus,
462 990 596 1068 praefluit
624 988 722 1051 Cetius
746 989 890 1071 profusus
903 990 1025 1051 Pindaso
1046 1001 1161 1052 monta·

123 1096 155 1130 ΞΞΞ
164 1074 248 1134 abest
267 1073 336 1135 haut
355 1073 459 1151 prooul
473 1072 579 1151 Elaea,
605 1091 690 1153 quam
717 1076 746 1135 in
765 1075 851 1136 litore
877 1075 1007 1135 diximus.
1048 1074 1194 1154 Perga-no

163 1177 245 1218 rnena
271 1165 391 1217 vocatur
415 1157 477 1217 eius
498 1167 607 1218 tractus
625 1159 794 1222 iurisdictio.
833 1159 869 1220 ad
896 1175 959 1219 eam
982 1161 1156 1221 conveniunt

164 1242 344 1318 Thyatireni,
367 1239 512 1318 Mossyni,
533 1241 711 1320 hlygdones,
734 1243 904 1320 Bregmeni,
919 1242 1154 1318 Hierooometae,

158 1325 334 1405 Perpereni,
351 1323 466 1386 Tiareni
472 1325 769 1406 ,llierolophienses,
790 1325 1057 1418 Hermoeapelitae,
1073 1327 1154 1386 Atta·

163 1411 277 1485 lenses,
292 1408 466 1470 Panteenses
473 1409 748 1488 ,Apollonidienses
764 1391 896 1488 aliaeque
910 1411 1068 1470 inhonorae
1085 1412 1153 1470 eivi-

123 1504 173 1558 127
181 1503 265 1555 tates
300 1492 325 1551 A
342 1491 475 1553 Rhoeteo
490 1492 663 1555 Dardanium
678 1494 814 1573 oppidum
832 1512 950 1574 parvum
965 1493 1049 1554 ahest
1062 1494 1154 1554 stadia
1165 1513 1193 1553 15

163 1576 250 1638 LXX.
287 1577 353 1638 inde
367 1575 462 1636 XVIII
481 1575 511 1635 hl
530 1580 754 1655 promontorium
769 1578 914 1657 Trapeza,
937 1577 1012 1637 unde
1035 1579 1154 1656 primum

165 1662 291 1721 eoneitat
311 1679 346 1720 se
364 1659 580 1737 hellespontus.
621 1660 668 1722 ΕΞΞ
686 1661 757 1722 Asia
782 1663 925 1722 interiisse
951 1663 1047 1738 gentis
1067 1662 1159 1722 tradit

163 1743 355 1803 Eratothenes
378 1742 575 1820 Solymorum,
594 1744 748 1823 Lelegum,
770 1745 948 1821 Bebryoum,
970 1743 1152 1824 Colyeantio-

133 1833 136 1837 '
164 1845 224 1886 rum
230 1825 469 1904 ,Tripsedorum
501 1826 630 1890 Isidorus
643 1829 786 1890 Arieneos
809 1839 838 1888 et
856 1827 1032 1909 Capreatas,
1052 1827 1102 1888 uhi
1115 1829 1153 1888 sit

138 1870 284 1987 Apamia
305 1910 455 1970 conditae
479 1911 606 1972 Seleaoo
621 1931 711 1990 re,ge
735 1915 809 1973 inter
828 1911 976 1989 Ciliciam,
999 1911 1150 1990 Cappado-
1159 1929 1190 1971 ao

165 1995 251 2070 eiam,
269 1991 450 2070 Cataoniam,
472 1995 633 2057 Mureniana
651 2007 680 2057 et
694 1999 826 2076 quoniam
846 1958 1040 2058 ferocissimas
1055 1996 1151 2072 gentis

133 2074 338 2156 domuisset,
353 2079 431 2145 initio
446 2078 582 2140 Dameam
595 2091 738 2142 vocatam

123 2173 174 2226 ηδ
257 2163 306 2224 31.
328 2162 410 2243 (34.)
431 2162 587 2224 Insularum
602 2176 668 2226 ante
682 2167 780 2226 Asiam
796 2168 885 2244 prima
900 2174 944 2225 est
960 2166 988 2224 in
1005 2161 1151 2224 Canobieo

165 2248 239 2308 ostio
253 2246 329 2323 Nili,
351 2265 368 2308 a
385 2244 503 2308 Canobo
516 2247 640 2310 Ilenelai
661 2251 872 2326 gubernatore,
893 2259 923 2310 ut
937 2248 1049 2322 ierunt,
1064 2247 1149 2306 dieta.

164 2331 255 2391 altera
269 2332 363 2390 innota
383 2340 470 2408 ponte
484 2331 694 2408 Alexandriae,
712 2334 824 2392 oolonia
842 2329 976 2392 Caesaris
992 2330 1149 2404 dictatoris,
1156 2349 1188 2390 aa

164 2415 289 2488 Pharos,
307 2413 448 2490 quondam
463 2413 520 2473 diei
534 2417 717 2490 animatione
731 2415 837 2474 distans
853 2414 889 2474 ab
907 2413 1059 2492 Aegypto,
1077 2431 1152 2473 nuno

166 2516 183 2555 e
204 2497 274 2555 turri
295 2495 440 2554 nocturnis
462 2495 576 2571 Ignibus
596 2515 709 2556 eorsum
730 2498 842 2556 navium
866 2514 983 2572 regens.
1008 2531 1010 2536 ·
1029 2515 1151 2574 namque

164 2577 316 2638 lallaeIhus
330 2577 412 2636 vadis
425 2576 600 2638 Alexandria
621 2579 711 2640 trihus
730 2581 842 2638 omnino
858 2579 949 2638 aditur
964 2579 1055 2638 alveis
1068 2582 1150 2656 mari,

166 2664 303 2739 Stegano,
320 2660 456 2737 Posideo,
472 2660 578 2722 Tanro.
607 2664 637 2722 in
650 2662 805 2722 Phoenicio
823 2662 1009 2722 deindemari
1024 2670 1150 2722 estante
1184 2663 1192 2667 “

165 2747 257 2825 Iopen
272 2746 369 2821 Paria,
384 2753 445 2805 tota
461 2746 611 2824 oppidum,
635 2747 664 2804 in
681 2764 737 2824 qua
752 2746 894 2808 obiectam
913 2746 1017 2806 helnae
1036 2745 1149 2806 Andro·
1159 2769 1186 2810 ao

134 2831 277 2892 nonedam
291 2831 400 2905 ierunt,
417 2838 446 2888 et
461 2831 516 2890 iam
530 2829 607 2892 dieta
619 2829 750 2908 Arados,
772 2825 846 2892 inte'r
863 2849 946 2910 qaam
960 2840 990 2890 et
1004 2832 1149 2891 continere

166 2925 221 2974 tem
235 2915 257 2975 L
273 2913 367 2974 enhita
380 2915 441 2974 alto
456 2915 541 2989 mari,
556 2924 587 2975 ut
601 2923 701 2976 aneton
716 2925 761 2976 est
774 2915 938 2991 ltlneianus,
961 2914 1072 2974 alonte
1088 2914 1149 2974 dul-

167 3000 209 3058 eis
222 3017 297 3076 aqua
310 2998 378 3058 tuho
396 2999 483 3058 eoriis
496 2997 572 3057 faeta
588 3017 679 3077 usque
694 3017 710 3060 a
724 3001 799 3061 vado
813 3000 942 3060 trahitur.

126 3092 178 3146 129
260 3080 343 3161 (35.)
365 3081 557 3160 Pamphyliam
576 3101 656 3143 mare
679 3082 811 3160 ignobilis
827 3084 932 3144 insulas
949 3083 1053 3156 hahet,
1080 3080 1146 3142 Cili-

168 3166 240 3224 eium
256 3183 294 3223 er
310 3163 337 3222 V
352 3166 489 3224 maxuma
507 3163 632 3243 Cyprum
651 3167 688 3228 ad
706 3176 797 3227 ortum
816 3184 1060 3245 occasumquer
1028 3165 1146 3226 Ciliciae
1157 3175 1186 3218 ³⁵

167 3265 202 3308 ao
216 3247 317 3321 Syriae
336 3245 478 3309 obiectam
486 3250 652 3327 ,qnondam
666 3249 747 3310 VIIII
760 3267 913 3326 reginorum
927 3251 1034 3316 sedem
1065 3248 1147 3308 huius

169 3332 319 3389 eirouiturn
331 3328 528 3390 Timosthenes
545 3329 753 3394 CCCCXXVII
772 3333 841 3394 ltu
858 3333 997 3412 prodidit,
1021 3330 1167 3390 Isidorus

170 3410 400 3474 CCCLXXVII.
426 3413 637 3490 longitudinem
658 3415 731 3477 inter
754 3415 810 3478 duo
829 3414 1036 3496 promontoria,
1059 3411 1151 3472 Dinas
