2542 3842
374 226 454 271 unu.
472 224 570 272 rnsn
583 225 644 271 vn.
664 222 747 276 1—2.
765 210 878 296 (1-2.)
1097 214 1118 277 3

122 379 262 440 credibile
277 378 422 453 fortasse,
447 379 474 436 ui
490 382 651 456 cogitemus
671 383 700 439 in
720 380 815 439 medio
836 380 907 440 orbe
924 390 1064 441 terrarum
1080 400 1115 442 ac

121 464 219 523 Sicilia
235 471 265 521 et
281 462 359 522 ltalia
374 462 464 521 luisse
479 465 574 538 gentis
588 464 670 523 huius
687 466 821 540 monstri,
841 461 987 544 Cyclopas
1004 474 1033 524 et
1043 464 1114 525 Lae·

121 558 291 623 orygonas,
315 554 343 605 et
362 547 524 623 nuperrime
542 556 620 605 trans
637 547 721 626 Alpis
736 547 877 607 hominem
899 548 1029 609 inmolari
1045 566 1114 625 gen-

120 634 187 690 tium
210 648 306 689 earum
321 645 402 687 more
420 629 551 705 solitum,
575 631 652 709 quod
670 631 784 709 paulurn
808 649 823 691 a
840 632 998 692 mandendo
1022 632 1112 691 abest.

95 714 171 773 seed
187 722 216 773 et
231 715 307 772 iuxta
323 730 375 771 eos
390 714 514 789 quisunt
529 714 565 773 ad
580 716 806 792 septentrionem
820 716 914 790 versi,
931 714 998 774 haut
1010 716 1110 793 procul
1124 729 1157 780 lo

120 797 238 875 abipso
256 796 397 875 aquoonis
419 805 521 855 exortu
539 813 689 876 specuque
712 800 773 857 eius
795 798 888 872 dicto,
912 816 996 877 quern
1019 799 1114 858 locum

121 880 445 958 (lesclitonappellant,
462 881 620 981 produntur
636 881 794 959 Arimaspi,
812 898 885 959 quos
901 880 1021 941 diximus
1029 881 1156 967 ,ιιιιιιξξξ

121 965 236 1023 oculo
227 982 255 1022 ιιι
269 963 365 1022 fronte
380 963 504 1022 media
493 966 640 1041 insignes,
664 964 766 1043 quibus
787 965 906 1025 adsidue
923 956 1030 1035 bellum
1046 984 1113 1025 esse

121 1050 197 1106 circa
212 1047 327 1107 metalla
339 1064 402 1105 cnm
411 1048 529 1125 grypis,
545 1048 670 1107 ferarum
682 1048 794 1107 volucri
805 1065 916 1125 genere
929 1049 1013 1127 quale
1024 1050 1113 1127 volgo

83 1131 238 1189 rotradtmr
254 1139 372 1190 eruente
390 1148 429 1189 ex
443 1131 581 1190 cuniculis
598 1149 711 1206 aurum,
735 1132 803 1190 mira
825 1134 979 1210 cupiditate
1000 1140 1028 1190 et
1043 1133 1113 1191 ieris

120 1214 346 1274 custodientibus
370 1222 400 1272 et
418 1212 578 1292 Arimaspis
599 1214 795 1291 rapientibus,
817 1216 896 1275 multi
913 1216 966 1275 sed
983 1232 1113 1275 maxume

119 1298 253 1357 inlustres
268 1296 432 1356 llerodotus
446 1305 477 1355 et
491 1297 621 1357 Aristeas
636 1298 847 1357 Proconnesius
863 1298 998 1358 scribunt.
1023 1316 1111 1378 super
1122 1312 1153 1363 11

119 1382 194 1442 allos
217 1391 310 1441 autem
336 1380 600 1459 Anthropophagos
629 1382 753 1457 Scythas
775 1384 802 1440 in
830 1384 949 1461 quadam
979 1383 1112 1443 convalle

119 1478 221 1542 magna
242 1463 329 1524 lutati
353 1467 457 1523 montis
474 1467 557 1541 regio
578 1475 623 1524 est
648 1482 721 1543 quae
742 1476 862 1525 vocatur
884 1465 1058 1541 Abarimon,
1085 1468 1114 1525 in

84 1566 111 1606 aa
122 1566 179 1626 qna
193 1549 344 1607 siluestres
357 1550 456 1607 vivont
466 1548 596 1608 homines
611 1551 722 1608 aversis
734 1558 800 1627 post
815 1566 898 1609 crura
913 1550 1034 1627 plantis,
1052 1549 1113 1609 exi·
1224 1585 1227 1594 ι

120 1634 195 1692 miae
217 1632 397 1707 velocitatis,
428 1633 533 1710 passim
557 1649 620 1691 cum
643 1632 714 1692 feris
735 1642 884 1709 vagantes.
929 1634 982 1691 hos
1003 1635 1033 1691 in
1057 1634 1114 1692 alio

119 1734 178 1776 non
198 1718 312 1794 spirare
333 1716 417 1776 caelo
439 1717 564 1794 ideoque
587 1717 622 1775 ad
646 1717 778 1775 linitimos
802 1732 890 1793 reges
910 1732 968 1775 non
985 1716 1112 1794 pertrahi

120 1818 216 1879 neque
237 1800 272 1859 ad
292 1800 487 1859 Alexandrum
509 1798 641 1876 llagnnrn
663 1808 827 1879 pertractos
846 1798 957 1859 Baeton
981 1802 1113 1859 itinerum

121 1886 183 1944 eius
211 1900 326 1943 mensor
348 1882 482 1961 prodidit.
526 1886 640 1963 priores
665 1882 945 1961 Anthropophagos,
973 1900 1047 1961 quos
1074 1882 1154 1944 edla

82 1988 112 2028 ao
121 1968 348 2045 septentrionem
375 1984 441 2025 esse
466 1967 604 2040 diximus,
633 1966 736 2026 decem
762 1967 871 2025 dierum
898 1968 1001 2026 itinere
1024 1981 1134 2044 suprao

120 2051 320 2126 borysthenen
333 2068 443 2110 amnem
459 2049 573 2109 ossibus
588 2050 771 2108 humanorum
787 2052 909 2126 capitum
924 2050 1025 2109 bibere
1043 2051 1112 2108 cuti·

121 2136 233 2213 busque
251 2152 314 2193 cum
331 2132 438 2211 capillo
455 2149 509 2210 pro
525 2132 695 2192 mantelibus
709 2141 774 2191 ante
791 2140 912 2210 pectora
926 2134 965 2191 uti
981 2131 1113 2209 Isigonus

120 2217 300 2278 Nicaeensis.
325 2217 401 2276 idern
415 2218 444 2273 in
459 2214 580 2274 Albania
597 2217 677 2292 gigni
692 2214 829 2293 quosdam
844 2214 949 2291 glauca
965 2216 1113 2274 oculorum

121 2303 186 2361 acie
199 2320 215 2360 a
229 2301 350 2379 pueritia
364 2300 456 2358 statim
472 2314 560 2357 canos
572 2301 620 2376 qui
635 2307 721 2359 noctu
735 2300 800 2377 plus
816 2316 898 2376 quam
914 2298 1034 2358 interdiu
1050 2314 1112 2357 cer·

83 2394 197 2444 sanant
228 2387 303 2443 idem
317 2383 420 2443 itinere
438 2382 548 2464 dicrum
563 2394 630 2441 xm
646 2400 732 2461 supra
747 2380 946 2459 Borysthenen
962 2382 1113 2442 Sauroma-

121 2479 166 2527 tas
181 2469 266 2526 tertio
286 2468 333 2526 die
350 2466 443 2527 cibum
459 2460 564 2545 capere
582 2482 707 2545 semper
751 2464 854 2527 Grates
870 2465 1090 2543 Pergamenus
1081 2480 1110 2524 ιιι
1120 2473 1154 2527 13

121 2546 312 2629 llellesponto
328 2552 405 2610 circa
416 2549 525 2610 Parium
536 2568 627 2627 genus
640 2551 783 2609 hominurn
790 2543 900 2624 luisse,
919 2564 993 2627 quos
1005 2548 1112 2628 Ophio-

121 2652 213 2712 genes
224 2642 326 2709 vocat,
345 2636 522 2711 serpentium
532 2636 606 2693 ictus
619 2642 752 2694 contactu
764 2634 865 2693 levare
876 2634 979 2693 solitos
990 2642 1020 2693 et
1030 2650 1113 2693 mann

49 2764 66 2796 ,
121 2720 245 2795 inposita
264 2735 376 2778 venena
400 2718 553 2777 extrahere
578 2720 703 2796 corpori.
749 2718 842 2776 Varro
867 2718 1019 2775 etiamnum
1045 2734 1113 2776 esse

56 2817 232 2880 capsaces
252 2800 291 2859 ibi
307 2818 427 2879 qnorum
446 2802 555 2861 salivae
572 2812 672 2861 contra
692 2802 766 2860 ictus
787 2801 962 2877 serpentium
979 2800 1112 2859 medean·
1194 2844 1201 2869 ,
1265 2810 1266 2817 ’

121 2896 176 2945 tur.
206 2884 305 2944 similis
319 2893 353 2943 'et
365 2886 395 2942 in
410 2882 510 2943 Ahica
524 2883 684 2959 Psyllorum
698 2901 772 2961 gens
789 2884 858 2957 init,
879 2891 909 2941 ut
925 2881 1112 2959 Agatharchi·
1121 2888 1155 2944 14

120 2970 175 3029 des
189 2968 307 3042 scribit,
331 2967 461 3042 al’syllo
478 2984 551 3043 rege
571 2969 661 3041 dicta,
688 2968 768 3027 cuius
786 2965 969 3045 sepulchrum
990 2966 1018 3023 in
1030 2974 1113 3042 parte

121 3054 247 3127 Syrtium
269 3052 406 3110 maiorum
430 3060 485 3110 est.
529 3051 629 3109 horum
651 3052 767 3129 corpori
790 3051 944 3127 ingenitum
965 3049 1016 3108 fuit
1035 3050 1113 3107 virus

122 3136 241 3195 exitiale
262 3134 444 3213 serpentibus
466 3142 497 3193 et
518 3135 599 3193 cuius
614 3134 706 3193 odore
724 3135 854 3212 sopirent
873 3150 934 3193 eas.
963 3148 1026 3191 mos
1041 3146 1113 3191 vero

81 3218 234 3279 aolibsros
253 3221 367 3296 genitos
387 3218 518 3295 protinus
537 3217 681 3276 obiciendi
702 3218 877 3277 saevissimis
899 3234 995 3277 earnm
1016 3232 1112 3293 eoque

121 3319 233 3381 genere
255 3302 420 3382 pudicitiam
440 3303 592 3378 coniugam
611 3301 780 3379 experiendi
805 3317 862 3360 non
884 3299 1112 3379 profugientibus

120 3386 284 3447 adulterino
300 3387 438 3463 sanguine
456 3394 539 3445 natos
555 3384 748 3463 serpentibus.
793 3386 865 3445 haec
879 3402 952 3460 gens
970 3386 1033 3461 ipsa
1051 3384 1111 3460 qui·
1220 3438 1222 3447 .

121 3471 188 3531 dem
203 3486 296 3549 prope
316 3469 504 3529 internicione
525 3468 635 3529 sublata
652 3477 696 3528 est
717 3466 955 3607 allasamonillmp
975 3470 1024 3545 qui
1039 3482 1114 3526 nuno
