2542 3842
354 195 434 242 nnn.
452 194 542 244 aisn.
559 192 728 247 xeos-w
747 185 899 263 (83-87.)
1062 186 1119 247 153

126 350 213 422 coitu,
230 349 342 409 dicitur.
373 366 410 407 ex
425 365 479 410 una
495 349 609 425 genitos
627 362 697 409 cxx
712 350 904 425 tradiderunt,
927 353 1000 429 apud
1017 351 1121 411 Persas
1193 375 1198 386 ·

125 449 195 492 vero
211 435 240 493 in
255 434 439 511 praegnantis
456 441 557 493 ventre
569 435 707 512 parientis
721 444 864 514 repertas.
882 444 911 493 et
926 436 994 494 salis
1006 444 1129 513 gustatu-

125 516 187 577 lteri
203 512 388 594 praegnantis
404 518 564 593 opinantur.
596 518 694 595 itaque
712 519 817 577 desinit
829 520 927 576 mirum
944 537 1011 577 esse
1027 519 1101 578 unde
1114 528 1165 583 186

22 643 31 653 .
124 602 167 659 vis
186 610 262 660 tante
279 601 382 661 messis
398 600 556 678 populetur
570 604 688 661 murium
710 603 876 679 agrestium,
892 602 1034 679 inquibus
1052 602 1121 661 illud

101 699 242 762 equoque
256 682 348 743 adbuc
364 684 444 758 latet,
467 701 589 761 quonam
603 685 688 744 modo
701 685 754 744 illa
768 686 917 749 multitudo
936 691 1057 763 repentc'
1072 703 1121 745 oc·

13 782 14 787 ’
125 769 210 827 oidat.
246 784 309 827 num
329 786 385 827 nec
406 769 553 827 exanimes
575 770 758 847 reperiuntur
774 769 870 846 neque
888 777 983 828 exstat
1000 772 1047 847 qni
1062 788 1120 828 mu·

124 870 184 911 rem
202 851 296 911 bieme
319 853 435 933 iqagro
453 852 595 911 effoderit.
630 854 751 930 plurumi
769 855 807 913 ita
830 853 865 911 ad
881 852 993 911 Troada
1015 867 1121 931 prove-

124 937 213 1009 niunt,
230 944 259 994 et
277 937 331 998 iam
346 936 412 995 inde
429 935 601 1011 fugaverunt
614 936 736 996 incolas.
768 942 926 1014 proventus
950 952 1050 994 eorum
1065 938 1121 995 sic·

126 1018 267 1077 citatibus.
299 1020 413 1081 tradunt
428 1022 512 1078 etiam
535 1019 654 1097 obituris
673 1021 859 1079 vermiculum
879 1023 906 1078 in
923 1021 1018 1097 capite
1032 1021 1120 1097 gigni.

13 1114 14 1119 ¹
91 1117 115 1157 ιο
125 1102 253 1180 Aegypti
273 1102 398 1161 muribus
420 1102 506 1163 durus
527 1104 601 1181 pilus
624 1105 699 1162 sicut
715 1105 866 1162 irenaceis.
895 1102 982 1163 iidem
999 1102 1122 1181 bipedes
1145 1151 1147 1157 Α

125 1185 269 1245 ambulant
285 1204 340 1255 ceu
361 1185 459 1264 Alpini
483 1203 608 1264 qnoque.
643 1185 713 1245 Cum
734 1187 847 1259 diversi,
865 1188 982 1263 generis
1006 1187 1105 1248 coiere
1114 1195 1164 1250 187

125 1270 266 1344 animalia,
278 1271 316 1329 ita
328 1270 439 1329 demum
454 1280 605 1345 generunt,
620 1272 645 1329 si
659 1279 772 1348 tempus
786 1272 923 1331 nascendi
937 1288 990 1348 par
1004 1270 1120 1329 habent.

126 1352 339 1430 Quadripedum
362 1370 417 1412 ova
434 1356 609 1429 gignentium
630 1354 754 1413 lacertas
771 1370 824 1413 ore
840 1372 962 1431 parere⁷
983 1364 1014 1412 ut
1025 1354 1121 1412 credi·

125 1446 169 1495 tur
184 1436 285 1513 vulgo,
301 1437 478 1497 Aristoteles
493 1447 588 1514 negat.
606 1456 702 1515 neque
719 1438 853 1507 incubant
869 1438 999 1512 eaedem,
1012 1437 1122 1496 oblitae

90 1534 115 1573 to
128 1538 184 1597 quo
208 1523 263 1580 sint
277 1522 305 1579 in
322 1521 389 1580 loco
403 1522 516 1596 enixae,
534 1524 667 1599 quoniam
684 1522 749 1581 lrnic
762 1521 875 1581 animali
885 1522 962 1580 nulla
974 1522 1121 1580 memoria.

39 1602 45 1620 ⁴
125 1607 220 1683 itaque
236 1622 290 1682 per
309 1622 340 1663 se
358 1604 444 1663 catuli
453 1592 620 1685 erumpunt.

188 1688 238 1751 66.
258 1686 341 1765 (86.)
358 1688 491 1765 Anguem
508 1700 545 1748 ex
563 1690 688 1749 medulla
702 1689 825 1747 hormnis
845 1690 946 1766 spinae
961 1691 1040 1765 gigni
1058 1697 1165 1751 stc-'188

125 1774 244 1850 cipimus
267 1789 283 1829 a
306 1772 410 1833 multis.
441 1773 583 1851 pleraque
611 1775 685 1832 enim
705 1773 820 1831 occulta
842 1782 872 1831 et
898 1772 1122 1847 caecoorigine

124 1856 305 1933 proveniunt,
322 1858 406 1916 etiam
420 1858 449 1915 in
462 1856 668 1935 quadripedum
685 1874 814 1934 genere,
832 1856 882 1917 67.
898 1858 970 1914 sicut
983 1856 1122 1915 salaman·
1167 1856 1174 1864 ‘

90 1940 205 2011 audine,
226 1939 328 1999 animal
343 1939 471 1999 lacertae
488 1940 589 2017 figura,
605 1941 759 2012 stellatum,
775 1956 927 2016 numquam
943 1940 997 1997 nisi
1008 1941 1119 2014 magnis

125 2022 260 2081 imbribus
276 2025 450 2098 proveniens
467 2033 496 2081 ct
512 2025 669 2083 serenitate
683 2024 829 2081 desinens.
856 2022 922 2080 haic
934 2030 1027 2081 tentus
1043 2023 1123 2097 rigor

126 2114 154 2163 ut
169 2107 266 2181 ignem
282 2114 359 2164 tactu
374 2106 539 2181 exstinguat
551 2122 607 2164 non
622 2106 682 2164 alio
696 2106 782 2164 modo
794 2122 878 2182 qaam
895 2104 1016 2180 glacies.
1046 2105 1121 2163 eius·

126 2188 190 2247 dem
206 2189 296 2260 sanie,
313 2206 386 2264 quae
398 2187 493 2247 lactea
508 2205 559 2247 ore
574 2190 707 2263 vomitur,
727 2205 905 2267 quacumque
921 2196 1003 2264 parte
1019 2204 1122 2265 corpo·

125 2272 164 2331 ris
182 2272 294 2331 humani
311 2281 443 2331 contacta
456 2274 509 2331 toti
525 2272 652 2332 deiluunt
673 2273 741 2349 pili,
760 2273 848 2350 idque
864 2271 941 2349 quod
960 2280 1124 2330 contactum

90 2376 116 2415 ru
127 2364 171 2413 est
187 2356 316 2415 colorem
331 2356 360 2413 in
375 2356 543 2431 vitiliginem
557 2365 654 2416 mutat.
1205 2405 1209 2418 ,

189 2437 237 2501 68.
256 2436 338 2516 (87.)
356 2438 502 2511 Quaedam
515 2458 587 2517 ergo
602 2442 756 2517 gignuntur
771 2456 877 2499 ennon
887 2440 992 2517 genitis
1003 2446 1033 2496 et
1043 2438 1107 2496 sine
1115 2448 1166 2502 189

126 2523 183 2583 ulla
201 2522 283 2583 simili
298 2524 421 2599 origine,
437 2532 467 2583 ut
483 2543 569 2603 supra
585 2525 661 2585 dictu
676 2534 707 2584 et
721 2542 918 2602 quaecumque
933 2540 986 2583 ver
1005 2528 1119 2581 statum·
1129 2542 1165 2573 aas

126 2625 181 2683 qne
197 2616 311 2684 tempus
332 2608 396 2667 anni
415 2619 547 2684 generet.
579 2628 616 2669 ex
630 2609 674 2669 his
697 2608 836 2687 quaedam
859 2606 929 2665 nihil
950 2609 1070 2683 gignunt
1091 2612 1143 2663 ut·

126 2690 339 2766 salamandraeq
355 2708 450 2769 neque
464 2703 508 2753 est
526 2696 553 2752 in
568 2694 611 2752 lnis
628 2712 721 2769 genas
737 2690 893 2751 masculum
909 2690 1121 2762 femininumve‚

90 2775 201 2837 rusicut
222 2792 316 2851 oeque
338 2776 366 2835 in
390 2776 524 2852 anguillis
551 2777 740 2854 omnibusque
764 2793 838 2852 quae
864 2790 919 2833 nec
941 2773 1043 2831 animal
1067 2790 1123 2831 nec

127 2874 211 2915 ovom
222 2866 372 2933 generant.
395 2869 524 2919 nentrum
534 2870 578 2927 est
591 2869 619 2919 et
635 2861 741 2919 ostreis
756 2874 848 2935 genus
857 2867 888 2916 ot
900 2856 1008 2916 ceteris
1019 2856 1123 2915 adbae-

126 2940 253 3000 rentibus
271 2943 345 3002 vado
361 2942 409 3001 vel
425 2959 507 3001 saxo.
536 2942 617 3015 Quae
638 2953 732 3003 antem
752 2960 808 3019 per
821 2958 855 2999 se
869 2948 1054 3017 generantur,
1069 2941 1103 2997 si
1116 2946 1166 3001 190

108 3038 111 3045 ·
125 3026 153 3085 in
168 3027 255 3088 maris
273 3036 302 3087 et
317 3026 437 3085 laminas
452 3026 597 3104 descripta
614 3036 693 3101 sunt,
715 3034 858 3103 generant
879 3024 994 3102 quidem
1016 3021 1123 3099 aliquid

128 3112 215 3185 coitu,
233 3110 286 3170 sed
308 3108 497 3187 inperfectum
518 3124 552 3169 ac
568 3110 708 3171 dissimile
724 3119 753 3169 et
773 3128 811 3168 en
828 3125 884 3186 qno
908 3106 978 3167 nibil
1001 3106 1124 3182 amplius

93 3193 272 3269 aeglgnatur‚
288 3202 318 3253 nt
332 3194 505 3258 vermiculos
527 3210 653 3253 muscae.
683 3193 711 3252 id
731 3194 824 3269 magis
845 3192 1004 3252 declaravit
1023 3198 1122 3248 natura

117 3292 226 3336 ¹eorum
244 3294 318 3354 qnae
333 3278 442 3337 insecta
460 3278 606 3352 dicuntur,
629 3277 735 3337 arduae
751 3276 964 3355 explanationis
984 3273 1076 3333 omnia
1095 3280 1124 3331 et

128 3360 262 3438 privatim
277 3360 372 3421 dicato
396 3378 488 3439 opere
509 3362 658 3421 narranda.
689 3358 1025 3439 quapropteringenium
1038 3371 1122 3433 prae·

129 3440 266 3505 dictorum
282 3454 311 3505 et
327 3446 438 3523 reliqna
451 3446 622 3507 subtexetur
636 3445 830 3505 edissertatic.
