2542 3842
1135 27 1205 34 bhv.

342 100 435 199 ,m
451 150 542 198 uisu.
554 150 601 198 xr.
622 137 909 214 lit-18.(16-19.)
1077 136 1136 197 tot

135 307 312 388 lictoresque
328 302 440 367 adsidui
457 304 595 365 custodes
612 304 800 363 auctoritatis.
836 301 973 381 p'rocedit
986 303 1066 363 iores
1078 317 1136 364 non
1146 313 1181 368 st

134 390 188 456 nisi
208 395 364 471 migraturo
388 391 529 449 examine.
568 386 596 447 id
616 388 705 447 multo
726 386 908 463 intellegitur
922 394 1005 463 ante,
1028 389 1138 466 aliquot

135 480 237 541 diebus
253 492 396 537 murmure
412 476 487 532 intus
504 480 671 550 strepente,
694 471 849 550 adparatus
864 471 959 530 indice
975 471 1050 531 diem
1065 482 1135 533 tem·

134 565 280 643 pestivom
297 558 474 657 el'qgentium.
511 558 536 617 si
558 557 621 635 quis
645 556 718 616 alam
743 557 771 615 ei
786 556 954 628 detruncet,
974 569 1031 616 non
1044 556 1138 634 rugam
1204 560 1207 568 “

112 664 266 709 aeramen.
304 662 367 703 curn
392 658 585 725 processere,
607 658 641 699 se
664 652 798 718 quaeque
817 647 985 719 pronomem
999 641 1043 701 illi
1059 643 1138 719 capit

135 750 202 791 esse
225 738 254 789 et
269 730 298 789 in
313 727 411 787 officio
428 726 559 804 conspici
575 724 691 802 gaudet.
727 724 837 783 fessum
851 724 957 783 umeris
973 725 1136 802 sublevant,

44 833 47 842 ¹
134 812 256 873 validius
271 812 421 889 fatigatum
437 830 475 869 ex
492 818 554 869 toto
570 818 696 887 portant.
731 807 757 868 si
771 825 827 887 qna
841 809 951 868 lassata
966 808 1077 869 deiecit
1090 818 1139 873 atat

134 898 210 958 lorte
227 894 389 970 aberravit,
407 894 498 955 odore
513 894 709 973 persequitur.
739 892 914 971 ubicumque
928 891 979 952 ille
995 895 1136 971 consedit,

134 980 174 1042 ibi
190 988 355 1041 cunctarum
372 986 466 1039 castra
482 986 556 1037 sunt.
574 1024 577 1033 .
865 1014 869 1020 ,
1127 1041 1131 1044 Α

101 1078 126 1121 ro
199 1062 272 1145 (18)
294 1062 374 1125 Tunc
391 1071 505 1123 ostenta
521 1062 628 1121 faciunt
645 1062 756 1141 privata
768 1075 804 1121 aa
818 1059 945 1140 publica,
962 1060 1179 1139 suadem-55

134 1147 220 1208 dente
233 1150 260 1207 in
275 1146 407 1209 domibus
419 1145 603 1224 templisque,
616 1163 707 1224 saepe
723 1146 840 1223 expiata
854 1146 964 1221 magnis
974 1146 1136 1206 eventibus.

134 1233 241 1293 sedere
263 1233 291 1291 in
314 1250 366 1291 ore
387 1230 502 1291 iniantis
527 1240 585 1289 turn
610 1231 695 1289 etiam
710 1228 854 1303 Platonis,
876 1231 1044 1289 suavitatem
1057 1228 1138 1290 illata

134 1316 299 1395 praedulcis
324 1316 422 1393 eloqui
439 1314 656 1395 portendentes.
694 1312 801 1373 sedere
822 1315 851 1372 in
867 1315 970 1372 castris
985 1313 1074 1373 Drusi
1086 1316 1136 1374 inr-

135 1400 296 1481 peratoris,
319 1418 382 1460 eum
407 1400 604 1481 prosperrime
625 1406 780 1477 pugnaturn
795 1397 871 1476 apud
887 1396 1064 1458 Arbalonem
1079 1406 1140 1474 est,

100 1492 125 1535 it
135 1482 203 1545 baut
220 1502 362 1563 quaquam
380 1493 523 1565 perpetua
538 1484 722 1562 haruspicum
738 1482 920 1557 coniectura,
939 1483 988 1560 qui
1002 1483 1093 1542 dirum
1106 1482 1136 1542 itl

135 1576 278 1628 ostentum
296 1569 461 1631 existimant
477 1586 602 1647 semper.
633 1566 717 1627 Duce
733 1577 842 1644 prenso
856 1574 946 1625 toturn
960 1574 1180 1645 tenetaraffl

133 1670 216 1728 men,
240 1654 345 1713 amisso
366 1652 501 1713 dilabitur
519 1653 681 1730 migratque
704 1650 740 1712 ad
761 1650 845 1710 alios.
879 1652 1061 1730 essentiane
1075 1653 1137 1711 sine

134 1755 206 1813 rege
224 1756 281 1796 non
297 1746 427 1814 possunt.
461 1736 565 1796 invitae
580 1738 675 1796 aurem
688 1732 861 1795 interemunt
876 1749 945 1811 eos,
962 1749 1026 1795 curn
1038 1736 1137 1815 plures

133 1821 227 1897 fuere,
246 1822 400 1901 potiusque
416 1822 594 1882 nascentium
609 1820 712 1881 domos
728 1819 856 1895 diruunt,
873 1820 897 1878 si
914 1826 1072 1898 proventus
1086 1820 1137 1880 da·

97 1914 277 1981 asperatur.
312 1914 378 1965 tunc
395 1914 424 1965 et
445 1906 529 1965 lucos
554 1905 680 1983 abigunt.
712 1917 881 1983 quamquam
898 1911 929 1964 et
948 1902 986 1964 de
1001 1906 1036 1963 iis
1049 1905 1180 1965 ridebat

135 1987 257 2047 dubitari
271 1990 476 2066 propriumque
493 1990 528 2047 lis
543 2006 636 2065 genus
648 2003 717 2047 csse
734 1988 849 2065 aliquos
864 1989 1048 2063 existimare,
1065 1990 1141 2048 sicat
1225 2027 1231 2072 q

134 2068 262 2145 iuribus,
281 2070 479 2147 grandissimis
502 2070 677 2146 interillos,
702 2070 753 2130 sed
767 2072 863 2147 nigris
872 2070 988 2149 lataque
1003 2070 1082 2147 alvo,
1099 2074 1139 2132 ita

121 2152 300 2230 appellatis,
318 2156 383 2232 quia
400 2154 495 2214 lurtim
507 2155 650 2214 devorent
663 2154 759 2214 mella.
795 2163 904 2213 eertum
920 2164 965 2213 est
982 2155 1018 2214 ab
1034 2155 1138 2235 apibus

130 2236 218 2295 ineos
229 2234 360 2297 interfici.
391 2240 489 2317 utique
505 2256 606 2316 regem
620 2255 678 2297 non
689 2238 805 2298 babent.
831 2254 926 2317 aequo
937 2238 1024 2298 modo
1035 2241 1060 2298 si
1076 2240 1138 2299 aine

96 2320 124 2376 a's
134 2320 238 2380 aculeo
255 2328 409 2381 nascantur
420 2324 448 2381 in
460 2323 630 2401 quaestione
647 2330 701 2381 est.
731 2317 835 2383 llmido
847 2338 919 2382 vere
929 2323 1034 2382 melior
1049 2323 1180 2399 tonsu

133 2406 215 2465 sicco
231 2403 288 2464 mel
305 2408 464 2484 copiosius.
495 2407 570 2485 quod
589 2408 613 2466 si
630 2406 728 2466 delicit
743 2408 854 2487 aliquas
873 2406 955 2467 aluos
971 2406 1069 2483 cibus,
1086 2409 1137 2467 ins

133 2498 232 2568 petum
248 2490 275 2548 in
292 2508 446 2568 proxumas
462 2492 570 2551 iaciunt
585 2492 704 2569 rapinae
720 2493 882 2571 proposito.
899 2498 942 2551 ⁴at
956 2490 1025 2551 illae
1038 2498 1139 2551 coam
1253 2567 1254 2574 ἵ

133 2572 259 2651 dirigunt
281 2576 382 2635 aciem.
416 2586 445 2636 et
461 2576 485 2636 si
501 2584 599 2636 custos
616 2576 705 2649 adsit,
729 2576 868 2655 altemtra
883 2592 970 2653 pars,
992 2574 1139 2655 quaesibi
1252 2611 1253 2638 1

132 2655 235 2717 lavere
251 2662 360 2735 sensit,
376 2678 433 2734 non
448 2654 558 2739 adpetit
573 2677 647 2719 eum.
679 2658 724 2719 llx
740 2656 805 2719 aliis
821 2673 938 2739 qaoque
953 2672 1044 2741 saepe
1058 2660 1138 2720 diari-
1251 2671 1252 2692 ¹

98 2747 200 2797 aucant
227 2743 338 2818 causis,
369 2744 497 2821 duasque
518 2745 598 2803 acies
621 2745 780 2804 contrarias
805 2744 863 2803 dno
885 2744 1077 2821 imperatores
1096 2745 1138 2803 itt·
1171 2772 1177 2781 ·
1249 2745 1251 2832 ,¹

135 2832 263 2899 struunt,
281 2844 412 2886 maxume
428 2829 490 2887 rixa
507 2828 535 2885 ln
552 2826 750 2887 convehendis
766 2826 887 2887 iloribas
905 2834 1007 2888 exona
1023 2838 1054 2888 et
1067 2840 1138 2888 sats
1248 2848 1249 2897 l

135 2904 299 2986 quibusque
327 2910 531 2989 evocantibus,
557 2924 631 2988 quae
653 2912 800 2971 dimicatio
819 2912 926 2971 iniectu
946 2906 1076 2990 pulveris
1090 2919 1138 2973 ant
1246 2935 1248 2968 t

134 2988 212 3052 tomo
227 3000 288 3053 tota
304 2993 464 3054 discutitur.
489 2994 694 3055 reconciliatur
709 3010 781 3054 vero
797 2994 873 3055 laete
885 2995 934 3054 vel
945 3012 1019 3074 aqua
1034 2996 1136 3056 mulsa.
1244 2981 1247 3092 ,⁴

199 3072 246 3135 18.
271 3076 355 3155 (19.)
380 3076 460 3157 Apes
476 3087 540 3138 sunt
557 3085 586 3137 et
605 3080 732 3158 rusticae
753 3078 983 3157 silvestresque,
1002 3079 1180 3145 nomitaets
1232 3099 1245 3158 -l

99 3154 291 3237 asadspectu,
309 3161 399 3223 multo
415 3162 631 3238 iracundiores,
648 3163 701 3223 sed
713 3177 805 3241 opere
819 3172 855 3223 ao
871 3160 972 3224 labore
986 3171 1138 3242 praestatr-
1242 3164 1244 3222 l

133 3248 188 3299 tes.
220 3243 391 3305 urbanarum
402 3246 459 3307 duo
475 3264 601 3325 genera:
626 3246 879 3326 optumaebreves
893 3249 1051 3327 ranaeque
1066 3248 1138 3307 etin
1241 3233 1243 3286 l

133 3326 337 3388 rotunditatem
354 3330 549 3411 conpactiles,
566 3331 730 3391 deteriores
746 3330 853 3409 longae
873 3340 904 3391 et
919 3326 1022 3409 quibus
1039 3331 1136 3391 simili·
1229 3366 1233 3373 ·

133 3410 201 3471 tudo
218 3416 551 3492 vesparum,‚etiamnum
567 3409 740 3477 deterrimae
753 3426 791 3475 ax
805 3415 840 3475 iis
850 3416 979 3496 pilosae:
1002 3415 1034 3475 ln
1044 3410 1136 3476 Ponto
