2542 3842
322 196 402 243 nno.
419 192 510 241 urar.
529 194 563 240 x.
578 190 700 245 ss-aa.
716 182 868 258 (ai-27.)
1039 178 1097 241 129

97 355 183 414 etiam
198 352 307 431 patrias
325 348 519 423 nobilitarunt,
550 347 683 408 Rhodum
698 356 747 407 aut
759 346 929 424 Tanagram,
943 381 984 392 —
995 364 1098 408 secuu-

98 439 150 499 (lus
162 446 208 497 est
219 436 313 496 honos
324 434 438 493 habitus
446 432 560 493 lleliois
572 441 602 492 at
614 429 801 508 Chalcidicis,
809 464 851 478 -
859 441 889 491 ut
899 432 984 510 plane
993 430 1111 509 ilignae

97 522 157 582 aliti
173 530 281 581 tantuna
300 518 419 579 lionoris
439 516 581 596 praebeat
595 516 725 576 Romana
738 532 875 595 purpura.
913 514 1020 575 lloruru
1034 524 1142 581 suntet

87 605 218 685 ,tripudiu
239 601 396 677 solistima,
419 602 448 661 hi
463 602 646 679 magistratus
665 609 782 661 nostros
807 599 914 661 cotidie
930 608 1035 678 regunt
1049 601 1100 660 slo-

71 706 216 767 omusque
233 688 305 767 ipsis
319 704 386 747 suas
407 686 543 747 claudunt
558 694 606 745 aut
626 694 769 745 reserant.
792 685 824 745 hi
842 683 933 744 iascis
951 682 1120 761 llomanos

95 774 237 853 inpellunt
251 780 298 831 aut
314 772 450 846 retinent,
462 770 562 830 iubent
577 771 656 829 acies
674 778 722 830 aut
734 768 900 849 prohioeut,
913 768 1100 829 victoriarum

96 860 220 918 omnium
240 865 303 915 toto
325 854 399 915 orba
422 864 567 934 partarum
588 855 734 933 auspices.
750 854 780 913 hi
804 870 937 914 maxume
959 861 1100 915 terrarum

96 942 218 1020 imperio
240 942 397 1019 imperant,
430 940 505 999 extis
534 940 618 999 etiam
643 938 782 1019 liltrisque
811 938 879 998 lraot
903 936 988 999 aliter
1015 954 1100 1018 quam

97 1027 210 1105 opimae
226 1026 368 1084 victoriae
383 1024 427 1084 alis
442 1024 526 1100 grati.
550 1022 658 1083 liabent
673 1031 787 1083 ostenta
803 1031 833 1081 et
848 1022 1034 1103 praeposteri
1049 1039 1099 1080 eo·

63 1128 158 1173 aarum
180 1110 397 1188 vespertinique
423 1116 532 1167 cantus.
568 1124 691 1187 namque
717 1107 786 1167 totis
808 1106 942 1166 noctibus
968 1106 1099 1165 canendo

98 1195 228 1254 Boeotiis
244 1192 371 1252 nobilem
387 1192 464 1252 illam
476 1192 615 1251 adversus
631 1190 877 1254 Lacedaemonios
890 1190 1100 1272 praesagivere

97 1280 258 1353 notoriam,
271 1278 310 1337 ita
326 1276 459 1336 coniecta
475 1276 726 1355 interpretatione,
740 1276 874 1355 quoniam
884 1275 961 1333 victa
976 1274 1038 1333 ales
1051 1274 1100 1333 illa

98 1380 155 1424 non
171 1370 299 1421 caneret.

163 1445 247 1525 (25.)
271 1444 411 1505 Desinunt
426 1460 532 1503 cauere
552 1444 686 1518 castrati,
709 1443 787 1523 quoii
810 1442 922 1503 duobus
944 1442 975 1501 iit
990 1442 1143 1505 modiszso

64 1546 88 1588 iu
99 1530 201 1592 lumbis
219 1530 327 1589 adustis
351 1528 492 1589 candente
508 1528 588 1587 ierro
606 1536 655 1587 aut
670 1527 733 1587 imis
751 1526 893 1604 cruribus,
915 1542 984 1589 mox
999 1526 1100 1585 ul‘cere

99 1615 189 1676 oblito
203 1614 302 1691 iiglina
317 1622 407 1673 creta.
423 1611 536 1672 facilius
549 1614 587 1671 ita
603 1612 805 1691 pinguescunt.
820 1612 955 1689 Pergami
971 1611 1101 1671 omnibus

99 1700 178 1759 annis
195 1698 395 1777 spectaculum
410 1697 555 1775 gallorum
578 1694 696 1775 publice
716 1697 810 1757 editur
827 1713 881 1755 cea
898 1694 1099 1773 gladiatorum.

98 1784 243 1843 Invenitur
263 1784 292 1841 in
306 1782 460 1842 annalibus
473 1782 502 1840 iu
519 1796 591 1857 agro
607 1780 782 1841 Ariminensi
803 1778 841 1839 oi.
860 1778 970 1863 lepido
989 1778 1025 1854 Q.
1045 1777 1099 1839 Ca·

98 1868 159 1928 tulo
179 1884 256 1927 coss.
275 1868 304 1925 in
325 1866 396 1927 uilla
415 1862 511 1926 Galeri
533 1864 660 1925 locutum
674 1864 879 1944 gallinaceum,
903 1863 1006 1944 semel,
1023 1862 1101 1943 qood

62 1952 351 2032 nequiiemsciam.
656 1967 658 1972 ’
773 1988 781 1995 -
959 1958 963 1966 ’

161 2034 211 2093 22.
230 2032 314 2112 (26.)
337 2032 375 2093 Et
391 2032 485 2092 anseri
500 2032 571 2109 vigil
588 2049 657 2091 cura
672 2029 818 2109 Capitolio
843 2038 949 2089 testata
965 2029 1098 2105 defenso,
1109 2040 1143 2093 ol

100 2136 153 2199 per
176 2118 204 2177 id
219 2127 333 2197 tempus
346 2133 457 2175 ‘canum
479 2115 595 2175 silentio
611 2115 734 2193 proditis
749 2114 856 2189 rebus,
879 2130 964 2197 qnam
980 2113 1019 2173 ob
1035 2131 1101 2173 can·

99 2220 160 2264 sam
176 2200 284 2260 cibaria
299 2218 434 2260 anserum
451 2215 590 2261 censores
606 2201 748 2277 inprimis
764 2198 871 2260 locant.
901 2198 969 2279 quin
983 2205 1013 2256 et
1027 2197 1102 2256 tama

99 2286 204 2348 amoris
221 2284 314 2362 'Aegii
339 2283 446 2344 dilecta
467 2282 559 2343 iorma
582 2284 667 2362 pueri
684 2285 799 2346 nomine
820 2282 905 2344 Oleri
928 2288 956 2346 et
977 2278 1102 2343 Glauces

64 2396 90 2439 25
100 2371 267 2432 Ptolemaeo
279 2369 343 2447 regi
356 2368 465 2429 cithara
481 2369 609 2427 canentis
624 2384 708 2445 quam
720 2370 824 2429 eodem
838 2378 970 2452 tempore
983 2376 1012 2427 et
1023 2365 1102 2428 aries

101 2472 214 2516 amasse
229 2452 370 2533 proditur.
402 2460 502 2533 potest
524 2460 553 2511 et
574 2454 733 2533 sapientiae
754 2454 847 2513 videri
869 2452 1035 2513 intellectus
1056 2452 1101 2511 liis

101 2556 178 2599 esse.
208 2538 248 2597 ita
266 2554 366 2599 comes
383 2546 528 2619 perpetuo
544 2534 713 2597 adhaesisse
721 2536 828 2615 Lacydi
843 2536 1018 2616 philosopho
1030 2535 1099 2597 dici-

101 2633 162 2700 tur,
185 2639 324 2703 nusqum
349 2620 385 2683 ab
406 2638 460 2697 eo,
482 2638 539 2681 non
560 2622 588 2679 in
602 2622 742 2701 publico,
764 2640 821 2681 non
836 2623 865 2681 in
880 2620 1020 2697 balineis,
1044 2639 1101 2681 uon

100 2716 200 2781 noctu,
216 2724 274 2765 non
291 2705 415 2767 interdiu
430 2706 589 2785 digressus.

65 2810 92 2853 ao
166 2788 250 2870 (27.)
273 2790 371 2850 Nostri
388 2790 579 2868 sapientiores
594 2791 642 2867 qui
654 2806 707 2849 eos
719 2790 825 2849 iecoris
840 2788 971 2851 bonitate.
981 2806 1099 2852 novere.
1109 2802 1144 2855 52

101 2873 244 2934 fartilibus
260 2874 289 2934 in
302 2890 432 2949 magnam
444 2873 657 2953 amplitudinem
669 2874 791 2949 crescit,
803 2880 966 2953 exemptum
984 2890 1102 2954 quoquc

92 2960 177 3027 ,lacte
190 2958 283 3018 mulso
297 2965 427 3035 augetur.
444 2976 500 3017 uec
514 2958 575 3016 sine
589 2974 676 3017 eausa
687 2960 715 3017 in
727 2958 898 3035 quaestione
911 2966 956 3017 est
967 2958 1030 3037 quis
1040 2968 1100 3018 tan·

101 3052 159 3103 tum
175 3042 280 3103 bonurn
295 3042 453 3118 invenerit,
470 3042 608 3121 Scipione
625 3038 761 3101 liletellus
774 3041 819 3101 vir
834 3041 995 3104 consularis
1011 3060 1046 3103 an
1062 3038 1100 3103 ii.

103 3128 188 3187 Seius
207 3127 307 3187 eadem
325 3131 421 3185 aetate
434 3142 525 3205 eques
539 3122 694 3185 Romanus.
716 3124 779 3202 sed,
797 3125 874 3205 quod
886 3134 1008 3202 constat,
1024 3124 1101 3187 lies-

66 3234 94 3276 35
105 3209 211 3269 salinus
229 3208 325 3284 Cotta,
349 3206 494 3270 llessalae
510 3211 633 3269 oratoris
650 3210 735 3286 iilius,
752 3209 861 3289 palmae
878 3210 983 3291 pedum
1000 3229 1037 3270 ex
1058 3210 1102 3269 his

105 3293 226 3353 sorbere
243 3301 328 3372 atque
344 3294 447 3372 patinis
464 3310 526 3353 oum
548 3294 775 3371 gallinaceorum
797 3295 891 3354 cristis
917 3292 1035 3354 condire
1055 3311 1101 3354 re-

105 3378 190 3458 perit.
207 3378 348 3438 tribuetur
363 3379 437 3437 enirn
455 3396 471 3438 a
491 3396 536 3439 me
553 3378 654 3439 culinis
676 3380 815 3457 cuiusque
833 3377 926 3460 palma
950 3396 1012 3437 curn
1034 3378 1101 3439 fide.

105 3462 206 3523 iliram
223 3462 252 3521 iu
273 3462 327 3522 ltac
345 3462 412 3523 alite
434 3460 583 3523 alliorinis
599 3481 691 3542 usque
708 3462 827 3523 Romam
850 3462 974 3541 pedibus
989 3465 1098 3524 venire.
1109 3472 1144 3527 53

148 3564 216 3605 acin.
232 3567 293 3608 aar.
308 3566 377 3607 arar.
391 3552 424 3606 11.
920 3546 940 3607 9
