<?xml version="1.0" encoding="UTF-8"?>
<!DOCTYPE html PUBLIC "-//W3C//DTD XHTML 1.0 Transitional//EN"
    "http://www.w3.org/TR/xhtml1/DTD/xhtml1-transitional.dtd">
<html xmlns="http://www.w3.org/1999/xhtml" xml:lang="en" lang="en">
 <head>
  <title>
</title>
<meta http-equiv="Content-Type" content="text/html;charset=utf-8" />
  <meta name='ocr-system' content='tesseract 3.04.00' />
  <meta name='ocr-capabilities' content='ocr_page ocr_carea ocr_par ocr_line ocrx_word'/>
</head>
<body>
  <div class='ocr_page' id='page_1' title='image "./cplinisecundina25plingoog_0094.png"; bbox 0 0 2542 3842; ppageno 0'>
   <div class='ocr_carea' id='block_1_1' title="bbox 155 158 921 255">
    <p class='ocr_par' dir='ltr' id='par_1_1' title="bbox 155 158 921 255">
     <span class='ocr_line' id='line_1_1' title="bbox 155 158 921 255; baseline -0.001 -2"><span class='ocrx_word' id='word_1_1' title='bbox 155 193 195 255; x_wconf 86' lang='grc'><strong>61)</strong></span> <span class='ocrx_word' id='word_1_2' title='bbox 520 200 551 250; x_wconf 89' lang='grc'><strong>6.</strong></span> <span class='ocrx_word' id='word_1_3' title='bbox 568 158 664 249; x_wconf 72' lang='lat' dir='ltr'><strong>aaran</strong></span> <span class='ocrx_word' id='word_1_4' title='bbox 680 199 829 248; x_wconf 82' lang='lat' dir='ltr'><strong>suenum</strong></span> <span class='ocrx_word' id='word_1_5' title='bbox 914 247 921 252; x_wconf 80' lang='grc'><strong>,</strong></span> 
     </span>
    </p>
   </div>
   <div class='ocr_carea' id='block_1_2' title="bbox 83 349 1187 3480">
    <p class='ocr_par' dir='ltr' id='par_1_2' title="bbox 157 349 1151 499">
     <span class='ocr_line' id='line_1_2' title="bbox 158 349 1151 441; baseline -0.005 -25"><span class='ocrx_word' id='word_1_6' title='bbox 158 358 205 416; x_wconf 89' lang='grc'><strong>17.</strong></span> <span class='ocrx_word' id='word_1_7' title='bbox 224 352 440 441; x_wconf 82' lang='lat' dir='ltr'>leucophorum.</span> <span class='ocrx_word' id='word_1_8' title='bbox 468 353 740 415; x_wconf 76' lang='grc'><strong>18166661661666.</strong></span> <span class='ocrx_word' id='word_1_9' title='bbox 768 349 972 412; x_wconf 78' lang='grc'><strong>1911611666.</strong></span> <span class='ocrx_word' id='word_1_10' title='bbox 990 350 1151 411; x_wconf 81' lang='lat' dir='ltr'><strong>medicinae</strong></span> 
     </span>
     <span class='ocr_line' id='line_1_3' title="bbox 157 433 1151 499; baseline -0.005 0"><span class='ocrx_word' id='word_1_11' title='bbox 157 458 195 499; x_wconf 92' lang='lat' dir='ltr'><strong>ex</strong></span> <span class='ocrx_word' id='word_1_12' title='bbox 212 438 307 499; x_wconf 92' lang='grc'><strong>6671.</strong></span> <span class='ocrx_word' id='word_1_13' title='bbox 327 454 454 497; x_wconf 81' lang='lat' dir='ltr'><strong>cerussa.</strong></span> <span class='ocrx_word' id='word_1_14' title='bbox 477 436 527 497; x_wconf 86' lang='grc'><strong>29.</strong></span> <span class='ocrx_word' id='word_1_15' title='bbox 544 446 616 497; x_wconf 91' lang='grc'><strong>6616.</strong></span> <span class='ocrx_word' id='word_1_16' title='bbox 641 436 690 494; x_wconf 91' lang='grc'><strong>21.</strong></span> <span class='ocrx_word' id='word_1_17' title='bbox 704 434 818 494; x_wconf 79' lang='lat' dir='ltr'><strong>Eretria</strong></span> <span class='ocrx_word' id='word_1_18' title='bbox 833 442 920 493; x_wconf 92' lang='lat' dir='ltr'><strong>terra.</strong></span> <span class='ocrx_word' id='word_1_19' title='bbox 936 433 1096 493; x_wconf 80' lang='lat' dir='ltr'><strong>medicinae</strong></span> <span class='ocrx_word' id='word_1_20' title='bbox 1113 451 1151 493; x_wconf 86' lang='lat' dir='ltr'><strong>ex</strong></span> 
     </span>
    </p>

    <p class='ocr_par' dir='ltr' id='par_1_3' title="bbox 83 514 1187 1749">
     <span class='ocr_line' id='line_1_4' title="bbox 83 514 1150 592; baseline -0.007 -11"><span class='ocrx_word' id='word_1_21' title='bbox 83 526 85 537; x_wconf 91' lang='lat'>&#39;</span> <span class='ocrx_word' id='word_1_22' title='bbox 157 540 191 583; x_wconf 91' lang='grc'><strong>66</strong></span> <span class='ocrx_word' id='word_1_23' title='bbox 206 520 255 580; x_wconf 94' lang='grc'><strong>71.</strong></span> <span class='ocrx_word' id='word_1_24' title='bbox 285 518 335 579; x_wconf 93' lang='grc'><strong>22.</strong></span> <span class='ocrx_word' id='word_1_25' title='bbox 354 520 522 579; x_wconf 88' lang='lat' dir='ltr'><strong>sandaraca.</strong></span> <span class='ocrx_word' id='word_1_26' title='bbox 554 519 603 579; x_wconf 92' lang='grc'><strong>23.</strong></span> <span class='ocrx_word' id='word_1_27' title='bbox 622 517 742 592; x_wconf 76' lang='lat' dir='ltr'><strong>sandyx.</strong></span> <span class='ocrx_word' id='word_1_28' title='bbox 768 516 818 575; x_wconf 93' lang='grc'><strong>24.</strong></span> <span class='ocrx_word' id='word_1_29' title='bbox 841 516 981 589; x_wconf 78' lang='lat' dir='ltr'><strong>Syricum.</strong></span> <span class='ocrx_word' id='word_1_30' title='bbox 1009 514 1059 574; x_wconf 93' lang='grc'><strong>25.</strong></span> <span class='ocrx_word' id='word_1_31' title='bbox 1076 525 1150 577; x_wconf 89' lang='grc'><strong>6166-</strong></span> 
     </span>
     <span class='ocr_line' id='line_1_5' title="bbox 153 596 1149 680; baseline -0.008 -17"><span class='ocrx_word' id='word_1_32' title='bbox 153 612 288 663; x_wconf 92' lang='lat' dir='ltr'><strong>mentum.</strong></span> <span class='ocrx_word' id='word_1_33' title='bbox 306 602 356 663; x_wconf 89' lang='grc'><strong>26.</strong></span> <span class='ocrx_word' id='word_1_34' title='bbox 370 602 575 680; x_wconf 82' lang='lat' dir='ltr'><strong>purpurissum.</strong></span> <span class='ocrx_word' id='word_1_35' title='bbox 593 600 642 659; x_wconf 89' lang='grc'><strong>27.</strong></span> <span class='ocrx_word' id='word_1_36' title='bbox 655 600 791 659; x_wconf 84' lang='lat' dir='ltr'><strong>lodicum.</strong></span> <span class='ocrx_word' id='word_1_37' title='bbox 810 599 970 658; x_wconf 83' lang='lat' dir='ltr'><strong>medicinae</strong></span> <span class='ocrx_word' id='word_1_38' title='bbox 987 615 1024 656; x_wconf 92' lang='lat' dir='ltr'><strong>ex</strong></span> <span class='ocrx_word' id='word_1_39' title='bbox 1037 596 1149 658; x_wconf 91' lang='grc'><strong>661111.</strong></span> 
     </span>
     <span class='ocr_line' id='line_1_6' title="bbox 155 681 1176 759; baseline -0.007 -13"><span class='ocrx_word' id='word_1_40' title='bbox 155 686 205 746; x_wconf 90' lang='grc'><strong>28.</strong></span> <span class='ocrx_word' id='word_1_41' title='bbox 221 686 394 745; x_wconf 82' lang='lat' dir='ltr'><strong>Armenium.</strong></span> <span class='ocrx_word' id='word_1_42' title='bbox 411 684 551 743; x_wconf 89' lang='lat' dir='ltr'><strong>medicina</strong></span> <span class='ocrx_word' id='word_1_43' title='bbox 569 700 607 740; x_wconf 90' lang='lat' dir='ltr'><strong>ex</strong></span> <span class='ocrx_word' id='word_1_44' title='bbox 622 699 659 740; x_wconf 94' lang='lat' dir='ltr'><strong>eo</strong></span> <span class='ocrx_word' id='word_1_45' title='bbox 674 682 697 756; x_wconf 96' lang='lat' dir='ltr'><strong>l,</strong></span> <span class='ocrx_word' id='word_1_46' title='bbox 726 681 775 741; x_wconf 88' lang='grc'><strong>29.</strong></span> <span class='ocrx_word' id='word_1_47' title='bbox 792 681 884 740; x_wconf 86' lang='lat' dir='ltr'><strong>viride</strong></span> <span class='ocrx_word' id='word_1_48' title='bbox 899 682 1070 759; x_wconf 82' lang='lat' dir='ltr'><strong>Appianum.</strong></span> <span class='ocrx_word' id='word_1_49' title='bbox 1099 681 1176 740; x_wconf 79' lang='grc'><strong>3111</strong></span> 
     </span>
     <span class='ocr_line' id='line_1_7' title="bbox 156 762 1150 853; baseline -0.008 -24"><span class='ocrx_word' id='word_1_50' title='bbox 156 762 305 853; x_wconf 77' lang='lat' dir='ltr'><strong>anulare]-</strong></span> <span class='ocrx_word' id='word_1_51' title='bbox 337 768 409 844; x_wconf 83' lang='lat'>(31)</span> <span class='ocrx_word' id='word_1_52' title='bbox 428 764 482 837; x_wconf 82' lang='lat' dir='ltr'><strong>Qui</strong></span> <span class='ocrx_word' id='word_1_53' title='bbox 503 764 621 824; x_wconf 89' lang='lat' dir='ltr'><strong>colores</strong></span> <span class='ocrx_word' id='word_1_54' title='bbox 637 764 693 822; x_wconf 94' lang='lat' dir='ltr'><strong>udo</strong></span> <span class='ocrx_word' id='word_1_55' title='bbox 709 780 766 823; x_wconf 90' lang='lat' dir='ltr'><strong>nou</strong></span> <span class='ocrx_word' id='word_1_56' title='bbox 782 764 958 822; x_wconf 90' lang='lat' dir='ltr'><strong>inducantur.</strong></span> <span class='ocrx_word' id='word_1_57' title='bbox 992 763 1063 842; x_wconf 88' lang='grc'><strong>(32)</strong></span> <span class='ocrx_word' id='word_1_58' title='bbox 1081 763 1150 835; x_wconf 79' lang='lat' dir='ltr'><strong>oui·</strong></span> 
     </span>
     <span class='ocr_line' id='line_1_8' title="bbox 155 845 1151 924; baseline -0.003 -14"><span class='ocrx_word' id='word_1_59' title='bbox 155 850 209 910; x_wconf 95' lang='lat' dir='ltr'><strong>bus</strong></span> <span class='ocrx_word' id='word_1_60' title='bbox 225 850 371 910; x_wconf 91' lang='lat' dir='ltr'><strong>coloribus</strong></span> <span class='ocrx_word' id='word_1_61' title='bbox 384 847 490 924; x_wconf 80' lang='lat' dir='ltr'><strong>antiqui</strong></span> <span class='ocrx_word' id='word_1_62' title='bbox 506 847 659 923; x_wconf 84' lang='lat' dir='ltr'><strong>pinxerint.</strong></span> <span class='ocrx_word' id='word_1_63' title='bbox 689 845 760 924; x_wconf 87' lang='grc'><strong>(33)</strong></span> <span class='ocrx_word' id='word_1_64' title='bbox 774 845 895 917; x_wconf 79' lang='lat' dir='ltr'><strong>Quando</strong></span> <span class='ocrx_word' id='word_1_65' title='bbox 911 848 1029 923; x_wconf 92' lang='lat' dir='ltr'><strong>primum</strong></span> <span class='ocrx_word' id='word_1_66' title='bbox 1041 845 1151 923; x_wconf 83' lang='lat' dir='ltr'><strong>gladia·</strong></span> 
     </span>
     <span class='ocr_line' id='line_1_9' title="bbox 154 926 1151 1010; baseline -0.006 -17"><span class='ocrx_word' id='word_1_67' title='bbox 154 943 245 993; x_wconf 91' lang='lat' dir='ltr'><strong>torum</strong></span> <span class='ocrx_word' id='word_1_68' title='bbox 258 949 371 1010; x_wconf 82' lang='lat' dir='ltr'><strong>pugnae</strong></span> <span class='ocrx_word' id='word_1_69' title='bbox 388 931 483 1006; x_wconf 91' lang='lat' dir='ltr'><strong>pictae</strong></span> <span class='ocrx_word' id='word_1_70' title='bbox 497 938 526 988; x_wconf 92' lang='lat' dir='ltr'><strong>et</strong></span> <span class='ocrx_word' id='word_1_71' title='bbox 542 928 712 1006; x_wconf 92' lang='lat' dir='ltr'><strong>propositae</strong></span> <span class='ocrx_word' id='word_1_72' title='bbox 728 929 792 988; x_wconf 91' lang='lat' dir='ltr'><strong>sint.</strong></span> <span class='ocrx_word' id='word_1_73' title='bbox 822 926 976 1005; x_wconf 70' lang='lat'>(34-41)</span> <span class='ocrx_word' id='word_1_74' title='bbox 990 927 1034 987; x_wconf 83' lang='lat' dir='ltr'><strong>lle</strong></span> <span class='ocrx_word' id='word_1_75' title='bbox 1054 938 1151 988; x_wconf 90' lang='lat' dir='ltr'><strong>aetate</strong></span> 
     </span>
     <span class='ocr_line' id='line_1_10' title="bbox 155 1008 1152 1095; baseline -0.005 -21"><span class='ocrx_word' id='word_1_76' title='bbox 155 1017 294 1095; x_wconf 89' lang='lat' dir='ltr'><strong>picturae.</strong></span> <span class='ocrx_word' id='word_1_77' title='bbox 323 1028 443 1090; x_wconf 89' lang='lat' dir='ltr'><strong>operum</strong></span> <span class='ocrx_word' id='word_1_78' title='bbox 460 1019 489 1069; x_wconf 88' lang='lat' dir='ltr'><strong>et</strong></span> <span class='ocrx_word' id='word_1_79' title='bbox 504 1011 645 1070; x_wconf 86' lang='lat' dir='ltr'><strong>artificum</strong></span> <span class='ocrx_word' id='word_1_80' title='bbox 660 1011 689 1069; x_wconf 91' lang='lat' dir='ltr'><strong>iu</strong></span> <span class='ocrx_word' id='word_1_81' title='bbox 704 1012 815 1088; x_wconf 90' lang='lat' dir='ltr'><strong>pictura</strong></span> <span class='ocrx_word' id='word_1_82' title='bbox 835 1009 1001 1069; x_wconf 89' lang='lat' dir='ltr'><strong>nobilitates</strong></span> <span class='ocrx_word' id='word_1_83' title='bbox 1023 1008 1152 1070; x_wconf 79' lang='lat' dir='ltr'>CCGCV</span> 
     </span>
     <span class='ocr_line' id='line_1_11' title="bbox 155 1092 1187 1181; baseline -0.006 -24"><span class='ocrx_word' id='word_1_84' title='bbox 155 1095 227 1181; x_wconf 85' lang='grc'><strong>(35.</strong></span> <span class='ocrx_word' id='word_1_85' title='bbox 247 1097 376 1173; x_wconf 85' lang='lat' dir='ltr'><strong>picturae</strong></span> <span class='ocrx_word' id='word_1_86' title='bbox 399 1094 519 1172; x_wconf 90' lang='lat' dir='ltr'><strong>primum</strong></span> <span class='ocrx_word' id='word_1_87' title='bbox 541 1096 696 1153; x_wconf 82' lang='lat' dir='ltr'><strong>certamen.</strong></span> <span class='ocrx_word' id='word_1_88' title='bbox 728 1093 778 1154; x_wconf 87' lang='grc'><strong>36.</strong></span> <span class='ocrx_word' id='word_1_89' title='bbox 795 1092 845 1153; x_wconf 88' lang='grc'><strong>37.</strong></span> <span class='ocrx_word' id='word_1_90' title='bbox 863 1094 910 1173; x_wconf 88' lang='lat' dir='ltr'><strong>qui</strong></span> <span class='ocrx_word' id='word_1_91' title='bbox 934 1093 1073 1170; x_wconf 90' lang='lat' dir='ltr'><strong>penicillo</strong></span> <span class='ocrx_word' id='word_1_92' title='bbox 1088 1095 1187 1171; x_wconf 81' lang='lat' dir='ltr'><strong>pin-1⁰</strong></span> 
     </span>
     <span class='ocr_line' id='line_1_12' title="bbox 155 1175 1151 1255; baseline -0.005 -16"><span class='ocrx_word' id='word_1_93' title='bbox 155 1181 257 1239; x_wconf 90' lang='lat' dir='ltr'><strong>xeriut.</strong></span> <span class='ocrx_word' id='word_1_94' title='bbox 288 1175 338 1239; x_wconf 89' lang='grc'><strong>38.</strong></span> <span class='ocrx_word' id='word_1_95' title='bbox 356 1176 392 1236; x_wconf 91' lang='grc'><strong>66</strong></span> <span class='ocrx_word' id='word_1_96' title='bbox 415 1177 507 1236; x_wconf 86' lang='lat' dir='ltr'><strong>avium</strong></span> <span class='ocrx_word' id='word_1_97' title='bbox 530 1185 613 1236; x_wconf 89' lang='lat' dir='ltr'><strong>cantu</strong></span> <span class='ocrx_word' id='word_1_98' title='bbox 639 1177 856 1253; x_wconf 88' lang='lat' dir='ltr'><strong>conpescendo.</strong></span> <span class='ocrx_word' id='word_1_99' title='bbox 889 1176 939 1236; x_wconf 91' lang='grc'><strong>39.</strong></span> <span class='ocrx_word' id='word_1_100' title='bbox 957 1175 1008 1235; x_wconf 86' lang='grc'><strong>46.</strong></span> <span class='ocrx_word' id='word_1_101' title='bbox 1032 1178 1083 1235; x_wconf 89' lang='grc'><strong>41.</strong></span> <span class='ocrx_word' id='word_1_102' title='bbox 1102 1177 1151 1255; x_wconf 87' lang='lat' dir='ltr'><strong>qui</strong></span> 
     </span>
     <span class='ocr_line' id='line_1_13' title="bbox 156 1258 1150 1337; baseline -0.005 -15"><span class='ocrx_word' id='word_1_103' title='bbox 156 1269 294 1322; x_wconf 90' lang='lat' dir='ltr'><strong>encausto</strong></span> <span class='ocrx_word' id='word_1_104' title='bbox 310 1268 357 1320; x_wconf 91' lang='lat' dir='ltr'><strong>aut</strong></span> <span class='ocrx_word' id='word_1_105' title='bbox 375 1260 451 1319; x_wconf 91' lang='lat' dir='ltr'><strong>ceris</strong></span> <span class='ocrx_word' id='word_1_106' title='bbox 465 1259 514 1319; x_wconf 86' lang='lat' dir='ltr'><strong>vel</strong></span> <span class='ocrx_word' id='word_1_107' title='bbox 543 1268 640 1327; x_wconf 88' lang='lat' dir='ltr'><strong>cestro</strong></span> <span class='ocrx_word' id='word_1_108' title='bbox 663 1258 712 1318; x_wconf 87' lang='lat' dir='ltr'><strong>vel</strong></span> <span class='ocrx_word' id='word_1_109' title='bbox 737 1259 874 1336; x_wconf 89' lang='lat' dir='ltr'><strong>penicillo</strong></span> <span class='ocrx_word' id='word_1_110' title='bbox 891 1259 1045 1336; x_wconf 82' lang='lat' dir='ltr'><strong>pinxerint.</strong></span> <span class='ocrx_word' id='word_1_111' title='bbox 1075 1277 1150 1337; x_wconf 89' lang='lat' dir='ltr'><strong>quae</strong></span> 
     </span>
     <span class='ocr_line' id='line_1_14' title="bbox 156 1339 1149 1423; baseline -0.007 -18"><span class='ocrx_word' id='word_1_112' title='bbox 156 1346 219 1423; x_wconf 86' lang='lat' dir='ltr'><strong>quis</strong></span> <span class='ocrx_word' id='word_1_113' title='bbox 236 1344 341 1422; x_wconf 90' lang='lat' dir='ltr'><strong>primus</strong></span> <span class='ocrx_word' id='word_1_114' title='bbox 356 1342 497 1402; x_wconf 88' lang='lat' dir='ltr'><strong>invenerit</strong></span> <span class='ocrx_word' id='word_1_115' title='bbox 512 1344 539 1401; x_wconf 95' lang='lat' dir='ltr'><strong>in</strong></span> <span class='ocrx_word' id='word_1_116' title='bbox 557 1344 676 1419; x_wconf 89' lang='lat' dir='ltr'><strong>pictura.</strong></span> <span class='ocrx_word' id='word_1_117' title='bbox 694 1341 761 1419; x_wconf 91' lang='lat' dir='ltr'><strong>quid</strong></span> <span class='ocrx_word' id='word_1_118' title='bbox 778 1339 974 1401; x_wconf 84' lang='lat' dir='ltr'><strong>difficillimum</strong></span> <span class='ocrx_word' id='word_1_119' title='bbox 986 1342 1015 1401; x_wconf 89' lang='lat' dir='ltr'><strong>in</strong></span> <span class='ocrx_word' id='word_1_120' title='bbox 1029 1342 1149 1418; x_wconf 90' lang='lat' dir='ltr'><strong>pictura.</strong></span> 
     </span>
     <span class='ocr_line' id='line_1_15' title="bbox 155 1423 1150 1502; baseline -0.004 -16"><span class='ocrx_word' id='word_1_121' title='bbox 155 1427 192 1486; x_wconf 93' lang='lat' dir='ltr'><strong>de</strong></span> <span class='ocrx_word' id='word_1_122' title='bbox 204 1424 360 1502; x_wconf 83' lang='lat' dir='ltr'><strong>generibus</strong></span> <span class='ocrx_word' id='word_1_123' title='bbox 373 1425 512 1501; x_wconf 90' lang='lat' dir='ltr'><strong>picturae.</strong></span> <span class='ocrx_word' id='word_1_124' title='bbox 529 1425 593 1502; x_wconf 89' lang='lat' dir='ltr'><strong>quis</strong></span> <span class='ocrx_word' id='word_1_125' title='bbox 608 1426 715 1501; x_wconf 91' lang='lat' dir='ltr'><strong>primus</strong></span> <span class='ocrx_word' id='word_1_126' title='bbox 727 1424 871 1482; x_wconf 87' lang='lat' dir='ltr'><strong>lacunaria</strong></span> <span class='ocrx_word' id='word_1_127' title='bbox 882 1423 1017 1499; x_wconf 84' lang='lat' dir='ltr'><strong>pinxerit,</strong></span> <span class='ocrx_word' id='word_1_128' title='bbox 1034 1424 1150 1501; x_wconf 87' lang='lat' dir='ltr'><strong>quando</strong></span> 
     </span>
     <span class='ocr_line' id='line_1_16' title="bbox 155 1504 1186 1586; baseline -0.008 -20"><span class='ocrx_word' id='word_1_129' title='bbox 155 1510 274 1586; x_wconf 91' lang='lat' dir='ltr'><strong>primum</strong></span> <span class='ocrx_word' id='word_1_130' title='bbox 297 1522 427 1565; x_wconf 89' lang='lat' dir='ltr'><strong>camarae</strong></span> <span class='ocrx_word' id='word_1_131' title='bbox 444 1506 550 1583; x_wconf 89' lang='lat' dir='ltr'><strong>pictae.</strong></span> <span class='ocrx_word' id='word_1_132' title='bbox 576 1508 670 1582; x_wconf 88' lang='lat' dir='ltr'><strong>pretia</strong></span> <span class='ocrx_word' id='word_1_133' title='bbox 687 1504 826 1565; x_wconf 91' lang='lat' dir='ltr'><strong>mirabilia</strong></span> <span class='ocrx_word' id='word_1_134' title='bbox 842 1506 1025 1582; x_wconf 87' lang='lat' dir='ltr'><strong>picturarum.</strong></span> <span class='ocrx_word' id='word_1_135' title='bbox 1056 1506 1093 1565; x_wconf 97' lang='lat' dir='ltr'><strong>de</strong></span> <span class='ocrx_word' id='word_1_136' title='bbox 1107 1515 1148 1565; x_wconf 93' lang='lat' dir='ltr'><strong>ta·</strong></span> <span class='ocrx_word' id='word_1_137' title='bbox 1161 1519 1186 1559; x_wconf 76' lang='lat'><strong>15</strong></span> 
     </span>
     <span class='ocr_line' id='line_1_17' title="bbox 156 1585 1151 1673; baseline -0.004 -23"><span class='ocrx_word' id='word_1_138' title='bbox 156 1585 267 1673; x_wconf 84' lang='lat' dir='ltr'><strong>lento).</strong></span> <span class='ocrx_word' id='word_1_139' title='bbox 299 1588 370 1666; x_wconf 90' lang='grc'><strong>(43)</strong></span> <span class='ocrx_word' id='word_1_140' title='bbox 388 1588 528 1647; x_wconf 90' lang='lat' dir='ltr'><strong>Plastices</strong></span> <span class='ocrx_word' id='word_1_141' title='bbox 545 1588 626 1665; x_wconf 89' lang='lat' dir='ltr'><strong>primi</strong></span> <span class='ocrx_word' id='word_1_142' title='bbox 650 1588 825 1646; x_wconf 79' lang='lat' dir='ltr'><strong>inventores.</strong></span> <span class='ocrx_word' id='word_1_143' title='bbox 857 1587 930 1666; x_wconf 89' lang='grc'><strong>(44)</strong></span> <span class='ocrx_word' id='word_1_144' title='bbox 957 1588 1021 1666; x_wconf 88' lang='lat' dir='ltr'><strong>quis</strong></span> <span class='ocrx_word' id='word_1_145' title='bbox 1042 1589 1151 1665; x_wconf 92' lang='lat' dir='ltr'><strong>primus</strong></span> 
     </span>
     <span class='ocr_line' id='line_1_18' title="bbox 157 1669 1151 1749; baseline -0.003 -18"><span class='ocrx_word' id='word_1_146' title='bbox 157 1691 194 1731; x_wconf 89' lang='lat' dir='ltr'><strong>ex</strong></span> <span class='ocrx_word' id='word_1_147' title='bbox 209 1672 289 1746; x_wconf 88' lang='lat' dir='ltr'><strong>iacie</strong></span> <span class='ocrx_word' id='word_1_148' title='bbox 301 1680 329 1730; x_wconf 92' lang='lat' dir='ltr'><strong>et</strong></span> <span class='ocrx_word' id='word_1_149' title='bbox 346 1671 382 1728; x_wconf 92' lang='lat' dir='ltr'><strong>de</strong></span> <span class='ocrx_word' id='word_1_150' title='bbox 399 1671 488 1746; x_wconf 82' lang='lat' dir='ltr'><strong>signis</strong></span> <span class='ocrx_word' id='word_1_151' title='bbox 503 1672 655 1747; x_wconf 80' lang='lat' dir='ltr'><strong>imaginem</strong></span> <span class='ocrx_word' id='word_1_152' title='bbox 670 1670 860 1747; x_wconf 85' lang='lat' dir='ltr'><strong>expresserit.</strong></span> <span class='ocrx_word' id='word_1_153' title='bbox 894 1670 967 1749; x_wconf 87' lang='grc'><strong>(45)</strong></span> <span class='ocrx_word' id='word_1_154' title='bbox 983 1669 1151 1730; x_wconf 88' lang='lat' dir='ltr'><strong>nobilitates</strong></span> 
     </span>
    </p>

    <p class='ocr_par' dir='ltr' id='par_1_4' title="bbox 90 1751 1185 3048">
     <span class='ocr_line' id='line_1_19' title="bbox 90 1751 1150 1831; baseline -0.003 -17"><span class='ocrx_word' id='word_1_155' title='bbox 90 1778 93 1787; x_wconf 51' lang='lat'><em>¹</em></span> <span class='ocrx_word' id='word_1_156' title='bbox 156 1754 294 1815; x_wconf 85' lang='lat' dir='ltr'><strong>artificum</strong></span> <span class='ocrx_word' id='word_1_157' title='bbox 317 1753 346 1810; x_wconf 90' lang='lat' dir='ltr'><strong>in</strong></span> <span class='ocrx_word' id='word_1_158' title='bbox 369 1752 491 1829; x_wconf 92' lang='lat' dir='ltr'><strong>plastice</strong></span> <span class='ocrx_word' id='word_1_159' title='bbox 508 1752 598 1814; x_wconf 90' lang='lat' dir='ltr'><strong>Xllll.</strong></span> <span class='ocrx_word' id='word_1_160' title='bbox 634 1753 705 1831; x_wconf 91' lang='grc'><strong>(46)</strong></span> <span class='ocrx_word' id='word_1_161' title='bbox 724 1751 769 1810; x_wconf 90' lang='lat' dir='ltr'><strong>De</strong></span> <span class='ocrx_word' id='word_1_162' title='bbox 791 1752 897 1828; x_wconf 82' lang='lat' dir='ltr'><strong>figlinis</strong></span> <span class='ocrx_word' id='word_1_163' title='bbox 913 1753 1061 1830; x_wconf 92' lang='lat' dir='ltr'><strong>operibus.</strong></span> <span class='ocrx_word' id='word_1_164' title='bbox 1094 1753 1150 1829; x_wconf 90' lang='grc'><strong>(47</strong></span> 
     </span>
     <span class='ocr_line' id='line_1_20' title="bbox 157 1830 1160 1919; baseline -0.002 -24"><span class='ocrx_word' id='word_1_165' title='bbox 157 1836 254 1914; x_wconf 85' lang='grc'><strong>-58)</strong></span> <span class='ocrx_word' id='word_1_166' title='bbox 273 1833 383 1894; x_wconf 84' lang='lat' dir='ltr'><strong>Terrae</strong></span> <span class='ocrx_word' id='word_1_167' title='bbox 400 1836 556 1895; x_wconf 83' lang='lat' dir='ltr'><strong>varietates</strong></span> <span class='ocrx_word' id='word_1_168' title='bbox 577 1830 636 1919; x_wconf 82' lang='lat' dir='ltr'><strong>(de</strong></span> <span class='ocrx_word' id='word_1_169' title='bbox 653 1836 774 1913; x_wconf 88' lang='lat' dir='ltr'><strong>pulvere</strong></span> <span class='ocrx_word' id='word_1_170' title='bbox 791 1834 950 1895; x_wconf 90' lang='lat' dir='ltr'><strong>Puteolano</strong></span> <span class='ocrx_word' id='word_1_171' title='bbox 967 1844 996 1895; x_wconf 92' lang='lat' dir='ltr'><strong>et</strong></span> <span class='ocrx_word' id='word_1_172' title='bbox 1011 1836 1075 1895; x_wconf 90' lang='lat' dir='ltr'><strong>aliis</strong></span> <span class='ocrx_word' id='word_1_173' title='bbox 1091 1834 1160 1894; x_wconf 90' lang='lat' dir='ltr'><strong>ter·&#39;</strong></span> 
     </span>
     <span class='ocr_line' id='line_1_21' title="bbox 156 1916 1185 1996; baseline -0.003 -19"><span class='ocrx_word' id='word_1_174' title='bbox 156 1936 206 1979; x_wconf 92' lang='lat' dir='ltr'><strong>rae</strong></span> <span class='ocrx_word' id='word_1_175' title='bbox 224 1916 380 1995; x_wconf 84' lang='lat' dir='ltr'><strong>generibus</strong></span> <span class='ocrx_word' id='word_1_176' title='bbox 396 1935 469 1994; x_wconf 90' lang='lat' dir='ltr'><strong>quae</strong></span> <span class='ocrx_word' id='word_1_177' title='bbox 492 1918 520 1974; x_wconf 95' lang='lat' dir='ltr'><strong>in</strong></span> <span class='ocrx_word' id='word_1_178' title='bbox 542 1917 669 1995; x_wconf 86' lang='lat' dir='ltr'><strong>lapidem</strong></span> <span class='ocrx_word' id='word_1_179' title='bbox 683 1926 839 1985; x_wconf 87' lang='lat' dir='ltr'><strong>vertuntur.</strong></span> <span class='ocrx_word' id='word_1_180' title='bbox 868 1917 918 1977; x_wconf 89' lang='grc'><strong>48.</strong></span> <span class='ocrx_word' id='word_1_181' title='bbox 936 1918 972 1977; x_wconf 88' lang='grc'><strong>66</strong></span> <span class='ocrx_word' id='word_1_182' title='bbox 991 1917 1148 1996; x_wconf 90' lang='lat' dir='ltr'><strong>parietibus</strong></span> <span class='ocrx_word' id='word_1_183' title='bbox 1158 1936 1185 1975; x_wconf 79' lang='lat' dir='ltr'><strong>ao</strong></span> 
     </span>
     <span class='ocr_line' id='line_1_22' title="bbox 156 1999 1150 2077; baseline 0 -18"><span class='ocrx_word' id='word_1_184' title='bbox 156 2001 322 2073; x_wconf 74' lang='lat' dir='ltr'><strong>formaceis,</strong></span> <span class='ocrx_word' id='word_1_185' title='bbox 351 1999 401 2059; x_wconf 88' lang='grc'><strong>49.</strong></span> <span class='ocrx_word' id='word_1_186' title='bbox 427 2000 463 2059; x_wconf 89' lang='grc'><strong>66</strong></span> <span class='ocrx_word' id='word_1_187' title='bbox 486 1999 622 2059; x_wconf 88' lang='grc'><strong>1616616116</strong></span> <span class='ocrx_word' id='word_1_188' title='bbox 644 2000 730 2060; x_wconf 91' lang='grc'><strong>6166</strong></span> <span class='ocrx_word' id='word_1_189' title='bbox 756 1999 876 2077; x_wconf 86' lang='lat' dir='ltr'><strong>laterum</strong></span> <span class='ocrx_word' id='word_1_190' title='bbox 891 2002 1012 2059; x_wconf 90' lang='lat' dir='ltr'><strong>ratione.</strong></span> <span class='ocrx_word' id='word_1_191' title='bbox 1046 2001 1095 2059; x_wconf 87' lang='lat'><strong>50.</strong></span> <span class='ocrx_word' id='word_1_192' title='bbox 1113 2000 1150 2059; x_wconf 91' lang='lat' dir='ltr'><strong>de</strong></span> 
     </span>
     <span class='ocr_line' id='line_1_23' title="bbox 157 2078 1150 2161; baseline -0.002 -20"><span class='ocrx_word' id='word_1_193' title='bbox 157 2082 274 2161; x_wconf 91' lang='lat' dir='ltr'><strong>sulpure</strong></span> <span class='ocrx_word' id='word_1_194' title='bbox 291 2090 319 2141; x_wconf 92' lang='lat' dir='ltr'><strong>et</strong></span> <span class='ocrx_word' id='word_1_195' title='bbox 335 2078 492 2157; x_wconf 80' lang='lat' dir='ltr'><strong>generibus</strong></span> <span class='ocrx_word' id='word_1_196' title='bbox 506 2084 577 2142; x_wconf 89' lang='lat' dir='ltr'><strong>eius.</strong></span> <span class='ocrx_word' id='word_1_197' title='bbox 594 2083 753 2143; x_wconf 90' lang='lat' dir='ltr'><strong>medicinae</strong></span> <span class='ocrx_word' id='word_1_198' title='bbox 769 2081 862 2143; x_wconf 90' lang='lat' dir='ltr'><strong>Xllll.</strong></span> <span class='ocrx_word' id='word_1_199' title='bbox 892 2084 942 2142; x_wconf 89' lang='grc'><strong>51.</strong></span> <span class='ocrx_word' id='word_1_200' title='bbox 961 2084 998 2143; x_wconf 91' lang='grc'><strong>66</strong></span> <span class='ocrx_word' id='word_1_201' title='bbox 1014 2083 1150 2142; x_wconf 91' lang='lat' dir='ltr'><strong>bitumine</strong></span> 
     </span>
     <span class='ocr_line' id='line_1_24' title="bbox 157 2163 1150 2243; baseline 0 -18"><span class='ocrx_word' id='word_1_202' title='bbox 157 2174 187 2225; x_wconf 91' lang='grc'><strong>61</strong></span> <span class='ocrx_word' id='word_1_203' title='bbox 201 2164 358 2243; x_wconf 85' lang='lat' dir='ltr'><strong>generibus</strong></span> <span class='ocrx_word' id='word_1_204' title='bbox 374 2166 444 2225; x_wconf 92' lang='lat' dir='ltr'><strong>eius.</strong></span> <span class='ocrx_word' id='word_1_205' title='bbox 466 2167 627 2228; x_wconf 90' lang='lat' dir='ltr'><strong>medicinae</strong></span> <span class='ocrx_word' id='word_1_206' title='bbox 641 2163 760 2225; x_wconf 88' lang='lat' dir='ltr'><strong>XXVll.</strong></span> <span class='ocrx_word' id='word_1_207' title='bbox 794 2165 843 2224; x_wconf 92' lang='grc'><strong>52.</strong></span> <span class='ocrx_word' id='word_1_208' title='bbox 863 2167 900 2226; x_wconf 91' lang='grc'><strong>66</strong></span> <span class='ocrx_word' id='word_1_209' title='bbox 916 2166 1038 2225; x_wconf 90' lang='lat' dir='ltr'><strong>alumine</strong></span> <span class='ocrx_word' id='word_1_210' title='bbox 1055 2174 1084 2225; x_wconf 94' lang='lat' dir='ltr'><strong>et</strong></span> <span class='ocrx_word' id='word_1_211' title='bbox 1098 2183 1150 2240; x_wconf 84' lang='lat' dir='ltr'><strong>ge·</strong></span> 
     </span>
     <span class='ocr_line' id='line_1_25' title="bbox 156 2247 1148 2309; baseline -0.004 -2"><span class='ocrx_word' id='word_1_212' title='bbox 156 2249 274 2309; x_wconf 90' lang='lat' dir='ltr'><strong>neribus</strong></span> <span class='ocrx_word' id='word_1_213' title='bbox 290 2249 361 2307; x_wconf 90' lang='lat' dir='ltr'><strong>eius.</strong></span> <span class='ocrx_word' id='word_1_214' title='bbox 379 2249 538 2309; x_wconf 87' lang='lat' dir='ltr'><strong>medicinae</strong></span> <span class='ocrx_word' id='word_1_215' title='bbox 555 2268 593 2309; x_wconf 86' lang='lat' dir='ltr'><strong>ex</strong></span> <span class='ocrx_word' id='word_1_216' title='bbox 607 2266 644 2309; x_wconf 90' lang='grc'><strong>66</strong></span> <span class='ocrx_word' id='word_1_217' title='bbox 656 2247 815 2308; x_wconf 83' lang='grc'><strong>1111117111.</strong></span> <span class='ocrx_word' id='word_1_218' title='bbox 833 2250 883 2309; x_wconf 89' lang='grc'><strong>53.</strong></span> <span class='ocrx_word' id='word_1_219' title='bbox 902 2249 938 2308; x_wconf 87' lang='grc'><strong>66</strong></span> <span class='ocrx_word' id='word_1_220' title='bbox 955 2258 1033 2309; x_wconf 86' lang='grc'><strong>16666</strong></span> <span class='ocrx_word' id='word_1_221' title='bbox 1044 2248 1148 2307; x_wconf 83' lang='lat' dir='ltr'><strong>Samia.</strong></span> 
     </span>
     <span class='ocr_line' id='line_1_26' title="bbox 157 2330 1185 2411; baseline -0.004 -21"><span class='ocrx_word' id='word_1_222' title='bbox 157 2332 317 2411; x_wconf 86' lang='lat' dir='ltr'><strong>medicinae</strong></span> <span class='ocrx_word' id='word_1_223' title='bbox 339 2349 376 2388; x_wconf 90' lang='lat' dir='ltr'><strong>ex</strong></span> <span class='ocrx_word' id='word_1_224' title='bbox 397 2348 431 2389; x_wconf 91' lang='lat' dir='ltr'><strong>ea</strong></span> <span class='ocrx_word' id='word_1_225' title='bbox 451 2330 501 2390; x_wconf 91' lang='lat' dir='ltr'><strong>Ill.</strong></span> <span class='ocrx_word' id='word_1_226' title='bbox 532 2332 582 2391; x_wconf 90' lang='grc'><strong>54.</strong></span> <span class='ocrx_word' id='word_1_227' title='bbox 607 2332 741 2391; x_wconf 86' lang='lat' dir='ltr'><strong>Eretriae</strong></span> <span class='ocrx_word' id='word_1_228' title='bbox 762 2340 860 2390; x_wconf 92' lang='lat' dir='ltr'><strong>terrae</strong></span> <span class='ocrx_word' id='word_1_229' title='bbox 884 2349 1002 2408; x_wconf 86' lang='lat' dir='ltr'><strong>genera.</strong></span> <span class='ocrx_word' id='word_1_230' title='bbox 1036 2331 1086 2390; x_wconf 89' lang='grc'><strong>55.</strong></span> <span class='ocrx_word' id='word_1_231' title='bbox 1112 2330 1185 2388; x_wconf 78' lang='lat' dir='ltr'><strong>deas</strong></span> 
     </span>
     <span class='ocr_line' id='line_1_27' title="bbox 156 2410 1149 2472; baseline 0.003 -3"><span class='ocrx_word' id='word_1_232' title='bbox 156 2421 234 2470; x_wconf 91' lang='lat' dir='ltr'><strong>terra</strong></span> <span class='ocrx_word' id='word_1_233' title='bbox 254 2411 289 2468; x_wconf 91' lang='lat' dir='ltr'><strong>ad</strong></span> <span class='ocrx_word' id='word_1_234' title='bbox 304 2410 473 2469; x_wconf 91' lang='lat' dir='ltr'><strong>medicinam</strong></span> <span class='ocrx_word' id='word_1_235' title='bbox 493 2412 622 2470; x_wconf 89' lang='lat' dir='ltr'><strong>lavanda.</strong></span> <span class='ocrx_word' id='word_1_236' title='bbox 653 2413 704 2469; x_wconf 91' lang='grc'><strong>56.</strong></span> <span class='ocrx_word' id='word_1_237' title='bbox 727 2413 764 2470; x_wconf 89' lang='grc'><strong>66</strong></span> <span class='ocrx_word' id='word_1_238' title='bbox 787 2412 857 2472; x_wconf 80' lang='lat' dir='ltr'><strong>cata</strong></span> <span class='ocrx_word' id='word_1_239' title='bbox 874 2422 961 2471; x_wconf 91' lang='lat' dir='ltr'><strong>terra.</strong></span> <span class='ocrx_word' id='word_1_240' title='bbox 987 2412 1149 2472; x_wconf 86' lang='lat' dir='ltr'><strong>medicinae</strong></span> 
     </span>
     <span class='ocr_line' id='line_1_28' title="bbox 158 2488 1147 2571; baseline 0.001 -21"><span class='ocrx_word' id='word_1_241' title='bbox 158 2508 247 2550; x_wconf 89' lang='lat' dir='ltr'><strong>exea</strong></span> <span class='ocrx_word' id='word_1_242' title='bbox 265 2490 313 2550; x_wconf 93' lang='grc'><strong>111.</strong></span> <span class='ocrx_word' id='word_1_243' title='bbox 334 2490 375 2548; x_wconf 92' lang='lat' dir='ltr'><strong>de</strong></span> <span class='ocrx_word' id='word_1_244' title='bbox 398 2488 549 2549; x_wconf 90' lang='lat' dir='ltr'><strong>Selinusia.</strong></span> <span class='ocrx_word' id='word_1_245' title='bbox 576 2490 737 2551; x_wconf 90' lang='lat' dir='ltr'><strong>medicinae</strong></span> <span class='ocrx_word' id='word_1_246' title='bbox 761 2509 798 2549; x_wconf 89' lang='lat' dir='ltr'><strong>ex</strong></span> <span class='ocrx_word' id='word_1_247' title='bbox 819 2510 854 2551; x_wconf 90' lang='lat' dir='ltr'><strong>ea</strong></span> <span class='ocrx_word' id='word_1_248' title='bbox 870 2490 920 2552; x_wconf 94' lang='lat' dir='ltr'><strong>lll.</strong></span> <span class='ocrx_word' id='word_1_249' title='bbox 944 2494 981 2553; x_wconf 90' lang='lat' dir='ltr'><strong>de</strong></span> <span class='ocrx_word' id='word_1_250' title='bbox 998 2495 1147 2571; x_wconf 84' lang='lat' dir='ltr'><strong>pnigitide.</strong></span> 
     </span>
     <span class='ocr_line' id='line_1_29' title="bbox 157 2571 1147 2649; baseline 0.002 -19"><span class='ocrx_word' id='word_1_251' title='bbox 157 2573 371 2631; x_wconf 85' lang='lat' dir='ltr'><strong>medicinaeex</strong></span> <span class='ocrx_word' id='word_1_252' title='bbox 386 2588 421 2631; x_wconf 92' lang='grc'><strong>66</strong></span> <span class='ocrx_word' id='word_1_253' title='bbox 435 2571 525 2632; x_wconf 94' lang='grc'><strong>71111.</strong></span> <span class='ocrx_word' id='word_1_254' title='bbox 555 2574 592 2633; x_wconf 93' lang='grc'><strong>66</strong></span> <span class='ocrx_word' id='word_1_255' title='bbox 606 2572 781 2649; x_wconf 92' lang='lat' dir='ltr'><strong>ampelitide.</strong></span> <span class='ocrx_word' id='word_1_256' title='bbox 802 2575 962 2635; x_wconf 90' lang='lat' dir='ltr'><strong>medicinae</strong></span> <span class='ocrx_word' id='word_1_257' title='bbox 978 2595 1016 2635; x_wconf 94' lang='lat' dir='ltr'><strong>ex</strong></span> <span class='ocrx_word' id='word_1_258' title='bbox 1032 2578 1067 2637; x_wconf 86' lang='grc'><strong>66</strong></span> <span class='ocrx_word' id='word_1_259' title='bbox 1082 2575 1147 2637; x_wconf 93' lang='grc'><strong>1111.</strong></span> 
     </span>
     <span class='ocr_line' id='line_1_30' title="bbox 158 2653 1147 2733; baseline 0.004 -20"><span class='ocrx_word' id='word_1_260' title='bbox 158 2654 208 2713; x_wconf 88' lang='lat'><strong>57.</strong></span> <span class='ocrx_word' id='word_1_261' title='bbox 227 2662 324 2713; x_wconf 89' lang='grc'><strong>666166</strong></span> <span class='ocrx_word' id='word_1_262' title='bbox 341 2653 377 2713; x_wconf 90' lang='grc'><strong>66</strong></span> <span class='ocrx_word' id='word_1_263' title='bbox 393 2656 514 2714; x_wconf 86' lang='lat' dir='ltr'><strong>uestium</strong></span> <span class='ocrx_word' id='word_1_264' title='bbox 532 2673 608 2714; x_wconf 90' lang='lat' dir='ltr'><strong>usus.</strong></span> <span class='ocrx_word' id='word_1_265' title='bbox 627 2654 756 2715; x_wconf 81' lang='lat' dir='ltr'><strong>Cimolia.</strong></span> <span class='ocrx_word' id='word_1_266' title='bbox 772 2656 932 2717; x_wconf 89' lang='lat' dir='ltr'><strong>medicinae</strong></span> <span class='ocrx_word' id='word_1_267' title='bbox 950 2676 988 2717; x_wconf 90' lang='lat' dir='ltr'><strong>cx</strong></span> <span class='ocrx_word' id='word_1_268' title='bbox 1004 2656 1147 2733; x_wconf 90' lang='grc'><strong>6671111,</strong></span> 
     </span>
     <span class='ocr_line' id='line_1_31' title="bbox 158 2735 1185 2819; baseline 0.001 -25"><span class='ocrx_word' id='word_1_269' title='bbox 158 2737 264 2810; x_wconf 82' lang='grc'><strong>86666,</strong></span> <span class='ocrx_word' id='word_1_270' title='bbox 281 2735 433 2811; x_wconf 88' lang='lat' dir='ltr'><strong>Umbrica,</strong></span> <span class='ocrx_word' id='word_1_271' title='bbox 450 2755 557 2797; x_wconf 90' lang='lat' dir='ltr'><strong>saxum.</strong></span> <span class='ocrx_word' id='word_1_272' title='bbox 587 2738 636 2799; x_wconf 91' lang='grc'><strong>58.</strong></span> <span class='ocrx_word' id='word_1_273' title='bbox 654 2739 825 2814; x_wconf 84' lang='lat' dir='ltr'><strong>argentaria.</strong></span> <span class='ocrx_word' id='word_1_274' title='bbox 858 2742 906 2817; x_wconf 86' lang='lat' dir='ltr'><strong>qui</strong></span> <span class='ocrx_word' id='word_1_275' title='bbox 924 2748 953 2799; x_wconf 91' lang='grc'><strong>61</strong></span> <span class='ocrx_word' id='word_1_276' title='bbox 980 2736 1100 2819; x_wconf 83' lang='lat' dir='ltr'><strong>quorum</strong></span> <span class='ocrx_word' id='word_1_277' title='bbox 1116 2742 1185 2800; x_wconf 83' lang='lat' dir='ltr'><strong>li-sc</strong></span> 
     </span>
     <span class='ocr_line' id='line_1_32' title="bbox 158 2817 1149 2903; baseline 0.007 -28"><span class='ocrx_word' id='word_1_278' title='bbox 158 2817 234 2877; x_wconf 91' lang='lat' dir='ltr'><strong>berti</strong></span> <span class='ocrx_word' id='word_1_279' title='bbox 249 2827 466 2895; x_wconf 88' lang='lat' dir='ltr'><strong>praepotentes.</strong></span> <span class='ocrx_word' id='word_1_280' title='bbox 499 2820 547 2881; x_wconf 87' lang='grc'><strong>59.</strong></span> <span class='ocrx_word' id='word_1_281' title='bbox 564 2828 642 2880; x_wconf 90' lang='grc'><strong>16666</strong></span> <span class='ocrx_word' id='word_1_282' title='bbox 657 2839 696 2879; x_wconf 88' lang='lat' dir='ltr'><strong>ex</strong></span> <span class='ocrx_word' id='word_1_283' title='bbox 711 2819 826 2896; x_wconf 83' lang='lat' dir='ltr'><strong>Galata,</strong></span> <span class='ocrx_word' id='word_1_284' title='bbox 843 2831 920 2883; x_wconf 90' lang='grc'><strong>16666</strong></span> <span class='ocrx_word' id='word_1_285' title='bbox 934 2822 1055 2903; x_wconf 83' lang='lat' dir='ltr'><strong>Clupea,</strong></span> <span class='ocrx_word' id='word_1_286' title='bbox 1070 2834 1149 2883; x_wconf 89' lang='lat' dir='ltr'><strong>terra</strong></span> 
     </span>
     <span class='ocr_line' id='line_1_33' title="bbox 158 2898 1149 3048; baseline 0.008 -91"><span class='ocrx_word' id='word_1_287' title='bbox 158 2898 316 2975; x_wconf 87' lang='lat' dir='ltr'><strong>Baliarica,</strong></span> <span class='ocrx_word' id='word_1_288' title='bbox 332 2909 409 2961; x_wconf 89' lang='lat' dir='ltr'><strong>terra</strong></span> <span class='ocrx_word' id='word_1_289' title='bbox 424 2900 589 2963; x_wconf 83' lang='lat' dir='ltr'><strong>Ebusitana.</strong></span> <span class='ocrx_word' id='word_1_290' title='bbox 611 2904 772 2963; x_wconf 89' lang='lat' dir='ltr'><strong>medicinae</strong></span> <span class='ocrx_word' id='word_1_291' title='bbox 790 2922 828 2963; x_wconf 89' lang='lat' dir='ltr'><strong>ex</strong></span> <span class='ocrx_word' id='word_1_292' title='bbox 843 2907 887 2965; x_wconf 91' lang='lat' dir='ltr'><strong>eis</strong></span> <span class='ocrx_word' id='word_1_293' title='bbox 901 2902 989 3048; x_wconf 61' lang='lat' dir='ltr'><strong>nub</strong></span> <span class='ocrx_word' id='word_1_294' title='bbox 1020 2909 1149 2967; x_wconf 88' lang='lat' dir='ltr'><strong>Summa:</strong></span> 
     </span>
    </p>

    <p class='ocr_par' dir='ltr' id='par_1_5' title="bbox 114 2982 1011 3050">
     <span class='ocr_line' id='line_1_34' title="bbox 114 2982 1011 3050; baseline 0.011 -12"><span class='ocrx_word' id='word_1_295' title='bbox 114 3012 116 3017; x_wconf 83' lang='lat'><strong>.</strong></span> <span class='ocrx_word' id='word_1_296' title='bbox 158 2982 318 3041; x_wconf 89' lang='lat' dir='ltr'><strong>medicinae</strong></span> <span class='ocrx_word' id='word_1_297' title='bbox 335 2992 365 3041; x_wconf 91' lang='grc'><strong>61</strong></span> <span class='ocrx_word' id='word_1_298' title='bbox 378 2984 514 3046; x_wconf 88' lang='lat' dir='ltr'><strong>historiae</strong></span> <span class='ocrx_word' id='word_1_299' title='bbox 530 2995 559 3046; x_wconf 91' lang='lat' dir='ltr'><strong>et</strong></span> <span class='ocrx_word' id='word_1_300' title='bbox 575 2986 796 3046; x_wconf 84' lang='lat' dir='ltr'><strong>observationes</strong></span> <span class='ocrx_word' id='word_1_301' title='bbox 810 2986 960 3048; x_wconf 78' lang='lat' dir='ltr'><strong>Boccor.</strong></span> <span class='ocrx_word' id='word_1_302' title='bbox 988 2989 1011 3050; x_wconf 95' lang='grc'><strong>1.</strong></span> 
     </span>
    </p>

    <p class='ocr_par' dir='ltr' id='par_1_6' title="bbox 158 3062 1185 3480">
     <span class='ocr_line' id='line_1_35' title="bbox 220 3062 1148 3146; baseline 0.011 -26"><span class='ocrx_word' id='word_1_303' title='bbox 220 3062 267 3121; x_wconf 89' lang='lat' dir='ltr'><strong>Ex</strong></span> <span class='ocrx_word' id='word_1_304' title='bbox 286 3066 463 3128; x_wconf 91' lang='lat' dir='ltr'><strong>auctoribus:</strong></span> <span class='ocrx_word' id='word_1_305' title='bbox 493 3066 617 3129; x_wconf 86' lang='lat' dir='ltr'><strong>blessala</strong></span> <span class='ocrx_word' id='word_1_306' title='bbox 642 3077 774 3141; x_wconf 90' lang='lat' dir='ltr'><strong>oratore,</strong></span> <span class='ocrx_word' id='word_1_307' title='bbox 799 3068 926 3129; x_wconf 83' lang='lat' dir='ltr'><strong>Messala</strong></span> <span class='ocrx_word' id='word_1_308' title='bbox 944 3088 1031 3146; x_wconf 91' lang='lat' dir='ltr'><strong>seue,</strong></span> <span class='ocrx_word' id='word_1_309' title='bbox 1056 3071 1148 3131; x_wconf 85' lang='lat' dir='ltr'><strong>Fene·</strong></span> 
     </span>
     <span class='ocr_line' id='line_1_36' title="bbox 158 3144 1185 3229; baseline 0.01 -28"><span class='ocrx_word' id='word_1_310' title='bbox 158 3144 254 3219; x_wconf 90' lang='lat' dir='ltr'><strong>stella,</strong></span> <span class='ocrx_word' id='word_1_311' title='bbox 275 3144 387 3220; x_wconf 82' lang='lat' dir='ltr'><strong>Attico,</strong></span> <span class='ocrx_word' id='word_1_312' title='bbox 405 3147 443 3205; x_wconf 89' lang='lat' dir='ltr'><strong>ll.</strong></span> <span class='ocrx_word' id='word_1_313' title='bbox 460 3150 607 3226; x_wconf 85' lang='lat' dir='ltr'><strong>Varrone,</strong></span> <span class='ocrx_word' id='word_1_314' title='bbox 624 3151 742 3226; x_wconf 89' lang='lat' dir='ltr'><strong>Verrio,</strong></span> <span class='ocrx_word' id='word_1_315' title='bbox 757 3149 872 3227; x_wconf 90' lang='lat' dir='ltr'><strong>Nepote</strong></span> <span class='ocrx_word' id='word_1_316' title='bbox 890 3149 1037 3229; x_wconf 83' lang='lat' dir='ltr'><strong>Cornelio,</strong></span> <span class='ocrx_word' id='word_1_317' title='bbox 1053 3153 1148 3212; x_wconf 83' lang='grc'><strong>11666-</strong></span> <span class='ocrx_word' id='word_1_318' title='bbox 1158 3169 1185 3211; x_wconf 79' lang='lat' dir='ltr'><strong>as</strong></span> 
     </span>
     <span class='ocr_line' id='line_1_37' title="bbox 159 3224 1147 3312; baseline 0.01 -29"><span class='ocrx_word' id='word_1_319' title='bbox 159 3224 237 3302; x_wconf 91' lang='lat' dir='ltr'><strong>lone,</strong></span> <span class='ocrx_word' id='word_1_320' title='bbox 253 3225 399 3302; x_wconf 83' lang='lat' dir='ltr'><strong>Muciano,</strong></span> <span class='ocrx_word' id='word_1_321' title='bbox 415 3228 544 3309; x_wconf 88' lang='lat' dir='ltr'><strong>blelissc,</strong></span> <span class='ocrx_word' id='word_1_322' title='bbox 560 3234 707 3307; x_wconf 86' lang='lat' dir='ltr'><strong>Vitruvio,</strong></span> <span class='ocrx_word' id='word_1_323' title='bbox 725 3231 826 3292; x_wconf 77' lang='lat' dir='ltr'><strong>cassio</strong></span> <span class='ocrx_word' id='word_1_324' title='bbox 842 3233 955 3294; x_wconf 86' lang='lat' dir='ltr'><strong>Severo</strong></span> <span class='ocrx_word' id='word_1_325' title='bbox 970 3235 1147 3312; x_wconf 74' lang='lat' dir='ltr'><strong>Longulano,</strong></span> 
     </span>
     <span class='ocr_line' id='line_1_38' title="bbox 158 3304 1147 3393; baseline 0.009 -28"><span class='ocrx_word' id='word_1_326' title='bbox 158 3304 248 3367; x_wconf 81' lang='lat' dir='ltr'><strong>Fabio</strong></span> <span class='ocrx_word' id='word_1_327' title='bbox 265 3309 385 3369; x_wconf 89' lang='lat' dir='ltr'><strong>Vestale</strong></span> <span class='ocrx_word' id='word_1_328' title='bbox 407 3314 453 3387; x_wconf 91' lang='lat' dir='ltr'><strong>qui</strong></span> <span class='ocrx_word' id='word_1_329' title='bbox 478 3315 514 3373; x_wconf 92' lang='lat' dir='ltr'><strong>de</strong></span> <span class='ocrx_word' id='word_1_330' title='bbox 539 3317 649 3393; x_wconf 89' lang='lat' dir='ltr'><strong>pictura</strong></span> <span class='ocrx_word' id='word_1_331' title='bbox 674 3316 799 3392; x_wconf 90' lang='lat' dir='ltr'><strong>scripsit.</strong></span> <span class='ocrx_word' id='word_1_332' title='bbox 830 3314 980 3377; x_wconf 89' lang='lat' dir='ltr'><strong>Externis:</strong></span> <span class='ocrx_word' id='word_1_333' title='bbox 1011 3316 1147 3389; x_wconf 88' lang='lat' dir='ltr'><strong>Pasitele,</strong></span> 
     </span>
     <span class='ocr_line' id='line_1_39' title="bbox 159 3386 1148 3480; baseline -0.004 -19"><span class='ocrx_word' id='word_1_334' title='bbox 159 3386 282 3467; x_wconf 70' lang='lat' dir='ltr'><strong>Apelle,</strong></span> <span class='ocrx_word' id='word_1_335' title='bbox 311 3391 483 3474; x_wconf 76' lang='lat' dir='ltr'><strong>Melanthio,</strong></span> <span class='ocrx_word' id='word_1_336' title='bbox 506 3396 739 3480; x_wconf 79' lang='lat' dir='ltr'><strong>Asclepiodoro,</strong></span> <span class='ocrx_word' id='word_1_337' title='bbox 762 3396 967 3478; x_wconf 90' lang='lat' dir='ltr'><strong>Euphranore,</strong></span> <span class='ocrx_word' id='word_1_338' title='bbox 987 3397 1148 3457; x_wconf 87' lang='lat' dir='ltr'><strong>Heliodoro</strong></span> 
     </span>
    </p>
   </div>
   <div class='ocr_carea' id='block_1_3' title="bbox 0 0 1280 3842">
    <p class='ocr_par' dir='ltr' id='par_1_7' title="bbox 0 0 1280 3842">
     <span class='ocr_line' id='line_1_40' title="bbox 0 0 1280 3842; baseline 0 0"><span class='ocrx_word' id='word_1_339' title='bbox 0 0 1280 3842; x_wconf 95' lang='lat' dir='ltr'><strong> </strong></span> 
     </span>
    </p>
   </div>
  </div>
 </body>
</html>
