2542 3842
202 171 265 237 att
556 182 585 230 c.
602 180 865 232 rurs1uscuuu1
912 221 917 227 .

196 339 305 413 insula,
321 353 397 416 quae
410 353 487 398 nunc
500 333 696 396 masalmae
710 343 800 414 ponte
814 335 956 412 iungitur,
969 334 1068 395 boetis
1084 333 1220 414 dieique

195 422 312 484 velillco
324 421 421 498 navigi
436 437 522 480 cursu
534 428 642 480 terram
655 417 911 497 aluisseprodilit.
926 435 994 477 mox
1005 417 1218 478 aemulatione
1232 440 1233 531 p

197 509 281 566 circa
290 504 482 566 bibliothecas
495 520 598 580 regma
613 501 772 564 Ptolemaei
784 512 814 562 et
827 501 978 577 Eumenis,
1000 504 1215 580 supprimente

197 591 313 650 chartas
335 587 504 649 Ptolemaeo
532 587 609 668 illem
632 586 727 647 Varro
749 586 930 646 membranas
952 585 1090 663 Pergami
1122 588 1215 646 tradit

196 680 339 750 repertas.
370 680 475 749 postea
492 671 657 749 promiscue
678 673 770 749 patuit
791 687 862 730 usus
884 672 929 730 rei
943 687 1000 749 qua
1022 677 1154 730 constat
1174 673 1227 730 int

196 755 355 820 mortalitas
371 755 523 817 homiuum.

155 849 187 904 71
261 839 346 918 (22.)
370 838 512 916 Pspyruur
531 855 604 915 ergo
624 837 752 898 nascitur
769 838 799 896 in
814 837 989 916 palustribus
1004 836 1150 916 Aegypti
1166 848 1209 898 ant

197 921 413 1002 quiescentibus
427 921 485 986 Nili
508 923 608 1000 aquis,
631 921 681 980 ubi
700 930 842 998 evagatae
868 929 1000 998 stagnant
1020 920 1082 980 ‹luo
1108 923 1207 982 cubita

196 1007 438 1070 uouexoeslente
458 1005 605 1066 altitudine
627 1008 790 1082 gurgitum,
812 1005 970 1066 bracchiali
991 1005 1107 1065 radicis
1136 1007 1205 1065 obli·

196 1109 272 1170 quae
293 1089 499 1163 crassitudine,
522 1090 672 1166 triangulis
696 1089 852 1165 lateribus,
878 1089 980 1148 iucem
1002 1105 1062 1147 nou
1079 1091 1225 1168 ampliusu

197 1175 358 1238 cubltorum
369 1172 548 1250 longitudine
563 1175 592 1234 iu
606 1173 797 1249 gracilitatem
808 1173 988 1249 fastigatum,
1001 1173 1102 1246 thyrsi
1119 1174 1202 1232 morio

196 1275 334 1322 cacumen
351 1258 518 1332 includens,
534 1257 614 1316 nullo
629 1258 739 1316 semine
756 1265 804 1316 aut
819 1275 872 1316 usu
888 1258 950 1315 eius
965 1257 1024 1315 alio
1040 1274 1135 1334 quam
1155 1258 1200 1316 llo·

154 1350 189 1407 lt
199 1345 239 1402 ris
255 1343 291 1402 aul
304 1341 379 1400 deos
395 1343 588 1402 coronandos.
618 1339 764 1400 radicibus
778 1341 894 1400 iueolae
907 1358 962 1418 pro
979 1340 1059 1416 ligno
1075 1350 1198 1413 utuntur,

195 1443 251 1486 uec
265 1427 339 1503 iguis
352 1434 458 1488 tantum
470 1426 578 1506 gratia,
593 1426 646 1484 seu
658 1423 694 1485 ad
706 1424 762 1484 alia
774 1441 890 1502 quoque
904 1425 1037 1483 utensilia
1051 1441 1198 1485 uasorum.

196 1529 235 1570 en
251 1511 315 1587 ipso
330 1507 444 1587 quidem
458 1525 569 1588 papyro
585 1510 699 1586 nauigia
713 1515 815 1567 texunt
825 1517 856 1566 et
870 1526 887 1566 e
903 1508 978 1567 libro
988 1507 1055 1567 uela
1070 1518 1221 1586 tegetes-c

197 1611 271 1672 que,
289 1611 344 1651 nec
359 1608 416 1651 uon
431 1602 461 1651 et
476 1599 605 1667 uestem,
627 1593 712 1650 etiam
727 1591 883 1669 stragulam
898 1609 933 1651 ae
950 1592 1034 1650 lunis.
1066 1593 1200 1652 mandunt

155 1675 864 1836 attttrttthtltttttttt„ltro
878 1675 1200 1833 {titillet}

195 1857 291 1918 neque
308 1840 373 1900 aliis
390 1857 460 1900 usus
478 1851 522 1902 est
540 1858 624 1918 quam
644 1840 712 1900 iusle
729 1841 844 1900 ionibus
860 1859 915 1901 rex
928 1842 1090 1919 Antigonus
1105 1843 1134 1901 in
1148 1859 1199 1900 aa·

195 1923 309 1984 salibus
334 1924 440 1999 rebus,
466 1923 590 1984 nendum
613 1933 712 2002 sparto
739 1929 959 1986 communicato.
996 1925 1099 2004 Nuper
1122 1936 1153 1986 et
1173 1929 1227 1985 inu

196 2007 344 2086 Euphrate
364 2027 489 2069 nascens
507 2010 586 2069 circa
600 2007 779 2083 Babylonem
799 2027 938 2089 papyrum
960 2011 1143 2088 intellectum
1159 2019 1202 2069 est

196 2093 319 2152 eundem
333 2111 414 2155 usum
427 2093 537 2154 habere
556 2093 684 2153 chartae.
717 2102 749 2152 et
761 2103 856 2152 tamen
874 2094 968 2154 adhuc
981 2094 1090 2153 malunt
1106 2091 1201 2154 Parthi

196 2176 326 2236 vestibus
342 2178 455 2238 litteras
471 2178 614 2236 intexere.

111 2271 115 2280 “
153 2267 188 2324 tr
264 2260 312 2320 12.
335 2259 420 2338 (23.)
444 2261 636 2336 Praeparetur
651 2277 689 2319 ex
710 2279 747 2319 eo
762 2261 861 2322 charta
883 2259 977 2320 mulso
1000 2277 1055 2320 acu
1069 2263 1100 2320 iu
1118 2279 1201 2340 prae

125 2385 131 2396 .
196 2346 289 2403 tenuis
305 2343 358 2404 sed
373 2360 457 2420 quam
469 2343 623 2427 latissimas
639 2344 778 2420 philyrae.
799 2346 977 2422 principatus
986 2329 1096 2420 medio,
1116 2355 1226 2424 atque-a

196 2427 262 2486 inrle
284 2428 430 2486 scissurae
446 2425 559 2486 ordine.
592 2427 732 2487 hieratica
755 2428 957 2508 appellabatur
977 2429 1135 2505 antiquitus
1158 2448 1203 2489 re·

197 2509 310 2587 ligiosis
331 2517 437 2568 tautum
458 2509 650 2570 voluminibus
666 2509 776 2585 (licata,
792 2529 874 2589 ⁴quac
896 2511 1059 2571 adulatione
1075 2512 1207 2586 Augusti

196 2609 299 2652 nomeu
312 2594 444 2670 accepit,
462 2595 537 2652 sieut
558 2592 796 2653 seeuulahiuiae
811 2612 828 2654 a
843 2597 967 2671 coniuge
989 2597 1060 2654 eius.
1085 2595 1126 2654 ita
1150 2596 1205 2655 (le-

154 2683 188 2742 75
200 2674 313 2736 scendit
329 2675 469 2738 hieratica
483 2677 511 2735 in
526 2677 641 2736 tertium
655 2693 768 2736 nomeu.
800 2694 969 2756 proxumum
984 2677 1203 2757 amphitheatri·

145 2791 155 2806 κ
196 2759 271 2827 ticac
290 2760 386 2820 datum
407 2761 532 2820 iuerata
553 2760 741 2820 coniecturae
756 2761 835 2820 loeo.
863 2763 982 2840 excepit
998 2761 1074 2822 hauc
1089 2761 1227 2823 Romaest

196 2839 285 2920 Fauni
312 2859 402 2919 sagax
430 2845 563 2918 cilicina,
596 2852 799 2923 tenuatamque
833 2848 948 2906 curiosa
975 2845 1204 2924 interpolatione

197 2927 386 3004 principalem
405 2927 478 2988 lecit
503 2946 520 2987 e
542 2927 660 3006 plebeia
683 2933 713 2987 et
738 2945 842 2988 nornen
867 2930 948 2989 dedit
967 2929 1004 2987 ei.
1044 2947 1124 3008 quae
1146 2950 1205 2990 nou

154 3015 188 3072 76
201 3017 281 3068 esset
303 3011 342 3068 ita
364 3019 498 3070 securata
513 3012 541 3070 in
557 3027 610 3070 suo
625 3013 728 3072 mansit
749 3012 1015 3090 amphitheatriticu.
1043 3024 1115 3092 post
1131 3015 1206 3074 hane

197 3092 304 3152 Saitica
319 3090 355 3170 ab
369 3095 478 3171 oppido
493 3094 542 3154 ubi
557 3108 687 3154 maxuma
702 3095 852 3171 fertilitas,
869 3115 908 3156 err
921 3095 1075 3156 vilioribus
1089 3115 1205 3158 remen

195 3176 248 3250 tis,
269 3175 450 3254 propiorque
471 3179 621 3239 etiamnum
644 3181 746 3238 cortici
766 3179 940 3240 'l'aeueotica
960 3195 977 3240 a
999 3181 1098 3239 vicino
1123 3183 1232 3259 loeus

197 3258 329 3335 pondere
350 3259 406 3318 iam
429 3260 518 3335 baec,
541 3279 598 3319 nou
619 3262 766 3338 bonitate,
788 3263 910 3324 uenalis.
941 3280 1006 3323 narn
1029 3269 1208 3342 emporitica

103 3391 105 3396 Α
195 3339 303 3400 inutilis
319 3341 477 3402 scribendo
497 3344 656 3402 involucris
671 3345 832 3406 chartarum
848 3349 1081 3426 segestriumque
1097 3352 1207 3410 merci-

195 3420 251 3480 bus
266 3439 353 3500 ‚usum
376 3425 512 3500 praebet,
540 3426 605 3484 ideo
629 3431 872 3488 amereatoribus
890 3433 1103 3507 cognominata.
1135 3443 1208 3511 post

196 3499 271 3562 hauc
287 3521 427 3582 papyrum
439 3515 484 3566 est
499 3515 716 3588 extremumque
727 3513 791 3572 eius
802 3514 900 3591 scirpo
909 3514 1013 3591 simile,
1025 3531 1061 3574 ac
1074 3530 1115 3574 ue
1129 3517 1207 3578 iuui-
