2542 3842
168 166 207 227 72
475 206 476 215 .
509 158 556 225 o.
579 178 675 225 Purus
694 153 841 225 securim

163 338 272 414 primus
293 332 467 409 Endymion,
492 332 529 392 ob
552 334 581 394 id
603 350 702 393 umore
724 333 786 392 eius
807 339 907 409 captus
925 332 999 392 lama
1022 334 1149 393 traditus.

167 419 231 479 Non
247 436 341 476 sumus
356 416 489 496 prolecto
504 420 578 493 grati
594 435 663 495 erga
679 433 731 475 eos
747 416 794 494 qui
804 415 907 474 labore
919 434 1045 493 curaque
1057 417 1150 476 lucem

168 502 250 561 nobis
277 512 416 579 aperuere
439 502 467 559 in
489 500 543 560 hac
565 501 648 577 luce,
669 502 797 577 miraque
817 498 929 577 humani
951 502 1047 577 ingeni
1068 510 1151 579 peste

169 586 334 667 sanguinem
349 594 378 645 et
395 585 490 645 caedis
507 586 633 645 condere
649 575 796 644 annalibus
813 585 904 660 iuvat,
926 593 958 643 ut
973 584 1086 643 scelera
1099 585 1150 644 bo·

127 670 269 732 liminum
289 678 443 729 noscantur
464 669 557 728 mundi
579 664 669 746 ipsius
690 669 807 745 ignaris.
837 666 978 728 Proxuma
995 686 1067 745 ergo
1089 686 1174 732 car-s

168 752 241 828 dini,
256 752 381 831 ideoque
397 754 518 811 minumo
535 750 658 826 ambitu,
679 753 789 811 vicenis
803 752 905 812 diebus
920 755 1105 831 septenisque
1123 762 1152 812 et

168 837 251 895 tertia
274 836 329 895 diei
352 844 448 914 parte,
471 836 585 912 peragit
605 836 697 913 spatia
723 836 824 895 eadem
844 853 918 914 quae
936 838 1049 895 Saturni
1074 836 1152 895 sidus

139 919 332 979 inultissimum
348 920 472 995 triginta,
487 928 517 977 ut
532 918 638 978 dictum
653 926 707 994 est,
726 921 815 979 annis.
834 918 900 977 dein
914 929 1022 979 morata
1036 922 1065 978 in
1075 921 1151 980 coitu

89 1028 96 1045 =
168 1002 239 1062 solis
254 1000 351 1077 biduo,
367 1020 429 1061 cum
444 1002 621 1079 tardissime,
644 1021 660 1062 u
679 1003 825 1061 tricesima
840 1002 904 1061 luce
925 1022 1024 1062 rursus
1037 1004 1073 1064 ad
1089 1022 1151 1063 eas·
1267 1063 1269 1080 ἶ

169 1086 232 1145 dem
246 1086 318 1144 vicis
333 1086 407 1161 exit,
429 1084 496 1145 haut
514 1087 574 1145 scio
591 1106 626 1147 an
645 1088 766 1155 omnium
782 1089 899 1164 quaein
914 1088 997 1147 caelo
1015 1089 1149 1166 pernosci
1161 1106 1186 1147 ro

168 1177 320 1248 potuerunt
335 1172 480 1246 magistra.
501 1172 530 1229 in
545 1170 695 1231 duodecim
710 1188 837 1229 mensum
851 1173 943 1249 spatia
959 1180 1095 1250 oportere
1111 1171 1150 1230 di·

126 1254 224 1320 45vidi
243 1272 359 1330 annum,
380 1254 493 1332 quando
509 1255 600 1333 ipsum
616 1258 720 1315 totiens
737 1254 829 1313 solem
843 1255 1010 1314 redeuntem
1025 1256 1060 1315 ad
1076 1256 1151 1335 prin·

169 1340 242 1416 cipia
258 1340 451 1415 consequitur.
473 1339 546 1398 solis
562 1339 676 1417 fulgore
693 1356 755 1399 eam
770 1348 800 1397 ut
813 1338 924 1414 reliqna
939 1339 1063 1398 siderum
1076 1339 1152 1415 regi,

167 1421 307 1499 siquidem
323 1423 351 1482 in
365 1429 454 1479 toturn
468 1431 591 1481 mutuata
607 1423 643 1481 ab
659 1440 695 1481 eo
711 1422 776 1481 luce
791 1417 918 1495 fulgere,
937 1422 1093 1497 qualem-in
1107 1440 1151 1481 re·

167 1522 307 1583 percussu
323 1521 414 1583 aquae
430 1503 552 1562 volitare
569 1506 769 1582 conspicimus.
792 1503 858 1562 ideo
873 1504 1005 1564 molliore
1018 1514 1047 1564 et
1058 1507 1152 1583 inper·
1163 1524 1188 1567 15

167 1590 244 1648 lecta
262 1589 291 1647 vi
307 1588 422 1647 solvere
444 1595 549 1647 tantum
570 1604 698 1648 umorem
713 1595 809 1664 atque,
820 1588 903 1645 etiam
917 1605 1043 1664 augere,
1069 1606 1153 1665 quem

168 1672 239 1731 solis
254 1671 325 1731 radii
340 1672 495 1731 absumant.
526 1672 592 1731 ideo
609 1679 638 1730 et
652 1670 795 1747 inaequali
815 1670 919 1735 lumine
934 1671 1061 1749 adspici,
1086 1672 1152 1750 quia

170 1774 207 1814 ex
224 1755 345 1814 adverso
367 1754 477 1817 demum
492 1754 577 1833 plena
591 1754 710 1831 reliquis
730 1753 831 1812 diebus
845 1763 951 1813 tantum
966 1773 1003 1813 ex
1020 1774 1052 1814 se
1067 1755 1152 1814 terris

127 1844 161 1897 46
171 1837 301 1897 ostendat
325 1847 457 1916 quantum
479 1857 515 1897 err
539 1838 603 1898 sole
625 1839 688 1915 ipsa
708 1838 859 1914 concipiat.
890 1839 919 1898 in
940 1840 1017 1897 coitu
1039 1840 1152 1918 quidem

169 1923 330 1995 concerni,
348 1922 479 2000 quoniam
494 1920 624 1981 haustum
642 1938 753 1979 omnem
773 1921 846 1980 lucis
861 1922 984 1982 adversa
999 1922 1049 1984 illo
1068 1941 1187 1999 rege-co
1267 1961 1268 1974 ι

169 2014 213 2064 rut
227 2005 302 2064 unde
326 2007 481 2083 acceperit.
509 2006 602 2065 sidera
619 2022 691 2064 vero
713 2004 780 2064 baut
808 2005 893 2064 dubie
914 2024 1014 2065 umore
1037 2016 1153 2065 terreno
1228 2020 1235 2029 ·

97 2124 104 2129 -
170 2088 266 2168 pasci,
293 2091 358 2168 quia
381 2089 494 2171 dimidio
516 2090 586 2149 orbe
609 2102 817 2168 nonnumquam
839 2090 985 2150 maculosa
1010 2099 1153 2165 cernatur,

170 2173 282 2234 scilicet
296 2173 418 2235 nondum
434 2183 606 2252 suppetente
618 2174 654 2234 ad
668 2174 852 2235 hauriendum
868 2174 941 2235 ultra
956 2176 1080 2235 instari.
1096 2192 1154 2234 ma·

171 2258 250 2317 sulas
274 2258 346 2330 enim
367 2275 424 2317 non
449 2258 523 2319 aliud
545 2278 611 2318 esse
634 2276 718 2338 quam
736 2266 832 2317 terrae
854 2269 950 2336 raptas
975 2276 1038 2317 eum
1055 2275 1155 2317 umore

171 2341 273 2400 sordis.
291 2341 353 2409 Ι10.
373 2341 503 2399 deiectus
521 2352 613 2401 autem
635 2359 704 2399 suos
725 2351 754 2400 et
775 2341 861 2416 solis,
884 2360 944 2399 rem
962 2343 990 2398 in
1005 2350 1067 2399 tota
1086 2358 1188 2399 con-25

171 2421 357 2497 templatione
371 2428 487 2480 naturae
502 2440 633 2497 maxume
650 2425 747 2481 miram
767 2432 796 2479 et
810 2431 924 2485 ostento
939 2422 1075 2496 similem,
1095 2440 1152 2481 rna·

130 2514 163 2567 47
171 2504 344 2580 gnitudinum
365 2502 539 2581 umbraeque
560 2505 669 2564 indices
691 2505 843 2562 exsistere.
876 2504 926 2583 (7)
944 2505 1050 2583 quippe
1066 2505 1152 2563 mani-
1180 2524 1186 2531 ·
1267 2551 1268 2570 ,

172 2589 275 2648 festum
290 2595 334 2646 est
350 2586 441 2645 solem
461 2589 620 2647 interventu
638 2587 722 2646 lunae
739 2586 878 2669 occultari
893 2586 1043 2665 lunamque
1059 2596 1154 2647 terrae

173 2672 303 2745 obiectu,
330 2687 363 2729 ac
383 2670 454 2728 vicis
475 2671 556 2731 reddi
572 2671 691 2731 eosdem
706 2669 777 2730 solis
792 2670 888 2729 radios
904 2670 969 2731 luna
984 2673 1154 2749 interpositu

173 2772 225 2815 sno
241 2755 387 2815 auferente
409 2762 503 2813 terrae
526 2764 661 2832 terraque
676 2754 769 2813 lunae.
799 2752 854 2813 lrac
869 2754 1008 2814 subeunte
1027 2755 1190 2833 repenti-³0

172 2858 222 2899 nas
245 2838 348 2898 obduci
371 2837 504 2898 tenebras
524 2856 694 2917 rursumque
710 2836 787 2896 illius
805 2838 904 2897 umbra
921 2838 998 2897 sidus
1014 2838 1153 2899 hebetari.

101 2954 103 2958 ·
172 2941 265 3000 neque
278 2923 352 2983 aliud
365 2940 430 2982 esse
443 2931 556 2981 noctem
572 2916 656 3002 quam
667 2930 763 2980 terrae
776 2921 913 2995 umbram,
930 2921 1046 2998 liguram
1062 2932 1156 2983 autem

172 3004 288 3064 umbrae
309 3008 429 3067 similem
450 3015 543 3066 metae
564 3024 598 3065 ac
621 3006 725 3065 turbini
745 3007 880 3080 inverso,
893 3007 1004 3082 quando
1020 3024 1156 3066 mucrone

173 3097 278 3148 tantum
299 3090 411 3165 ingruat
436 3110 530 3170 neque
551 3090 634 3149 lunae
660 3088 783 3148 excedat
805 3086 995 3164 altitudinem,
1023 3091 1156 3169 quoniam
1267 3151 1268 3154 ,

174 3172 279 3231 nullum
301 3171 376 3232 aliud
401 3174 477 3233 sidus
504 3174 604 3233 eodem
625 3174 711 3233 modo
738 3172 909 3232 obscuretrir
930 3182 959 3232 et
977 3172 1042 3231 talis
1064 3173 1191 3249 liguram
1267 3173 1268 3188 ¹

133 3262 288 3334 48semper
302 3272 436 3314 mucrone
452 3257 574 3317 deficiat.
597 3257 697 3333 spatio
713 3256 826 3335 quidem
842 3257 968 3316 consumi
983 3256 1096 3315 umbras
1112 3256 1153 3311 in·
1267 3253 1268 3258 ’

176 3340 250 3399 dicio
277 3348 340 3398 sunt
360 3337 507 3399 volucrum
528 3340 649 3419 praealti
670 3339 794 3399 volatus.
828 3358 899 3417 ergo
921 3339 1070 3400 conlinium
1097 3336 1155 3395 illis

178 3431 222 3481 est
244 3425 318 3483 acris
342 3424 476 3482 terminus
500 3426 664 3502 initiumque
690 3423 825 3484 aetheris.
854 3442 940 3502 snpra
968 3423 1061 3482 lunam
1084 3438 1157 3500 pura
