2542 3842
165 151 225 211 114
374 112 377 119 ’
534 148 843 211 unumunurm

122 332 172 386 215
182 315 334 394 llultiplex
349 314 500 375 etiamnum
514 314 622 373 lunaris
637 314 816 392 differentia,
834 317 1015 397 primumque
1030 320 1164 397 septenis

164 400 275 464 diebus.
300 399 407 477 quippe
422 397 528 457 modici
553 414 662 457 anova
678 399 714 458 ad
734 400 877 460 dividuam
901 412 999 461 aestus
1014 402 1164 480 pleniores

163 486 200 546 ab
225 500 260 543 ea
279 482 424 541 exundant
445 481 590 559 plenaque
611 484 734 542 maxime
757 482 882 543 fervent.
910 486 979 545 inde
999 485 1164 561 mitescunt,

162 584 251 649 pares
270 565 305 627 ad
321 574 478 643 septumum
494 566 608 643 primis,
625 567 787 645 iterumque
802 568 860 627 alio
876 568 969 641 latere
986 568 1100 629 dividua
1115 586 1164 629 au·

163 659 276 729 genter.
295 652 324 709 in
340 649 417 708 coitu
433 648 506 707 solis
518 663 605 726 pares
620 649 737 726 plenae.
761 651 863 711 eadem
877 653 1024 730 aquilonia
1035 660 1065 720 et
1078 669 1095 712 a
1107 660 1187 711 ter-5

163 737 203 794 ris
219 734 334 811 longius
350 732 508 792 recedente
524 729 654 791 mitiores
671 750 755 810 qnam
772 750 837 793 cunr
852 735 880 793 in
902 744 1018 795 austros
1032 735 1166 812 digressa

163 818 303 898 propiore
320 816 383 875 nisu
397 815 455 873 vim
471 830 550 872 suam
569 824 699 874 exercet.
728 832 783 893 per
802 826 926 876 octonos
941 835 1058 896 qnoque
1074 833 1166 879 annos

164 901 200 962 ad
223 900 364 978 principia
385 905 479 957 motus
495 905 524 955 et
542 898 623 974 paria
647 898 822 958 incrementa
841 904 1000 961 centesimo
1016 902 1101 968 luuae
1118 918 1165 962 re·

163 992 304 1045 vocantur
315 980 420 1041 ambitu
429 988 555 1057 augente
568 998 603 1041 ea
616 989 729 1058 cuncta,
751 981 823 1042 solis
833 985 933 1043 ennnls
945 987 1041 1044 causis
1052 984 1166 1045 dnobus

165 1061 356 1146 aequinoctiis
371 1081 503 1125 maxume
526 1072 686 1144 tumentes,
713 1074 744 1125 et
767 1068 921 1127 autumnali
942 1067 1066 1146 amplius
1081 1081 1202 1147 qnamsn

122 1161 174 1216 216
186 1166 293 1225 verno,
314 1150 415 1209 inanes
431 1161 504 1207 vero
525 1147 625 1210 bruma
639 1158 670 1209 et
686 1150 779 1226 magis
794 1150 929 1211 solstitio.
956 1168 1012 1210 nec
1026 1162 1123 1212 tamen
1137 1153 1167 1210 in
1257 1203 1260 1210 ,

164 1236 236 1313 ipsis
253 1250 327 1312 qnos
345 1232 405 1293 dixi
425 1240 586 1309 temporum
608 1232 755 1308 articulis,
777 1233 830 1293 sed
846 1236 948 1310 paucis
968 1244 1036 1313 post
1051 1234 1165 1309 diebus,

166 1318 249 1378 sicuti
264 1333 360 1393 neque
375 1316 404 1375 in
420 1315 507 1394 plena
521 1324 569 1375 aut
582 1317 749 1392 novissima,
766 1316 819 1375 sed
834 1326 948 1394 postea,
964 1336 1020 1377 neo
1032 1320 1124 1377 statim
1135 1325 1167 1377 ut

75 1406 77 1415 ’
165 1403 259 1461 lunam
273 1398 394 1458 mundus
415 1399 548 1459 ostendat
570 1400 736 1459 occultetve
752 1408 801 1458 aut
816 1399 909 1459 media
924 1401 1011 1479 plaga
1027 1401 1166 1475 declinet,

164 1501 264 1545 verum
276 1482 339 1542 lere
350 1479 460 1540 duabus
471 1481 550 1540 horis
563 1480 822 1557 aequinoctialibus
833 1483 938 1557 serias,
952 1484 1080 1543 tardiore
1091 1501 1166 1543 senr-
1177 1492 1205 1534 ¹⁵

165 1584 220 1647 per
235 1567 271 1627 ad
285 1573 379 1624 terras
394 1564 517 1623 omnium
535 1580 610 1643 quae
626 1571 765 1640 geruntur
778 1564 807 1623 in
823 1563 907 1624 caelo
920 1566 1027 1625 effectu
1043 1566 1168 1629 cadente

123 1662 174 1719 art
186 1668 270 1729 quam
287 1650 367 1722 visu,
392 1648 476 1707 sicuti
493 1646 615 1723 fulguris
639 1655 669 1706 et
687 1646 808 1707 tonitrus
824 1655 854 1706 et
869 1648 1025 1708 fulminum.
1059 1647 1168 1709 Omnes

166 1742 260 1796 autem
277 1739 375 1791 aestus
399 1731 428 1788 in
448 1746 560 1790 oceano
580 1731 688 1791 maiora
709 1730 839 1807 integant
860 1733 953 1808 spatia
973 1732 1168 1810 inundantque
1265 1803 1266 1816 ,

167 1832 251 1896 qnam
266 1817 294 1874 in
311 1813 425 1890 reliquo
439 1816 527 1889 mari,
544 1814 606 1873 sive
621 1814 689 1893 quia
703 1813 732 1872 in
748 1822 839 1873 totum
854 1815 1040 1876 universitate
1058 1818 1166 1876 animo·
1265 1835 1266 1844 ¹

167 1901 226 1959 sius
243 1914 326 1976 quarn
342 1906 425 1975 parte
442 1905 502 1972 est,
525 1898 587 1957 sive
608 1899 676 1977 quie
690 1897 856 1974 magnitudo
872 1906 973 1977 aperta
989 1899 1094 1959 sideris
1109 1900 1205 1959 vimen

166 1984 233 2042 lare
248 1982 406 2058 grassantis
421 1979 572 2041 ellioaoius
588 1981 687 2055 sentit,
706 1981 828 2041 eandem
839 1983 979 2058 angustiis
990 1982 1166 2043 arcentibus.

167 2083 223 2144 qua
239 2064 276 2123 de
294 2074 380 2124 oau'sa
396 2082 451 2123 nec
466 2064 547 2124 lacus
565 2082 619 2123 nec
635 2080 734 2123 amnes
749 2065 880 2124 similiter
901 2074 1061 2124 moventur.
1085 2074 1168 2125 ooto·
1264 2063 1266 2102 l

167 2148 251 2225 genis
273 2146 375 2207 cubitis
401 2164 487 2226 snpra
504 2147 678 2208 Britanniam
702 2148 898 2208 intumescere
925 2157 1023 2208 aestus
1043 2148 1168 2223 Pytheas

167 2230 359 2291 Massiliensis
373 2239 475 2291 auctor
491 2239 545 2290 est.
571 2240 600 2290 et
615 2232 753 2292 interiora
771 2238 867 2292 autem
883 2233 971 2291 maria
986 2232 1072 2291 terris
1088 2231 1167 2291 olau-
1263 2215 1265 2318 i

125 2323 177 2378 218
188 2315 292 2374 duntur
306 2321 336 2373 nt
350 2322 445 2391 portu.
465 2313 634 2392 quibusdam
649 2315 787 2374 tamenin
804 2314 879 2374 locis
894 2314 1051 2391 spatiosior
1063 2314 1208 2374 laxitessu
1262 2383 1263 2388 η

167 2397 274 2455 dicioni
295 2406 395 2472 paret,
418 2403 519 2472 utpote
543 2414 606 2455 cnm
631 2397 715 2474 plura
737 2397 872 2474 exempla
893 2397 949 2456 sint
969 2398 998 2456 in
1013 2395 1168 2473 tranquillo
1262 2399 1263 2478 l

167 2480 238 2537 mari
253 2477 391 2555 nulloque
406 2477 539 2536 velorum
554 2478 640 2556 pulsu
654 2479 742 2536 tertio
758 2477 805 2536 die
820 2496 858 2536 ex
869 2476 951 2538 ltalia
962 2480 1170 2557 pervectorum
1262 2481 1264 2528 l

167 2561 279 2620 Uticam
297 2568 377 2619 aestu
394 2560 537 2619 fervente.
564 2556 649 2619 Circa
660 2559 745 2619 litora
761 2569 856 2620 autern
864 2562 959 2637 tnagis
971 2580 1056 2642 quam
1068 2563 1096 2621 in
1108 2561 1169 2623 alto
1261 2611 1262 2630 ,

168 2642 422 2722 deprehenduntur
441 2642 470 2702 hi
491 2650 603 2716 motus,
631 2643 766 2721 quoniam
788 2652 817 2703 et
840 2644 869 2704 in
891 2661 1018 2723 corpore
1038 2654 1170 2705 extrema
1261 2639 1262 2712 l

168 2728 281 2806 pulsum
295 2744 443 2803 venarum,
459 2724 488 2785 id
504 2733 550 2785 est
566 2726 692 2803 spiritus,
709 2727 801 2802 magis
812 2728 946 2787 sentiunt.
974 2729 1003 2787 in
1018 2728 1209 2807 plerisqneeo
1261 2727 1263 2736 '

168 2820 263 2870 tamen
287 2810 438 2870 aestuariis
461 2816 582 2887 propter
603 2806 728 2886 disparis
748 2810 874 2870 siderum
893 2810 922 2869 in
943 2827 1059 2890 quoqne
1074 2820 1170 2870 tractu

171 2903 288 2954 exortus
304 2893 411 2953 diversi
427 2893 568 2952 exsistunt
579 2900 677 2952 aestus
688 2899 831 2971 tempore,
847 2910 905 2953 non
915 2894 1039 2969 ratione,
1056 2895 1170 2954 discor·

170 2976 234 3051 des,
249 2978 323 3035 sieut
337 2977 365 3034 in
380 2975 521 3052 Syrtibus.

128 3067 180 3121 219
243 3056 348 3136 (100.)
369 3057 406 3117 Et
430 3057 607 3139 quorundam
628 3064 723 3117 tannen
748 3056 859 3134 privata
882 3066 983 3117 natura
1003 3067 1062 3133 est,
1088 3058 1171 3118 velnt

172 3139 401 3199 Tauromenitani
424 3142 516 3219 euripi
539 3142 656 3223 saepias
678 3149 708 3200 et
726 3141 756 3198 in
770 3136 893 3199 Euboea
915 3142 1055 3220 septiens
1067 3140 1115 3200 die
1127 3152 1208 3203 'aeus

171 3230 257 3282 nocte
276 3223 496 3300 reciprocantis.
526 3224 603 3283 idem
625 3230 724 3280 aestus
745 3220 841 3280 triduo
863 3222 893 3281 in
908 3240 1008 3283 mense
1025 3224 1171 3299 consistit,

173 3313 302 3382 septnma
318 3312 419 3363 octava
434 3322 566 3382 nonaque
583 3303 659 3363 luna.
689 3300 816 3363 Gadibus
831 3306 879 3382 qni
895 3313 941 3366 est
956 3304 1079 3364 delubro
1094 3304 1171 3366 ller-
1258 3347 1260 3361 .

173 3386 246 3445 culis
263 3401 418 3465 proxumus
433 3386 498 3445 fons
513 3386 641 3445 inclusus
658 3385 693 3445 ad
707 3385 787 3465 putei
798 3386 911 3446 modurn
923 3386 995 3446 alias
1007 3386 1094 3448 simul
1103 3406 1172 3478 curn

1257 3485 1259 3574 l
