2542 3842
139 148 179 211 32
521 156 552 204 o.
574 158 671 203 aurun
692 158 839 207 suounor

180 311 302 387 regione
317 308 418 369 ltaliae
432 318 536 369 ootava
556 318 707 370 centenum
722 328 858 371 annorum
875 312 954 371 aeusi
970 320 1033 374 sunt
1048 310 1178 376 homiues

180 407 284 467 nnn,⁴
298 403 451 453 centenum
477 393 580 453 denum
602 393 733 453 homiues
755 408 850 469 xmu,
875 404 1025 457 centenum
1047 397 1177 457 vicenum

182 480 294 555 quinum
315 476 444 537 homines
466 478 538 551 duo,
561 487 712 538 centenum
728 480 869 537 trioeoum
887 478 1016 542 hommes
1035 489 1177 557 quattuor,

181 570 331 621 centenum
352 563 489 621 trioenum
507 563 621 639 quinum
638 570 685 619 aut
706 572 856 640 septenum
877 564 1009 638 totidem,
1028 573 1178 637 centenum

139 654 188 708 165
198 644 412 723 quadragenum
434 643 564 705 homines
585 654 654 705 tres.
685 645 750 705 ulia
771 646 951 707 mortalitatis
974 650 1201 709 inconstantiam

180 728 320 789 Homerus
342 728 444 797 eadem
464 739 550 790 noete
573 738 655 790 natos
673 728 829 789 Hectorem
851 739 880 789 et
897 730 1101 805 Polydamanta
1122 742 1178 793 tra·

180 812 265 887 didit,
291 822 347 873 tam
368 812 501 873 diversae
523 814 608 872 sortis
631 814 719 871 viros.
751 811 782 873 C.
801 812 891 873 llario
914 812 965 876 Cn.
988 813 1121 877 Carbone
1137 830 1179 877 111

182 914 258 955 eoss.
283 916 309 957 a.
334 896 362 955 d.
385 887 510 975 quintum
536 896 651 957 kalend.
674 896 767 956 lunias
789 896 826 957 tt.
848 896 965 960 Caelius
988 897 1079 959 Rufus
1098 910 1126 959 et
1144 899 1177 961 G.

180 980 303 1041 Licinius
319 978 426 1041 Calvos
438 979 539 1040 eadem
554 980 600 1041 die
611 982 703 1057 geniti
713 991 788 1055 suut,
805 991 938 1044 oratores
954 982 1068 1059 quidem
1083 984 1177 1059 ambo,

179 1064 232 1123 sed
250 1074 305 1125 tam
321 1062 428 1141 dispari
449 1073 562 1123 eventu.
590 1064 648 1125 lno'o
666 1066 749 1125 etiam
770 1066 871 1125 iisdem
892 1066 972 1125 horis
994 1066 1178 1129 nascentibus
1189 1089 1213 1129 ro

180 1148 208 1207 iu
224 1157 286 1208 toto
301 1148 404 1209 mundo
421 1149 526 1207 cotidie
544 1150 656 1224 evenit,
675 1151 782 1227 pariter
797 1149 901 1209 domiui
916 1168 950 1209 ao
967 1152 1043 1211 servi
1057 1153 1177 1227 gignun-

181 1241 242 1308 tur,
258 1249 345 1308 reges
362 1241 392 1312 et
407 1233 518 1310 inopes.
1054 1250 1060 1255 ·

139 1325 189 1380 166
240 1317 290 1377 50.
313 1315 395 1394 (51.)
426 1314 542 1376 Publius
565 1313 719 1376 Cornelius
739 1316 847 1391 Rufus,
866 1319 914 1396 qui
929 1317 1032 1379 consul
1050 1336 1113 1377 oum
1128 1316 1176 1379 Μ’.

181 1397 267 1459 Carrio
283 1398 350 1471 fuit,
369 1398 512 1461 dormiens
535 1400 683 1461 oculorum
698 1401 789 1461 visum
804 1402 911 1475 amisit,
934 1402 1038 1461 numid
1060 1401 1114 1459 sihi
1129 1420 1177 1461 ao·
1231 1398 1234 1407 '

180 1483 277 1544 oidere
293 1483 471 1547 somniaret.¹
488 1502 505 1541 e
521 1483 636 1543 diverso
650 1482 796 1543 Pheraeos
812 1484 896 1545 lason
911 1484 1078 1562 deploratus
1091 1504 1107 1544 a
1118 1504 1176 1545 me·
1188 1504 1213 1545 rs

180 1568 250 1627 dieis
265 1568 396 1625 vomiuae
413 1566 532 1641 morbo,
552 1585 616 1628 oum
630 1578 750 1626 mortem
768 1570 796 1627 iu
810 1568 871 1627 anie
889 1578 1060 1645 quaereret,
1077 1568 1177 1629 volue-

179 1659 240 1709 rato
253 1658 375 1725 peotore
390 1649 557 1709 medicinam
569 1652 676 1709 invenit
693 1668 729 1709 ex
745 1652 838 1711 hoste.
862 1650 896 1723 Q.
911 1650 1016 1711 Fabius
1028 1650 1178 1713 Maxumus

179 1732 279 1792 oousul
301 1732 376 1809 apud
393 1732 625 1811 flumenplsaram
644 1734 757 1810 proelio
774 1736 916 1795 conmisso
934 1734 1073 1795 adversus
1095 1736 1179 1796 Allo·

178 1814 299 1891 brogum
316 1813 568 1894 Aruernorumque
583 1818 680 1892 gentis
695 1836 720 1876 a.
738 1818 765 1877 d.
778 1831 823 1877 VI.
836 1817 899 1875 idus
912 1816 1068 1892 Augustas,
1083 1832 1181 1879 cxxx

177 1896 206 1957 nl
230 1898 420 1977 perduellium
443 1902 554 1975 eaesis,
576 1899 650 1959 febri
671 1910 807 1979 quartana
828 1899 964 1961 liberatus
989 1910 1034 1961 est
1055 1903 1084 1961 in
1101 1905 1211 1965 antea

136 1990 186 2045 167
195 1981 337 2043 lnoertum
358 2002 392 2043 ao
413 1983 517 2061 fragile
540 1985 653 2043 nimium
676 1994 721 2043 est
742 1984 798 2045 hoo
819 2002 919 2045 munus
941 1994 1073 2060 naturae,
1096 1988 1179 2063 quid·

177 2066 245 2144 quid
262 2067 343 2129 datur
357 2068 451 2141 uobis,
469 2068 621 2145 malignum
637 2086 709 2127 vero
725 2078 754 2129 ot
769 2068 859 2129 breve
872 2070 956 2132 etiam
971 2071 998 2131 in
1013 2069 1057 2129 luis
1073 2070 1178 2146 quibus

177 2151 339 2229 largissime
356 2153 486 2229 contigit,
501 2154 666 2213 universum
679 2154 777 2230 utique
790 2154 855 2213 aevi
869 2163 981 2231 tempus
993 2152 1176 2215 intuentibus.
1257 2166 1258 2211 l

178 2236 245 2315 quid
270 2234 347 2314 quod
370 2238 577 2297 aestumatioue
603 2246 759 2297 noeturnae
785 2238 889 2315 quietis
915 2237 1028 2297 dimidio
1054 2238 1176 2314 quisque

176 2321 271 2398 spatio
288 2322 363 2379 vitae
380 2336 448 2379 suae
466 2320 553 2397 vivit,
569 2338 637 2399 pars
658 2338 749 2398 aequa
766 2324 850 2380 morti
867 2320 966 2381 similis
987 2321 1109 2397 exigitur
1126 2328 1212 2379 antas

177 2421 308 2482 poenae,
332 2403 385 2459 uisi
407 2403 527 2477 contigit
548 2400 654 2481 quies?
689 2422 743 2463 neu
766 2413 933 2483 reputantur
953 2404 1087 2486 infantiae
1110 2405 1177 2461 anni
1257 2428 1258 2431 ¹

177 2488 225 2563 qui
239 2502 327 2543 sensu
343 2493 459 2559 carent,
480 2503 537 2545 uon
552 2495 689 2547 senectae
712 2488 741 2547 in
757 2505 878 2564 poenam
894 2488 1012 2547 vivacis.
1043 2497 1084 2547 tot
1099 2488 1177 2563 peri·

177 2568 306 2628 eulorum
319 2586 446 2644 genera,
462 2577 504 2627 tot
518 2570 628 2642 morbi,
645 2578 687 2629 tot
704 2579 812 2643 metus,
829 2580 872 2629 tot
886 2588 990 2642 curae,
1011 2573 1117 2629 totiens
1134 2570 1176 2629 in-

135 2661 186 2715 168
195 2661 297 2713 vocata
314 2662 407 2714 morte
424 2662 453 2711 ut
470 2652 577 2713 nullum
590 2654 769 2731 frequentius
784 2657 821 2713 sit
837 2663 942 2713 votum.
974 2652 1081 2713 Natura
1104 2671 1176 2712 vero

175 2734 244 2796 nihil
261 2735 421 2797 homiuibus
444 2737 586 2797 brevitate
608 2737 683 2797 vitae
707 2739 847 2813 praestitit
867 2737 980 2798 melius.
1015 2734 1211 2797 hebesouuttt

176 2815 293 2895 seusus,
309 2820 437 2882 membra
453 2830 586 2899 torpent,
609 2824 800 2897 praemoritur
815 2823 907 2896 visus,
930 2821 1056 2895 auditus,
1080 2822 1176 2879 inoes-

176 2922 242 2979 sus,
265 2905 367 2965 dentes
391 2906 477 2965 etiam
497 2923 532 2965 ao
551 2904 683 2965 ciborum
702 2905 902 2979 instrumenta,
928 2915 957 2965 et
981 2915 1077 2967 tamen
1097 2905 1176 2963 vitae

176 2986 232 3048 lroo
248 2998 361 3065 tempus
375 2989 584 3049 adnumeratur.
615 3006 687 3065 ergo
703 3005 756 3066 pro
773 2987 910 3049 miraculo
927 2999 955 3048 et
973 2988 1000 3047 id
1016 2987 1178 3047 solitarium
1203 3000 1213 3025 ·

174 3073 318 3150 reperitur
343 3072 508 3149 exemplum
527 3071 822 3151 Xenophilimueioi,
853 3082 965 3137 eentum
991 3082 1022 3133 et
1047 3073 1177 3149 quinque

132 3156 272 3219 lotanuis
294 3156 401 3213 vixisse
418 3157 481 3215 siue
502 3156 561 3217 ullo
581 3157 713 3235 eorporis
728 3156 918 3218 iuuommodo.
953 3155 1006 3229 At,
1033 3152 1211 3229 lleroule,³⁵

175 3238 295 3315 reliquis
321 3238 452 3298 omnibus
477 3258 530 3317 per
557 3237 684 3316 singulas
710 3240 901 3301 membrorum
930 3242 1019 3317 partis
1047 3238 1177 3317 qualiter

173 3321 258 3381 nullis
279 3320 342 3380 aliis
363 3320 529 3380 animalibus
547 3324 638 3389 ,oertis
650 3322 781 3399 pestifer
804 3322 883 3383 oalor
903 3332 1012 3385 remeat
1029 3320 1109 3382 horis
1125 3331 1177 3383 aut

129 3469 132 3476 ¹
173 3405 271 3478 rigor,
298 3420 392 3479 neque
417 3403 496 3464 horis
517 3405 602 3464 modo
628 3404 681 3465 sed
703 3414 731 3463 et
753 3405 854 3465 diebus
877 3406 1067 3486 noctibusque
1092 3405 1177 3465 trinis
