2542 3842
177 170 236 231 trs
511 180 543 229 e.
566 180 663 227 eninr
683 179 835 229 saeuum

18 384 19 425 ι
131 348 164 402 tia
175 338 297 417 adparet
312 338 387 397 enim
404 336 487 397 simol
504 352 567 395 eum
582 336 731 397 trementis
747 333 958 395 arescentibus.
979 333 1031 395 ιι.
1047 331 1177 395 cicadae

172 436 229 481 non
245 430 401 481 naseuntur
414 421 443 480 iu
459 421 575 481 raritate
591 419 892 481 arborum—ideirco
904 436 962 479 non
972 427 1037 479 sunt
1050 414 1176 493 Cyrenis

173 508 250 567 circa
265 504 470 584 oppidum,
411 536 455 551 -·
488 522 543 563 uec
558 506 585 563 iu
601 504 709 603 campis
723 522 781 563 uec
793 504 821 563 in
836 503 948 580 frigidis
969 511 1017 563 aut
1030 500 1178 563 umbrosis

172 588 347 649 nemoribus.
374 598 420 649 est
432 589 571 666 quasdam
584 598 613 648 et
628 589 663 647 ιιι
678 586 809 647 loeomm
820 587 993 647 differentia.
1022 584 1178 646 inllilesia

173 675 296 751 regione
311 674 411 753 paucis
429 682 493 731 ιιιιιι
516 673 608 747 locis,
632 671 717 731 sed
708 689 737 731 ιι
751 669 940 770 Cephallania
956 663 1046 731 ιιιιιιι
1060 670 1203 748 quidemn

173 758 339 837 paenuriam
355 774 452 818 aarum
469 765 499 815 et
513 756 626 855 copiam
642 756 756 815 dirimit.
772 757 824 815 ιι
814 774 843 814 ιι
857 754 991 833 Rhegiuo
1004 771 1077 832 agro
1088 754 1177 815 silent

172 860 290 917 omues,
312 842 387 902 nltra
410 840 544 901 dumen'
535 860 563 901 ιι
582 840 721 901 Locrensi
737 848 850 901 canunt.
884 839 1033 899 Pinnarum
1051 838 1109 899 illis
1124 856 1174 897 sa·

171 937 234 986 tura
249 944 324 1005 quac
339 924 452 1004 apibus,
470 923 522 984 sed
537 942 591 1003 pro
607 940 735 1002 corpore
749 924 881 1004 amplior.

129 1018 163 1072 96
235 1009 285 1071 28.
305 1010 390 1089 (33.)
412 1007 591 1069 luseetorusr
609 1012 704 1067 autern
725 1009 869 1089 quaedam
888 1006 971 1069 binas
991 1016 1096 1085 gerunt
1113 1008 1175 1085 pin·

172 1112 234 1171 uss,
252 1104 283 1155 ιι
297 1110 430 1169 muscae,
454 1094 595 1173 quaedam
611 1102 782 1170 ιιιιιιιιι,
797 1102 829 1154 ιι
843 1110 925 1172 spes.
952 1091 1125 1151 membranis
1144 1100 1211 1155 etro

173 1179 293 1239 ciendae
314 1178 422 1237 volant.
453 1187 607 1257 quaternas
627 1177 735 1237 hahent
754 1194 828 1255 quae
852 1176 963 1237 aculeis
990 1176 1112 1243 inalvo
1129 1194 1175 1237 ar·

172 1273 292 1322 ιιιιιιιιιι.
323 1261 431 1323 nullum
454 1264 500 1321 eui
522 1262 611 1322 talum
632 1263 662 1321 iu
678 1279 730 1322 ore
744 1261 876 1340 pluribus
894 1278 979 1340 quana
994 1259 1070 1319 binis
1084 1260 1174 1320 adro-

172 1348 213 1406 lat
228 1347 331 1425 pinnis.
361 1346 420 1407 illis
437 1347 512 1406 enim
529 1344 647 1405 sltiosis
663 1363 749 1406 causa
768 1346 864 1407 datum
879 1355 941 1421 est,
959 1344 1004 1405 his
1018 1343 1174 1405 ariditatis

171 1430 259 1491 nullis
273 1446 373 1491 eorum
390 1432 494 1508 pinnae
509 1430 696 1491 revivescunt
709 1428 840 1491 arsisse.
870 1430 978 1491 nullutn
992 1431 1038 1492 eui
1054 1428 1176 1489 aculeus

171 1517 199 1575 in
216 1515 282 1574 alvo
297 1514 415 1592 bipinne
432 1524 487 1575 est.
1184 1536 1209 1579 rs
1256 1573 1257 1588 ,

129 1607 162 1661 97
236 1597 319 1674 (34.)
337 1596 514 1670 Quibusdam
529 1597 677 1673 piusarnru
696 1597 804 1659 tutelae
821 1605 919 1657 crusta
935 1598 1122 1675 supervenit,
1146 1607 1176 1657 ut
1256 1597 1257 1642 1

131 1698 134 1706 ⁴
171 1680 354 1755 scarabaeis,
378 1696 499 1759 quorum
521 1682 634 1739 tenuior
654 1680 957 1759 fragiliorque-pinna.
986 1681 1033 1739 his
1049 1690 1177 1758 negatus

171 1762 305 1837 aculeus,
331 1764 428 1823 sedin
445 1763 567 1841 quodam
585 1780 694 1839 genere
714 1780 813 1823 eorum
833 1763 936 1839 grandi
957 1779 1066 1823 cornua
1087 1782 1176 1841 prae·
1256 1797 1257 1846 p

171 1849 268 1927 longa,
284 1846 405 1907 bisulcis
419 1847 533 1907 dentata
549 1845 723 1905 loriicibus
714 1865 743 1904 m
765 1846 924 1923 cacumine,
941 1863 1015 1907 eun
1020 1844 1120 1922 libuit,
1136 1848 1179 1911 ιιι

169 1946 294 1991 morsum
311 1930 491 2005 coeuntibus,
508 1930 655 1989 solantium
664 1930 753 1993 ettam
767 1928 905 1991 remediis
922 1948 960 1991 ex
974 1929 1094 1989 ceruice
1110 1950 1177 1994 sus·
1184 1954 1210 1994 ιι

19 2008 25 2015 ’
127 2016 343 2094 rependuntur,
360 2016 480 2077 locavos
497 2023 584 2075 vocat
599 2015 655 2075 hos
669 1996 811 2091 Nigidius.
859 2014 937 2075 aliud
951 2032 1052 2073 ιιιιιι
1069 2031 1175 2078 eorum

169 2118 261 2177 genus
282 2101 332 2180 qui
348 2119 365 2161 e
381 2100 447 2160 iimo
463 2101 587 2177 ingentis
603 2099 679 2178 pilas
702 2101 797 2159 aversi
824 2098 948 2178 pedibus
961 2097 1092 2159 volutant
1107 2118 1175 2199 par·

170 2202 282 2264 vosque
297 2186 325 2246 in
341 2186 377 2244 ιιι
392 2193 492 2245 centra
515 2186 641 2261 rigorem
664 2184 766 2243 hiemis
781 2183 957 2243 vermiculos
975 2183 1053 2242 letus
1073 2184 1174 2245 suini·

170 2270 312 2329 dulantur.
351 2270 473 2329 volitant
488 2269 535 2328 alii
552 2284 656 2345 maguo
673 2286 736 2327 corn
754 2286 898 2328 mumure
916 2276 963 2327 ιιι
977 2268 1102 2344 mugitu,
1122 2266 1173 2324 alii

170 2354 255 2432 iocos
270 2362 300 2413 et
311 2362 393 2430 prata
409 2349 522 2411 crebris
535 2352 723 2414 [oraminibus
738 2361 880 2412 excavant
893 2360 1036 2411 nocturno
1048 2349 1168 2412 stridore
1177 2374 1210 2415 ις

145 2442 147 2449 ’
169 2439 298 2497 ιιιιιιι.
330 2436 428 2494 lucent
448 2436 554 2511 ιςιιιιιιι
569 2436 657 2495 modo
673 2446 776 2510 noem,
798 2436 919 2496 laterum
938 2445 968 2494 et
983 2435 1107 2495 clunium
1120 2448 1172 2492 co·

169 2522 232 2581 lore
248 2518 434 2596 lampyridas,
451 2536 526 2579 nunc
541 2520 690 2597 pinnarum
704 2520 780 2579 hiatu
795 2519 990 2596 refulgentes,
1008 2537 1082 2579 nunc
1098 2534 1175 2575 vero

170 2620 331 2681 conpressu
348 2602 554 2676 obumbratae,
569 2620 626 2662 non
641 2611 708 2662 ante
721 2611 831 2663 matura
849 2601 955 2681 pabula
972 2612 1019 2665 ιιι
1034 2608 1101 2679 post
1119 2598 1175 2659 de·
1255 2635 1256 2638 =

126 2696 160 2751 99
172 2695 252 2745 secta
270 2690 457 2767 conspicuae.
489 2686 513 2747 tt
530 2688 676 2746 contrario
691 2685 874 2747 tenebrarum
889 2687 1001 2749 alumna
1016 2684 1115 2745 blattis
1128 2685 1176 2743 ui·

126 2782 128 2794 “
168 2781 214 2845 ta,
231 2770 384 2849 lucemque
401 2772 511 2849 logium
526 2770 554 2829 iu
570 2770 695 2831 balineis
710 2788 842 2831 manare
862 2772 957 2832 antido
976 2787 1087 2849 vapore
1103 2785 1172 2847 pro·
1183 2788 1212 2829 os
1255 2787 1256 2798 ¹

169 2864 283 2930 gnatae.
322 2855 431 2915 lodiunt
454 2873 493 2915 ex
513 2854 615 2915 eodem
633 2872 745 2932 genere
766 2854 844 2915 rutili
866 2863 953 2934 atque
971 2853 1174 2932 praegrandes

127 2940 132 2950 '
168 2940 318 3000 scarabaei
333 2938 467 3001 tellurem
483 2940 592 3000 aridam
606 2938 749 3017 laresque
763 2956 871 3017 parvae
882 2948 912 2999 et
922 2939 1073 2999 fistulosae
1083 2937 1173 2998 modo

169 3042 319 3102 spongeae
332 3024 504 3085 emedicato
515 3024 602 3083 melle
614 3024 733 3101 lingunt.
751 3022 915 3083 lnl'hreeia
925 3025 1003 3083 iuxta
1014 3021 1175 3099 Olynthum

169 3110 250 3167 locos
267 3116 312 3165 est
327 3122 435 3185 parvos
450 3109 478 3166 iu
494 3126 551 3186 quo
567 3126 653 3168 unum
673 3108 729 3167 hoc
749 3106 852 3167 animal
871 3108 1064 3184 exanimatur,
1085 3106 1125 3167 ob
1142 3106 1174 3167 id

126 3202 177 3253 100
188 3189 446 3251 Cantharolethrus
466 3192 641 3269 appellatus.
683 3192 788 3251 Pinnae
809 3191 931 3252 inseetis
952 3190 1085 3251 omnihus
1107 3194 1214 3255 aines

167 3277 304 3335 scissura.
322 3275 391 3335 nulli
408 3274 498 3335 cauda
515 3278 569 3334 nisi
585 3277 742 3353 scorpioni.
766 3275 813 3335 hic
828 3292 927 3335 eorum
942 3276 1024 3335 solus
1039 3284 1070 3334 et
1084 3275 1172 3336 brae-

168 3358 232 3418 chia
248 3358 337 3419 hahet
352 3366 382 3417 et
396 3359 425 3416 in
440 3359 529 3423 cauda
545 3358 696 3436 spiculum.
721 3360 897 3437 reliquorum
913 3359 1083 3438 quibusdam
1100 3377 1172 3421 acu·

168 3439 231 3498 leus
247 3441 276 3499 in
291 3458 354 3516 ore,
370 3448 400 3500 ιι
415 3440 505 3513 asilo,
525 3444 587 3499 sive
603 3442 735 3503 tabanum
750 3444 805 3503 dici
822 3442 933 3519 placet,
951 3445 1020 3503 item
1036 3444 1123 3503 culici
1139 3452 1173 3505 et
