2542 3842
174 186 234 247 172
332 233 338 243 .
502 194 531 243 o.
554 195 651 242 sunu
670 194 820 243 soccum

170 364 261 415 henna
276 350 397 411 baereat
412 349 513 429 plaga,
535 367 652 429 semper
665 350 693 409 in
708 348 831 409 medium
848 353 952 428 currit,
968 354 1033 432 quia
1052 354 1095 411 sio
1111 371 1173 413 ma-

128 448 255 501 iiixume
273 444 364 494 totum
386 433 576 493 concutiendo
594 433 722 513 inplicat.
755 435 847 493 scissa
867 438 997 514 protinus
1017 437 1112 496 reiicit
1135 437 1175 496 ad

172 521 324 601 polituram
346 520 484 578 sarciens.
520 526 642 597 namque
658 527 688 577 et
704 517 878 577 lacertarum
901 520 1012 580 catulos
1028 530 1176 579 venantur

171 623 205 667 os
216 606 335 683 primum
348 603 407 662 tela
418 600 600 661 involventes
613 612 642 662 et
650 611 716 661 trrnc
726 601 838 662 demum
849 602 931 662 labra
940 614 1060 682 utraque
1070 622 1175 663 morsu

171 686 433 767 adprehendentes,
444 684 673 763 amphitheatrali
686 683 866 764 spectaculo,
877 704 940 746 cum
950 690 1080 765 contigit.
1098 690 1172 747 Sunt
1185 713 1200 751 s

171 788 256 831 exeo
273 780 302 831 et
315 772 441 847 auguria.
459 771 567 848 quippe
582 771 759 828 incremento
772 771 892 830 amulum
904 771 1006 831 futuro.
1016 773 1090 832 telas
1103 790 1172 831 suas

172 856 256 915 altius
274 853 387 913 tollunt.
422 852 507 913 iidem
523 870 627 912 sereno
643 869 699 912 uon
714 861 825 929 texunt,
841 854 939 914 nubilo
954 863 1063 914 texunt.
1090 856 1171 915 ideo-

172 957 229 1018 que
250 938 337 998 multa
358 954 464 997 aranea
482 936 610 995 imbrium
628 939 710 1015 signa
732 946 805 996 sunt.
837 938 970 999 feminam
986 946 1088 1018 putant
1103 957 1171 998 esse

171 1039 245 1100 quae
273 1030 368 1096 texat,
397 1038 504 1080 marem
536 1022 583 1100 qui
614 1030 745 1081 venetur.
797 1022 836 1081 ita
867 1024 946 1101 paria
976 1023 1039 1082 lieri
1070 1024 1172 1082 merita

169 1107 318 1183 coniugio.
1181 1127 1208 1167 ro

129 1199 164 1254 85
229 1188 312 1267 (29.)
327 1189 435 1247 Aranei
447 1188 619 1247 conveniunt
631 1187 773 1264 clunibus,
790 1190 902 1267 pariunt
916 1189 1092 1249 vermiculos
1109 1190 1173 1248 onis

117 1317 120 1323 ·
173 1274 282 1333 similis.
313 1289 448 1332 namuco
463 1272 564 1332 horum
579 1270 689 1332 dilierri
703 1280 803 1351 potest
818 1275 960 1350 genitura,
981 1276 1116 1353 qnoniam
1130 1275 1173 1332 in·

173 1365 319 1417 sectorum
334 1358 383 1415 vix
403 1354 461 1415 ulla
480 1357 535 1415 alia
552 1358 678 1415 narratio
696 1366 749 1415 est.
784 1358 1012 1435 pariuntfautem
1033 1360 1126 1416 omnia
1144 1359 1175 1416 in

172 1441 246 1516 tela,
270 1440 323 1500 sed
338 1455 439 1517 sparsa
460 1456 514 1516 qua
535 1439 639 1499 saliunt
659 1448 745 1518 atque
768 1440 806 1499 ita
829 1442 926 1500 emittu
947 1450 966 1500 t.
1015 1440 1174 1517 Phalangio

172 1534 278 1585 tanturn
290 1526 318 1582 in
332 1525 397 1600 ipsc
413 1540 503 1600 specu
521 1523 655 1582 incubant
664 1540 796 1598 magnum
807 1461 952 1583 numerulh
967 1526 1026 1604 qui,
1038 1532 1068 1583 ut
1078 1542 1173 1583 emer·
1184 1536 1208 1576 ¹⁵

172 1611 226 1682 sit,
244 1615 361 1665 matrem
379 1606 533 1680 consumit,
557 1623 648 1683 saepe
669 1615 698 1664 et
714 1616 835 1683 patrem.
863 1608 978 1667 adiuvat
997 1610 1072 1667 enim
1091 1609 1173 1667 iocu-

171 1691 250 1750 bare.
281 1690 394 1764 pariunt
409 1694 501 1745 autem
518 1697 547 1747 et
561 1690 699 1763 tricenos,
720 1698 838 1747 ceterae
853 1692 1017 1766 pauciores.
1046 1699 1077 1750 et
1091 1693 1175 1750 incu-

170 1773 238 1830 bant
253 1770 357 1829 triduo.
387 1767 623 1837 consummantur
638 1774 736 1831 aranei
751 1780 852 1850 quater
866 1772 997 1848 septenis
1013 1773 1129 1832 diebus.

130 1866 164 1919 86
228 1852 277 1912 25.
296 1852 379 1932 (30.)
396 1853 533 1912 Similiter
546 1853 591 1912 his
610 1855 828 1932 et‘scorpiones
848 1862 1005 1913 terrestres
1027 1859 1175 1917 vermicu·

171 1938 218 1997 los
234 1954 353 1996 ovorum
368 1938 469 2015 specie
485 1938 597 2015 pariunt
612 1937 800 2017 similiterque
816 1948 948 2016 pereunt,
965 1938 1056 2016 pestis
1071 1940 1209 2016 inpor·so

171 2030 254 2097 tuna,
276 2022 381 2081 veneni
402 2023 591 2099 serpentium,
613 2022 667 2082 nisi
681 2022 760 2100 quod
775 2024 911 2099 graviore
927 2018 1071 2100 supplicio
1093 2020 1174 2082 lenta
1254 2047 1255 2076 ;

170 2103 226 2184 ¹per
240 2105 363 2165 triduum
379 2113 471 2165 morte
489 2106 653 2181 conficiunt,
669 2104 827 2181 virginibus
843 2106 922 2165 letali
936 2122 1055 2185 semper
1068 2108 1127 2165 ictu
1144 2116 1174 2165 et
1254 2127 1255 2164 r

172 2190 285 2249 leminis
305 2189 370 2250 iere
388 2191 416 2249 in
431 2198 534 2267 totum,
550 2190 619 2249 airis
633 2200 726 2249 autem
742 2192 897 2265 matutino,
914 2198 1054 2249 exeuntes
1071 2205 1170 2249 caver·

162 2266 217 2333 ¹nis
232 2275 398 2352 priusquam
414 2274 511 2351 aliquo
533 2273 651 2334 fortuito
668 2275 726 2332 ictu
742 2275 864 2333 ieiunum
883 2282 1003 2351 egerant
1019 2290 1165 2332 venenum.
1254 2327 1255 2344 ,

130 2364 162 2420 at
174 2372 291 2436 semper
306 2358 395 2417 cauda
408 2358 436 2413 in
452 2357 508 2413 iutu
526 2366 594 2436 est,
604 2357 742 2435 nulloque
755 2366 900 2417 momento
915 2357 1045 2416 meditari
1062 2362 1167 2431 cessat,
1177 2372 1207 2414 ts
1254 2361 1255 2414 i

173 2456 209 2499 ne
233 2439 345 2519 quando
367 2437 443 2497 desit
466 2442 622 2499 occasioni.
654 2440 722 2499 ierit
744 2449 773 2498 et
793 2440 913 2518 obliquo
929 2442 986 2499 ictu
1000 2450 1038 2499 et
1052 2437 1169 2516 inde'xu.
1254 2427 1255 2522 l

174 2538 315 2583 venenum
331 2521 365 2580 ab
382 2523 417 2581 iis
434 2522 582 2582 candidum
597 2524 676 2581 iundi
691 2522 889 2601 Apollodorus
902 2533 1003 2583 auctor
1017 2532 1061 2582 est
1075 2525 1102 2580 in
1116 2538 1170 2578 no·
1254 2577 1255 2612 ,

141 2614 144 2619 ’
175 2621 238 2666 vern
262 2620 371 2681 genero
397 2606 552 2684 descriptis
577 2624 630 2684 per
652 2607 769 2665 colores
798 2624 946 2682 maxume,
975 2621 1173 2685 supervacuo,
1254 2629 1255 2676 1

173 2688 307 2768 quoniam
318 2706 375 2749 non
388 2698 433 2749 est
448 2690 524 2748 scire
537 2705 611 2767 quos
626 2691 747 2748 minume
764 2690 889 2751 exitialis
903 2690 1087 2768 praedixerit.
1117 2706 1170 2765 ge·
1254 2695 1255 2764 i

171 2773 263 2831 minos
279 2772 447 2851 quibusdam
465 2772 584 2833 aculeos
602 2790 680 2848 esse,
696 2775 840 2853 marisque
856 2775 1040 2845 saevissimos
1054 2805 1091 2818 —
1106 2786 1206 2832 naman
1254 2821 1255 2824 ,

174 2856 279 2915 coitum
291 2858 326 2915 iis
338 2854 435 2915 tribuit
443 2892 495 2932 -,
511 2857 641 2934 intellegi
657 2867 751 2919 autem
765 2858 929 2934 gracilitate
941 2867 971 2918 et
980 2856 1169 2934 longitudine.

131 2945 314 3001 teveredum
327 2939 457 3000 omnibus
469 2941 564 3001 medio
580 2940 638 3017 die,
652 2959 714 3001 cum
729 2941 905 3001 incanduere
918 2940 990 3001 solis
1006 2939 1170 3015 ardoribus,

173 3024 310 3101 itemque,
327 3040 390 3083 oum
408 3024 515 3100 sitiunt,
532 3024 727 3103 inexplebiles
740 3035 836 3104 potus.
869 3022 988 3084 Constat
1003 3034 1033 3083 et
1048 3033 1172 3102 septena

137 3097 143 3121 ⁸
174 3106 283 3167 caudae
304 3106 463 3182 iutequia
484 3110 617 3169 saeviora
645 3127 723 3168 esse.
756 3108 886 3187 pluribus
909 3110 983 3167 euim
1005 3125 1074 3167 sena
1097 3111 1170 3165 sunt.

172 3188 236 3251 lloo
249 3189 353 3250 malurn
370 3190 488 3251 Africae
502 3191 623 3251 volucre
645 3194 730 3252 etiam
749 3194 837 3251 austri
858 3193 966 3252 iaciunt
980 3190 1205 3268 pandentibustt

113 3324 115 3329 ,
172 3271 308 3333 bracchia
334 3282 364 3332 ut
391 3276 510 3351 remigio
536 3275 730 3335 sublevantes.
768 3275 967 3353 Apollodoms
990 3276 1065 3335 idem
1085 3274 1172 3352 plane

113 3404 115 3408 ,
174 3356 341 3432 quibusdam
356 3358 454 3415 inesse
470 3361 570 3433 pinnas
585 3360 680 3417 tradit.
704 3360 802 3435 Saepe
817 3358 917 3433 Psylli,
933 3360 982 3437 qui
997 3358 1173 3435 reliquarum

91 3445 97 3454 ·
174 3453 285 3497 venena
314 3448 454 3497 terrarum
481 3439 650 3498 invehentes
673 3451 809 3517 quaestus
832 3444 875 3500 sui
899 3459 986 3501 causa
1007 3441 1172 3519 peregrinis
