2542 3842
303 144 414 225 ouau.
436 143 528 191 orsu.
550 144 612 191 vu.
636 142 757 197 ιιι-60.
783 132 935 212 (ιιι-60.)
1089 137 1125 196 li
1224 162 1227 168 ·

125 299 233 378 antiqui
255 300 349 372 aeris,
375 316 450 375 quae
469 308 514 357 est
537 297 666 358 hodiem
682 298 791 359 Palatio
810 300 886 359 douo
905 300 1063 377 principum
1080 300 1130 361 lili-

125 402 234 442 nervae
257 383 401 441 dicatam
429 382 623 458 bibliotheca
646 400 709 441 cum
729 383 915 460 inscriptione
934 385 1004 446 tali:
1006 386 1131 447 NA-Y

124 459 366 528 ΣΙΚΡΑΤΗΣ
394 466 608 526 ΑΝΕΘΕΤΟ
631 466 726 527 THI
750 466 864 527 ΔΙΟΣ
892 468 1037 529 KOPHI
1051 472 1130 531 ΔΕ-

125 550 291 612 ΚΑΤΑΝ
304 544 646 620 ΑΛΕΞΙΟΔῬΝΟΝ
650 544 791 613 ΩΝΑΟ.

101 651 128 691 s
186 636 236 694 59.
262 633 345 715 (59.)
373 636 509 735 Sequens
522 638 649 711 gentium
662 653 821 695 consensus
833 636 860 694 in
872 633 1035 694 tonsoribus
1049 636 1101 695 fuit
1103 649 1168 713 ,111

125 720 179 779 sed
194 718 332 779 anama
349 718 467 779 tardior.
499 719 528 777 in
549 718 658 779 ltaliam
676 736 714 779 ex
734 718 793 781 sict
795 720 832 779 lia
850 734 963 781 venere
984 707 1050 797 post
1070 721 1128 780 Ro·

124 821 199 863 mam
215 804 358 863 conditam
374 819 448 861 auno
469 803 752 881 quadringentesimo
770 806 1007 883 quinquagesimo
1026 816 1127 881 quarto

125 887 289 948 adducente
310 887 341 947 P.
365 887 469 947 Titinio
492 886 594 965 blena,
614 896 645 946 ut
668 898 769 947 auctor
790 897 835 947 est
852 888 954 947 Varro.
987 891 1095 947 antea'
1087 909 1126 948 rn-

126 973 204 1031 tonsi
225 973 317 1037 luere.
351 973 458 1050 primos
479 975 603 1031 omnium
626 973 686 1032 radi
709 972 814 1031 cotidie
836 973 954 1031 instituit
975 969 1128 1033 Africanus

90 1067 115 1108 ¹⁰
127 1074 270 1133 sequens,
288 1054 371 1115 divos
389 1056 536 1132 Augustus
553 1055 653 1115 cultris
669 1073 785 1134 semper
802 1074 869 1114 usus
887 1064 940 1114 est.
970 1113 976 1127 x
1003 1063 1033 1099 ⁶-
1057 1084 1071 1097 .,

189 1140 239 1200 60.
254 1141 337 1220 (60.)
351 1140 465 1199 Tertius
475 1155 635 1199 cousensus
649 1140 701 1198 luit
713 1143 740 1198 in
752 1140 885 1199 horarum
897 1140 1169 1205 observatione.212

79 1235 82 1241 ·
124 1224 182 1283 iarn
194 1222 259 1283 hnic
277 1226 380 1283 rationi
391 1224 536 1283 accedens
553 1222 667 1301 quando
684 1234 739 1283 eta
752 1241 809 1301 ouo
824 1225 853 1281 iu
865 1221 986 1283 Graecia
998 1232 1126 1301 reperta,

126 1308 248 1368 diximus
260 1308 390 1368 secundo
401 1306 555 1366 volumine.
573 1308 665 1366 serius
682 1309 765 1367 etiam
783 1307 839 1366 hoc
852 1304 960 1367 Romae
978 1309 1106 1384 contigit.
1116 1328 1168 1370 aaa

122 1389 279 1451 'duodecim
290 1390 396 1451 tabulis
408 1401 488 1450 ortus
496 1400 603 1450 tantum
615 1401 644 1450 et
656 1410 779 1451 occasus
796 1393 982 1465 nominantur,
996 1400 1063 1469 post
1075 1392 1125 1451 ali-

91 1492 115 1533 ιι
127 1486 197 1556 quot
212 1493 302 1535 annos
316 1477 446 1536 adiectus
462 1484 506 1533 est
518 1485 547 1535 et
558 1474 704 1552 meridies,
717 1491 841 1535 accenso
855 1474 1003 1534 consulum
1016 1474 1042 1533 ld
1058 1492 1125 1553 pro-

124 1562 288 1635 nuntiante,
306 1578 370 1620 cum
388 1577 403 1619 a
422 1561 500 1619 curia
518 1562 592 1619 inter
607 1558 712 1619 Rostra
731 1568 759 1618 et
775 1558 986 1619 Graecostasim
1002 1576 1123 1637 prospe-

123 1645 216 1703 xisset
231 1643 335 1719 solem,
352 1662 368 1703 a
384 1644 515 1703 columna
529 1642 641 1703 lilaeuia
659 1644 694 1703 ad
713 1660 861 1703 carcerem
877 1644 1012 1702 inclinato
1030 1644 1125 1725 sidere

124 1746 287 1827 supremam
300 1713 508 1807 pronuntiavit,
526 1727 579 1787 sed
591 1728 648 1788 boc
663 1729 774 1787 serenis
786 1738 891 1787 tantum
904 1726 1005 1786 diebus
1008 1720 1125 1805 usque

124 1812 159 1871 ad
176 1814 296 1890 primum
311 1812 445 1871 Punicum
459 1810 576 1871 bellum.
605 1813 741 1890 princeps
754 1811 889 1871 Romanis
903 1811 1039 1872 solarium
1055 1812 1106 1869 ho·
1115 1820 1168 1874 213

87 1906 114 1946 ιο
124 1896 267 1973 rologium
275 1898 410 1955 statuisse
422 1904 488 1955 ante
500 1896 651 1955 duodecim
663 1914 753 1955 anuos
765 1914 848 1973 quam
858 1914 920 1954 cum
930 1895 1020 1971 Pyrro
1033 1894 1124 1955 bella·

124 1987 183 2037 tum
204 1988 250 2037 est
271 1980 307 2038 ad
328 1979 430 2039 aedem
446 1978 555 2052 Quirini
572 1979 602 2038 L.
619 1980 749 2056 Papirius
767 1978 891 2052 Cursor,
910 1996 973 2037 cum
995 1996 1058 2037 eam
1075 1977 1123 2037 de·
1168 2022 1173 2049 ,

124 2062 234 2123 dicaret
251 2080 272 2121 a
298 2071 384 2141 patre·
405 2078 458 2120 suo
475 2071 588 2135 votam,
613 2079 628 2120 a
653 2062 742 2121 Fabio
763 2062 883 2120 Vestale
901 2060 1041 2139 proditur.
1071 2063 1124 2121 sed

123 2164 219 2224 aeque
247 2146 315 2205 lacti
340 2145 476 2223 horologi
502 2147 641 2204 rationem
666 2144 715 2203 vel
741 2146 878 2204 artificem
907 2144 1048 2219 significat
1069 2162 1124 2205 nec
1226 2199 1229 2216 ,

123 2232 199 2290 uude
216 2229 381 2289 translatum
396 2231 433 2288 sit
448 2238 495 2287 aut
510 2229 585 2306 apud
598 2246 682 2306 quem
698 2228 834 2307 scriptum
850 2226 877 2285 id
894 2226 1166 2292 ravennianum

87 2323 113 2363 ²⁵
123 2312 218 2372 Varro
233 2314 377 2392 primum
370 2315 527 2371 statutum
518 2331 546 2371 ιιι
565 2312 683 2391 publico
703 2312 858 2371 secundum
874 2310 1005 2369 Rostra'
998 2328 1025 2369 m
1043 2312 1122 2372 colu·

122 2414 186 2455 mna
202 2397 287 2457 tradit
299 2396 379 2456 bello
397 2396 503 2456 Punico
515 2397 607 2475 primo
623 2394 699 2456 alil'.
718 2396 837 2455 Valerio
852 2394 977 2475 Messala
1002 2395 1122 2453 consule

124 2478 225 2539 [latina
238 2482 342 2558 capta
333 2501 362 2542 m
374 2480 482 2555 Sicilia,
497 2480 677 2559 deportatum
687 2481 751 2541 iude
765 2488 831 2559 post
846 2492 919 2539 xxx
935 2496 1023 2538 annos
1039 2496 1123 2559 quam

63 2558 77 2577 '
122 2565 159 2624 de
171 2562 321 2640 Papiriano
334 2564 489 2641 horologio
502 2565 631 2640 traditur
644 2580 717 2625 anno
731 2564 809 2623 urbis
822 2574 1050 2623 dccccxxxxr.
1067 2578 1123 2622 nec

123 2646 322 2723 congruebant
339 2650 374 2709 ad
390 2648 477 2708 horas
500 2648 561 2707 eius
577 2648 679 2723 linias,
697 2656 853 2727 paruerunt
873 2656 967 2705 tamen
1002 2667 1025 2706 rs
1043 2648 1122 2709 annis

87 2728 329 2806 soundeceutum,
351 2732 445 2791 donec
468 2731 503 2805 Q.
526 2731 650 2791 Marcius
672 2732 819 2811 Philippus
837 2732 963 2807 quicum
983 2664 1015 2788 Μ.
1033 2731 1121 2791 Paulo

20 2828 23 2835 ·
121 2812 174 2872 icit
192 2832 297 2873 censor
319 2816 483 2893 diligentius
505 2815 664 2875 ordinatum
685 2818 763 2875 iuxta
785 2816 896 2893 posuit,
915 2813 1001 2891 idque
1022 2832 1121 2874 munus

121 2898 196 2956 iuter
212 2899 345 2958 censoria
361 2916 451 2976 opera
467 2900 628 2976 gratissime
649 2896 868 2977 acceptum‘est.
897 2898 1046 2956 etiamnum
1060 2908 1101 2958 ta·
1112 2908 1164 2961 215

120 3000 185 3040 meu
200 2980 298 3041 nubilo
311 2984 438 3043 incertae
454 2982 535 3041 luere
547 2982 636 3042 horae
648 3001 739 3061 usque
756 2980 791 3040 ad
807 2997 976 3060 proxumum
992 2980 1119 3041 lustrum.

121 3073 188 3125 tuuc
203 3068 302 3145 Scipio
320 3066 425 3126 Nasica
443 3066 558 3143 collega
573 3064 690 3125 laenati
708 3066 815 3145 primus
832 3083 904 3145 aqua
921 3064 1017 3124 divisit
1034 3063 1120 3125 boras
1173 3076 1180 3101 ι

85 3154 215 3226 ³⁵aeque
228 3152 354 3210 noctium
369 3168 404 3209 ac
419 3150 538 3224 dicrum,
555 3148 641 3229 idque
658 3149 841 3225 horologium
857 3147 999 3208 subtecto
1016 3148 1121 3210 dicarit

121 3249 194 3290 auno
209 3234 287 3293 urbis
301 3246 405 3293 Dxcv.
433 3232 537 3294 tamdiu
554 3232 663 3313 populo
680 3233 809 3292 Romano
825 3231 978 3293 indiscreta
994 3232 1042 3291 lux
1058 3230 1154 3307 luit.

119 3312 202 3377 Nunc
217 3326 398 3377 revertemur
412 3316 448 3377 ad
463 3316 574 3394 reliqua
592 3316 722 3378 animalia
737 3318 915 3397 primumque
929 3317 1087 3377 terrestria

542 3438 743 3453 ——b-—-
