2542 3842
192 184 252 249 208
355 236 359 241 .
457 248 459 253 ,
529 194 559 243 o.
579 194 674 243 eumn
697 197 844 245 saeuum

152 364 201 419 116
210 353 318 412 Dianae
336 351 471 430 conplexi
488 369 505 412 e
527 352 648 411 diversis
663 349 829 427 regionibus
845 351 900 410 duo
917 352 1098 411 Selenuntes.
1133 349 1174 412 Ab

192 437 310 515 Epheso
325 435 440 494 Matium
456 435 531 496 aliud
548 432 791 513 Colophoniorum
805 443 833 494 et
850 435 924 494 intus
939 437 1001 514 ipsa
1018 433 1174 513 Colophon,

191 521 300 580 Haleso
315 519 467 579 adlluente.
499 519 564 578 inde
576 519 720 596 Apollinis
737 516 823 578 Clarii
838 518 943 593 fanum,
958 517 1102 578 lebedos.
1127 519 1175 578 luit

193 612 223 664 et
237 601 352 662 Notium
367 602 528 681 oppidum·
542 603 766 680 promontorium
783 599 970 677 Cyrenaeum,
986 620 1066 662 mons
1082 601 1174 661 Mimas

194 686 238 747 CL
252 685 281 745 M
297 704 430 765 passuum
450 703 608 745 excurrens
623 694 710 764 atque
732 687 760 743 in
780 685 989 746 continentibus
1011 688 1118 763 campis
1132 704 1196 746 res

135 794 139 802 ·
192 770 299 830 sidens.
336 787 392 847 quo
414 770 443 827 iu
464 767 672 843 locoMagnns
695 767 862 828 Alexander
882 771 1014 829 intercidi
1034 770 1176 848 planitiem

192 873 255 914 eam
275 855 397 912 iusserat
411 851 464 911 VH
486 851 515 910 M
536 849 562 909 D
585 868 720 928 passuum
742 851 935 928 longitudine,
960 862 990 910 ut
1011 853 1083 912 duos
1103 855 1176 912 sinus

151 946 199 1003 117
209 941 340 1013 iungeret
360 934 556 1011 Erythrasque
579 951 643 992 cum
660 933 791 994 Mimante
817 936 1066 996 circumfunderet.
1098 935 1176 996 quta

193 1040 243 1082 eas
259 1021 372 1079 luerunt
386 1019 491 1096 oppida
506 1016 644 1093 Pteleon,
665 1016 770 1093 Helos,
790 1017 915 1095 Dorion,
938 1037 1011 1078 nunc
1028 1029 1072 1080 est
1085 1019 1176 1078 Aleon

191 1106 309 1179 fluvius,
337 1100 518 1176 Corynaeum
542 1100 683 1161 Mimantis
710 1105 948 1180 promontorium,
977 1101 1175 1177 Clazomenae,
1186 1121 1209 1162 ro

101 1187 106 1208 ‘
191 1188 341 1248 Partheuie
366 1193 395 1244 et
414 1185 515 1264 Hippi,
543 1182 754 1264 chytrophoria
780 1185 958 1264 appellatae,
987 1203 1049 1244 cum
1069 1187 1175 1246 insulae

193 1280 300 1332 esseut.
337 1268 504 1329 Alexander
524 1268 599 1328 idem
619 1287 673 1347 per
697 1269 754 1328 duo
775 1269 865 1329 stadia
886 1271 1042 1330 continenti
1063 1270 1174 1329 adiecit.

191 1355 330 1415 luteriere
353 1355 427 1411 lutus
442 1352 579 1430 Daphnus
595 1361 624 1411 et
639 1352 788 1412 Hermesta
809 1362 837 1411 et
853 1354 980 1431 Sipylum
998 1354 1074 1430 quod
1095 1362 1175 1412 antea

192 1437 317 1499 Tantalis
332 1435 507 1511 vocabatur,
528 1445 615 1514 caput
628 1435 794 1510 Maeoniae,
815 1436 864 1494 ubi
883 1454 956 1495 nunc
978 1445 1023 1495 est
1046 1446 1176 1514 stagnum
1258 1453 1259 1464 ¹

191 1522 268 1583 Sale.
311 1519 382 1579 obiit
409 1529 437 1578 et
460 1518 673 1596 Archaeopolis
697 1519 849 1578 substituta
870 1520 970 1598 Sipylo
994 1529 1023 1578 et
1046 1521 1111 1579 inde
1132 1519 1173 1578 illi
1186 1535 1209 1574 rs

122 1653 127 1662 .
150 1615 200 1670 118
210 1602 302 1681 Colpe
324 1613 354 1662 et
372 1602 438 1661 huic
458 1600 574 1660 Libade.
621 1601 860 1679 Regredieutibus
882 1603 947 1662 inde
968 1603 1052 1663 abest
1071 1601 1125 1684 ΧΠ
1145 1601 1174 1662 Μ

191 1703 325 1765 passuum
340 1684 375 1744 ab
391 1684 534 1743 Amazone
551 1684 675 1759 condita,
690 1687 819 1745 restituta
836 1685 872 1746 ab
886 1686 1062 1762 Alexandro,
1079 1689 1107 1745 in
1124 1703 1174 1745 ora

192 1770 330 1843 Zmyrna,
357 1785 437 1826 amne
460 1766 568 1827 Melete
588 1768 717 1844 gaudens
739 1786 795 1827 non
818 1770 921 1846 procul
944 1779 1017 1830 orto.
1063 1770 1174 1829 Montes

191 1853 278 1911 Asiae
293 1850 461 1909 nobilissimi
478 1851 506 1908 iu
521 1850 577 1910 hoc
596 1861 689 1911 tractu
711 1852 772 1911 lere
794 1853 939 1931 explicant
954 1872 995 1912 se.
1026 1853 1173 1929 Mastusia,

192 1954 208 1994 a
227 1944 310 2010 tergo
328 1933 466 2009 Zmyrnae
489 1944 517 1993 et
534 1933 691 2010 Termetis,
718 1935 830 2014 Olympi
852 1936 995 1998 radicibus
1018 1938 1118 1996 iunctis
1143 1939 1208 1996 ineo

190 2018 323 2079 Dracone
341 2018 458 2093 desinit,
472 2016 567 2077 Draco
586 2020 615 2077 in
631 2018 747 2094 Tmolo,
765 2019 880 2080 Tmolus
895 2022 923 2079 in
939 2019 1059 2100 Cadmo,
1077 2020 1127 2080 ille
1145 2014 1174 2078 in

150 2112 201 2166 119
211 2101 315 2161 Tauro.
345 2102 371 2160 A
390 2100 510 2177 Zmyrna
526 2102 648 2161 Hermus
663 2121 779 2182 campos
802 2103 871 2163 lacit
886 2113 914 2163 et
932 2106 1035 2163 nomini
1056 2122 1108 2164 suo
1123 2102 1172 2164 ad-

162 2218 165 2225 ·
191 2195 281 2264 optat.
294 2185 1172 2266 oriturluxtaDorylaumPhrygiaecivltatem,multosqueool·

192 2270 254 2346 ligit
267 2269 380 2345 duvios,
393 2270 467 2328 inter
478 2286 551 2346 qnos
558 2269 699 2346 Phrygem
712 2272 759 2348 qui
772 2273 884 2329 nomine
894 2271 972 2346 genti
984 2272 1049 2331 da'to
1063 2269 1172 2330 aCaria

191 2370 254 2412 earu
269 2352 459 2426 disterminat,
484 2351 596 2425 Hyllum
617 2362 646 2411 et
663 2351 775 2426 Cryon,
799 2362 828 2410 et
841 2355 922 2431 ipsos
937 2352 1094 2430 Phrygiae,
1109 2353 1171 2428 My·
1182 2369 1208 2409 aa
1257 2357 1258 2362 ’

190 2437 268 2506 siae,
294 2433 401 2507 Lydiae
428 2433 555 2491 amnibus
578 2435 718 2510 repletos.
758 2435 811 2492 luit
835 2437 863 2492 in
883 2453 934 2494 ore
955 2437 1016 2494 eius
1036 2437 1174 2514 oppidum
1257 2445 1258 2506 l

191 2516 329 2592 Temnos,
351 2517 469 2572 nuncin
489 2523 617 2572 extremo
633 2518 695 2572 sinu
710 2515 870 2589 Myrmeces
886 2519 1012 2594 scopuli,
1035 2518 1175 2596 oppidum

190 2599 303 2659 Leucae
320 2599 349 2656 in
361 2599 557 2675 promontorio
572 2598 649 2674 quod
666 2598 757 2657 insula
780 2598 831 2657 luit
847 2599 966 2676 linisque
987 2599 1082 2659 leniae
1097 2601 1174 2661 Pho·
1257 2649 1258 2676 ,

150 2692 290 2746 ltocaea.
335 2680 521 2756 Zmyrnaeum
547 2689 716 2739 conventum
740 2699 841 2758 magna
861 2699 927 2760 pars
947 2682 1068 2743 Aeoliae
1096 2701 1175 2760 quae
1257 2687 1258 2699 ³

189 2782 257 2825 mox
273 2766 382 2825 dicetur
396 2766 573 2843 frequentat,
599 2773 770 2843 praeterque
787 2763 959 2826 Macedones
978 2765 1101 2841 Hyrcani
1122 2785 1174 2828 co·
1186 2781 1213 2822 ao

190 2850 344 2926 gnomiuati
365 2857 395 2907 et
414 2848 595 2924 Magnetcsa
620 2847 730 2925 Sipylo.
763 2866 862 2908 verum
885 2848 1029 2928 Ephesum
1052 2851 1175 2910 alterum

191 2933 285 2991 lumen
304 2931 391 2992 Asiae
411 2933 582 2991 remotiores
596 2933 765 2992 conveniunt
783 2930 1002 3008 Caesarienses,
1025 2930 1176 3012 Metropo-

190 3016 268 3091 litae,
284 3012 407 3074 Cilbiani
422 3016 574 3074 inferiores
592 3023 622 3074 et
636 3016 813 3093 superiores,
828 3014 1097 3093 Mysomaeedones,
1113 3017 1175 3076 Ma·

191 3105 372 3172 staurenses,
388 3098 537 3173 Briulitae,
554 3097 738 3176 Hypaepeni,
753 3098 953 3159 Dioshieritae.

151 3191 198 3244 ltl
282 3177 332 3240 80.
356 3179 438 3259 (32.)
459 3180 561 3241 Aeolis
577 3199 715 3259 proxuma
738 3191 799 3258 est,
826 3183 965 3260 quondam
988 3183 1097 3243 Moesia
1122 3198 1216 3262 apos

191 3262 314 3342 pellata,
339 3270 370 3321 et
388 3280 462 3341 quae
478 3263 667 3343 Hellesponto
684 3265 795 3325 adiacet
812 3263 911 3325 Troas.
948 3265 988 3326 ibi
1008 3285 1023 3326 a
1039 3267 1179 3326 Phocaea

189 3347 329 3404 Ascanius
353 3353 463 3423 portus.
505 3347 570 3405 dein
591 3349 684 3407 luerat
702 3347 813 3423 Larisa,
841 3357 905 3408 sunt
927 3347 1030 3423 Cyme,
1062 3347 1179 3420 Myrina
1256 3361 1257 3418 j

190 3445 264 3508 quae
279 3427 493 3508 sebastopolim
507 3431 647 3491 sevocat.
677 3431 749 3491 intus
764 3431 917 3508 Aegaeae,
936 3430 1021 3508 ltale,
1036 3430 1178 3509 Posidea,
1256 3421 1257 3513 l
