2542 3842
320 186 598 234 unu.111su.vr11.
619 150 738 237 lt-ssni.
756 173 905 258 (aa-ao.)
1070 176 1111 237 55

111 358 231 418 genera,
249 340 381 400 Bactriae
403 350 433 400 ct
449 341 592 416 Arabiae,
619 340 768 415 differunt,
792 341 869 419 quod
891 342 958 403 illae
981 342 1047 420 bina
1062 342 1110 405 ba·

111 426 181 484 beot
194 425 295 484 tubera
311 426 340 483 in
354 425 459 499 dorso,
477 425 532 485 hae
548 425 661 501 singula
677 434 707 483 et
722 424 774 483 sub
791 434 913 503 pectore
927 427 1049 486 alterum
1066 429 1111 486 cui

110 510 282 569 incumbant.
314 508 439 567 dentium
454 511 608 587 superiore
623 508 724 567 ordine
734 518 764 568 ut
779 508 872 569 boves
885 520 983 570 carent
994 512 1021 569 in
1033 521 1110 571 utro-

111 611 167 672 que
183 611 303 670 genere.
332 610 431 651 omnes
447 601 541 652 autem
556 594 746 652 iumentomm
762 594 925 653 ministeriis
941 594 1028 654 dorso
1049 595 1110 670 iun,-

82 700 95 738 s
109 686 215 754 guntur
230 686 317 755 atque
332 678 417 736 etiam
429 678 558 755 equitatu
569 679 598 736 in
612 669 752 755 proeliis.'
761 678 903 738 velocitas
913 679 987 738 iuter
1002 696 1107 757 equos,
1118 686 1153 741 68

111 762 163 820 sed
194 780 245 820 sua
268 763 372 840 cuique
395 779 528 820 mensura
559 763 642 820 sicuti
663 763 751 821 vires.
789 778 844 821 nec
865 763 940 821 ultra
963 762 1111 822 adsuetum

109 845 246 924 procedit
261 848 393 924 spatium,
411 862 467 903 nec
482 844 546 923 plus
562 846 691 904 instituto
704 862 794 905 onere
812 846 926 925 recipit.
949 844 1050 905 Odium
1061 847 1110 907 ad·

110 946 215 987 versus
236 946 328 1007 equos
348 937 454 1006 gerunt
480 929 619 988 naturale.
653 930 728 988 sitim
749 938 778 989 et
798 930 948 1008 quatriduo
972 930 1108 1007 tolerant,
1165 992 1167 999 ,

111 1012 331 1091 inplenturque,
349 1031 412 1072 cum
431 1012 548 1072 bibendi
566 1015 684 1072 occasio
703 1023 763 1088 est,
786 1022 815 1072 et
835 1016 862 1072 in
878 1015 1063 1093 praeteritum
1080 986 1129 1074 et·

74 1098 140 1161 min
164 1096 285 1156 futurum
307 1096 460 1156 obturbata
484 1097 704 1175 proculcatione
726 1098 805 1175 prius
829 1114 911 1176 aqua.
943 1098 1110 1176 aliterpotu

111 1198 170 1239 non
185 1182 319 1257 gaudent.
352 1180 460 1263 Vivent
478 1181 686 1261 quinquagenis
705 1181 795 1256 annis,
810 1182 950 1261 quaedam
967 1191 996 1241 et
1011 1190 1109 1241 cente·

111 1266 166 1339 nis,
202 1273 354 1342 utcumque
384 1263 493 1323 rabiem
513 1273 543 1322 et
570 1267 651 1343 ipsae
681 1265 813 1323 sentiunt.
846 1266 989 1325 castrandi
1017 1282 1109 1341 genus

112 1351 197 1408 etiam
213 1349 336 1408 feminas
354 1366 428 1426 quae
444 1348 523 1407 bello
540 1357 749 1427 praeparentur
768 1350 911 1408 inventum
932 1358 985 1408 est.
1008 1349 1108 1408 fortio·

111 1451 161 1491 res
175 1433 214 1491 ita
230 1433 300 1492 dunt
315 1432 393 1491 coitu
408 1440 540 1513 negato„

77 1532 99 1573 a
175 1516 260 1595 (27.)
283 1516 388 1575 Harum
408 1515 504 1593 aliqua
519 1514 674 1574 similitudo
692 1516 720 1574 in
742 1516 798 1576 duo
817 1516 988 1577 transfertur
1003 1518 1150 1584 anima-69
1246 1587 1252 1597 ,

110 1602 158 1659 lia.
187 1600 283 1659 nabun
297 1599 460 1677 Aethiopes
475 1607 580 1659 vocant
597 1599 676 1659 collo
696 1601 816 1660 similem
833 1618 918 1679 equo,
936 1601 1058 1679 pedibus
1079 1610 1109 1659 et

110 1682 242 1743 cruribus
260 1684 338 1758 bovi,
359 1683 470 1742 camelo
487 1684 599 1761 capite,
623 1683 697 1742 albis
713 1676 832 1743 maculis
847 1686 960 1745 rutilum
978 1686 1108 1743 colorem

109 1767 365 1844 distinguentibus,
398 1767 471 1826 unde
497 1766 643 1845 appellata
671 1769 929 1846 camelopardalis,
960 1769 1107 1829 dictatoris

110 1850 245 1911 Caesaris
269 1849 449 1910 circensibus
471 1851 546 1910 ludis
567 1852 687 1929 primum
706 1853 768 1911 visa
792 1851 910 1912 Romae.
927 1870 964 1913 ex
985 1870 1020 1911 eo
1042 1852 1107 1911 sub·

73 1936 176 1994 scinde
193 1936 319 1995 cernitur
330 1935 470 2012 adspectu
487 1935 578 2010 magis
591 1952 676 2012 quam
692 1934 806 1995 feritate
823 1939 989 2015 conspicua,
1018 1952 1107 2014 quare

109 2020 194 2078 etiam
212 2020 276 2077 ovis
292 2018 374 2077 lerae
396 2034 502 2078 nomen
516 2020 632 2076 invenit.

174 2102 221 2162 19.
239 2100 319 2173 (28.)
342 2100 461 2180 Pompei
472 2100 569 2177 Magni
587 2102 706 2179 primum
718 2101 776 2159 ludi
793 2101 980 2161 ostenderunt
996 2104 1105 2180 chama,
1116 2112 1150 2167 70

109 2205 196 2265 quem
214 2185 288 2246 Galli
307 2184 408 2244 rollum
423 2184 577 2259 vocabant,
593 2185 691 2260 effigie
710 2184 785 2262 lupi,
809 2184 961 2263 pardorum
976 2185 1106 2247 maculis.
1143 2199 1149 2223 ’

109 2272 196 2331 iidem
218 2288 256 2329 ex
279 2268 435 2347 Aethiopia
450 2286 522 2346 quas
536 2277 643 2328 vocant
663 2268 789 2346 cephas,
806 2286 923 2346 quarum
939 2269 1032 2348 pedcs
1054 2286 1106 2346 po·

73 2356 250 2417 austeriores
265 2352 387 2431 pedibus
401 2352 530 2411 humanis
545 2360 574 2411 et
591 2351 732 2427 cruribus,
749 2353 863 2431 priores
879 2353 1008 2414 manibus
1025 2353 1107 2412 luere

110 2438 229 2497 similes.
260 2437 318 2496 hoc
332 2437 434 2496 animal
451 2446 555 2515 postea
570 2434 661 2495 Roma
677 2452 733 2494 non
755 2437 835 2497 vidit.

175 2521 224 2581 20.
250 2520 332 2599 (29.)
355 2520 460 2580 lisdem
478 2520 552 2580 ludis
568 2529 598 2579 et
614 2520 784 2580 rhinoceros
806 2523 887 2582 unius
908 2524 935 2581 in
957 2540 1026 2582 nare
1041 2538 1105 2582 cor·
1114 2530 1148 2586 71

109 2625 179 2680 nus,
203 2605 296 2684 qualis
310 2622 402 2682 saepe
422 2605 510 2662 risus.
541 2604 616 2665 alter
639 2604 686 2663 hic
705 2606 818 2681 genitus
839 2606 931 2666 hostis
952 2606 1106 2686 elephanto

110 2707 201 2750 cornu
223 2689 259 2749 ad
282 2706 353 2747 saxa
375 2689 473 2747 limato
495 2697 649 2767 praeparat
671 2704 704 2745 se
727 2698 858 2765 pugnae,
882 2690 910 2747 in
925 2688 1107 2751 dimicatione

73 2791 101 2832 ao
111 2774 206 2833 aluom
223 2790 355 2831 maxume
371 2781 484 2850 petens,
501 2788 585 2848 quam
599 2772 656 2830 scit
672 2788 738 2829 csse
755 2772 927 2831 molliorem.
959 2772 1107 2850 longitudo

110 2876 174 2937 par,
192 2874 275 2917 crura
290 2853 378 2914 mullo
396 2855 542 2929 breviora,
559 2854 642 2915 color
657 2854 778 2913 buxeus.

174 2941 224 3000 21.
249 2940 332 3018 (30.)
356 2937 467 3013 brocas
488 2937 579 3014 volgo
602 2937 763 3017 frequentis
787 2948 817 2997 et
845 2940 999 3017 sphingas,
1023 2940 1149 3005 fuscoli

110 3026 182 3106 pilo,
196 3025 329 3107 ,mammis
345 3024 373 3081 in
389 3032 511 3101 pectore
525 3022 664 3098 geminis,
681 3020 837 3101 Aethiopia
851 3031 990 3100 generat,
1006 3024 1106 3085 multa·
1214 3068 1219 3087 0

112 3128 168 3188 que
186 3110 240 3169 alia
257 3107 375 3165 monstri
390 3106 501 3180 similia,
518 3108 651 3183 pinnatos
673 3121 765 3182 equos
786 3115 816 3166 et
831 3108 966 3166 cornibus
983 3115 1106 3167 armatos

74 3212 101 3252 aa
112 3210 186 3271 quos
201 3207 330 3272 pegasos
345 3200 465 3264 vocant,
485 3198 631 3248 crocottas
651 3186 731 3247 velut
752 3206 790 3249 ex
805 3206 876 3251 cane
894 3190 1021 3273 lupoque
1039 3208 1106 3249 coo·

113 3286 228 3353 ceptos,
246 3276 338 3335 omnia
357 3272 489 3332 dantibus
502 3273 661 3351 frangentis
677 3273 866 3352 protinusque
881 3275 1019 3335 devorata
1039 3290 1106 3334 con-

111 3360 235 3419 licieutis
255 3367 373 3431 uentre,
410 3357 634 3435 cercopithecos
655 3356 745 3433 nigris
771 3358 928 3438 capitibus,
954 3358 1014 3438 pilo
1036 3360 1107 3418 asini
1175 3377 1187 3445 αϊ

112 3453 142 3504 et
162 3443 306 3503 dissimilis
322 3442 430 3501 ceteris
444 3456 530 3517 voce,
547 3437 664 3500 lodicos
684 3439 776 3503 boses
799 3444 943 3503 unicornis
960 3442 1107 3504 tricornis-
1176 3472 1180 3485 ·
