2542 3842
167 172 228 241 232
506 182 536 233 o.
552 185 647 232 suun
664 183 811 233 euenum

160 341 193 402 bi
214 339 268 401 sub
288 355 360 418 rege
382 338 552 418 elephantos
571 357 629 400 nou
651 337 728 400 alunt
751 337 853 402 fiducia
868 339 992 418 equitum
1013 338 1151 419 peditum·

164 442 230 503 que,
251 422 452 499 Odoubeores,
465 423 640 484 Arabastrae
656 432 685 483 et
699 422 836 483 lloracae.
845 423 916 483 urbe
930 423 1049 503 pulchra
1064 423 1152 482 iossls

76 539 82 543 κ
165 509 338 587 palustribus
359 509 463 568 munita
484 525 538 586 per
555 525 627 587 quas
649 506 788 567 crocodili
809 506 921 567 bumani
941 509 1073 585 corporis
1093 509 1152 566 avi·
1269 577 1270 582 γ

165 593 271 652 dissimi
282 593 387 653 aditum
400 592 454 651 nisi
470 599 629 670 ponte'uoa
645 591 720 650 deut.
749 598 778 650 et
792 591 868 650 aliud
882 592 956 670 apud
973 592 1039 652 illos
1054 590 1152 650 landa·

164 686 209 736 tur
223 677 357 755 oppidum
373 675 540 752 Automula,
561 676 718 752 inpositurn-
731 675 824 749 litori,
845 673 1003 736 Vamuium
1025 677 1054 734 iu
1068 691 1178 736 uuuma

165 759 325 820 confluente
346 776 503 834 concursu,
527 760 656 836 emporio
676 757 775 818 nobili.
812 760 875 836 regi
893 765 991 819 eorum
1006 755 1154 837 elephanti

163 841 264 917 MDA),
281 843 406 922 peditum
421 841 466 901 ct
485 840 524 915 ll,
547 843 673 920 equitum
689 840 716 899 V
729 839 767 900 nt.
797 845 954 920 pauperior
970 842 1152 902 Charmarum

123 936 159 993 76
168 945 223 987 rex
239 926 407 1005 elephantos
426 924 476 984 LX
495 943 659 1003 parvasque
678 924 805 1002 reliquas
819 926 889 985 viris
909 927 1005 986 habet.
1046 925 1091 985 Ab
1108 925 1152 984 bis

160 1028 237 1088 gens
253 1010 382 1086 Pandae,
404 1010 467 1068 sola
487 1008 620 1070 ludorum
635 1018 754 1086 regnata
778 1009 901 1071 leminis.
938 1029 1021 1070 unam
1035 1007 1152 1069 Herculi

164 1113 252 1154 sexus
271 1095 332 1154 eius
353 1095 479 1170 genitam
500 1094 594 1154 lerunt
621 1093 773 1170 obidqne
793 1096 966 1170 gratiorem,
993 1093 1151 1173 praecipuo
1164 1101 1190 1142 ¹⁰

32 1169 38 1186 '
163 1196 254 1256 reguo
270 1178 411 1238 donatam.
446 1177 482 1236 ab
498 1195 533 1237 ea
549 1177 725 1238 deducentes
746 1179 886 1254 originem
903 1180 1064 1257 imperitant
1079 1173 1153 1235 GGG

164 1263 288 1342 oppidis,
303 1262 429 1340 peditum
444 1260 490 1321 ci
504 1261 543 1337 ll,
560 1263 719 1341 elephantis
734 1259 771 1336 D,
787 1270 854 1338 post
866 1255 1028 1340 quamGGG
1042 1259 1153 1320 urbium

165 1347 269 1408 seriem
282 1345 449 1423 Derangae,
465 1345 621 1423 Posingae,
639 1346 738 1420 Ratae,
762 1343 922 1422 Gogaraei,
939 1344 1074 1420 Umbrae,
1095 1341 1152 1402 Ne·

165 1448 251 1504 reae,
285 1428 439 1505 Braucosi,
465 1428 641 1506 Nobundae,
668 1427 839 1504 Gocoudae,
868 1421 975 1506 Nesei,
1003 1428 1151 1500 Palatitae,

164 1513 360 1588 Salobriasae,
382 1511 515 1574 Olostrae
532 1513 662 1573 Patalam
678 1511 798 1573 insulam
820 1515 1008 1590 attingentes,
1032 1528 1048 1571 a
1072 1511 1151 1572 cuius
1165 1524 1189 1565 ts

83 1629 88 1636 ·
166 1606 292 1658 extremo
308 1597 393 1667 litore
414 1596 450 1657 ad
470 1593 591 1675 Caspias
610 1606 709 1674 portas
725 1599 830 1667 ffiffi
845 1597 925 1676 XXV¹
942 1596 971 1656 ol
984 1593 1151 1674 produntur.

123 1690 156 1746 77
168 1680 239 1741 lliuc
250 1679 354 1739 deiude
371 1679 505 1740 adcoluut
515 1679 614 1740 ludum
627 1681 766 1741 adversus
786 1699 849 1742 eum
866 1679 1020 1740 scandente
1035 1679 1152 1738 demon·

165 1763 307 1824 stratioue
323 1761 453 1837 Atboae,
478 1763 634 1840 bolingae,
657 1763 855 1840 Gallitalutae,
879 1763 1003 1838 Dimuri,
1029 1761 1151 1838 blegari,

164 1845 313 1923 Ardabae,
330 1844 439 1906 Mesae.
471 1847 508 1905 ab
524 1847 567 1906 bis
583 1847 650 1924 Uri,
672 1849 765 1922 Silae,
781 1865 849 1909 mox
863 1847 978 1908 deserta
993 1846 1021 1905 in
1037 1843 1108 1904 GGL
1124 1843 1153 1902 ll

163 1947 305 2009 passuum.
334 1928 436 2007 quibus
455 1933 634 2008 exsuperatis
650 1930 839 2010 Organagae,
856 1929 995 2005 Abortae,
1013 1929 1151 1988 Bassuer·
1161 1937 1187 1977 ²⁰

164 2023 228 2088 tae,
248 2023 282 2073 et
296 2012 331 2074 ab
353 2013 397 2073 bis
418 2013 586 2074 solitudines
603 2016 746 2093 prioribus
767 2033 863 2095 pares.
897 2015 963 2074 dein
979 2012 1150 2088 Sorofages,

164 2096 278 2173 Arbae,
297 2097 525 2176 lilarogomatrae
548 2098 780 2178 Umbrittaeque,
806 2117 925 2179 quorum
946 2096 1001 2157 Xll
1021 2097 1164 2156 nationesa

164 2182 342 2261 singulisque
358 2181 441 2241 biuae
455 2182 558 2258 urbes,
581 2184 661 2244 Asini
680 2187 762 2244 trium
784 2184 894 2244 urbium
918 2181 1043 2241 incolae.
1067 2186 1152 2257 caput

166 2283 264 2326 eorum
278 2265 443 2344 Bucephala
454 2265 610 2327 Alexandri
626 2271 707 2344 regis
722 2285 797 2346 equo
811 2269 855 2328 cui
869 2266 963 2326 iuerat
977 2265 1034 2325 boc
1049 2279 1151 2322 nomeu

124 2359 158 2414 78
169 2350 208 2409 ibi
225 2349 339 2427 sepulto
361 2349 513 2409 conditum.
548 2354 673 2409 montani
695 2368 783 2429 super
803 2351 857 2410 bos
874 2349 1005 2410 Gauoaso
1027 2345 1150 2406 subiecti
1159 2358 1185 2399 aa

164 2433 322 2505 Soseadae,
337 2431 476 2506 Sondrae,
492 2435 738 2511 transgressisque
755 2433 850 2493 ludum
868 2443 897 2492 et
915 2451 978 2492 cum
994 2449 1030 2490 eo
1049 2430 1150 2489 decur-

164 2513 290 2576 rentibus
305 2514 517 2590 Samarabriae,
536 2515 737 2590 Sambraceni,
752 2516 956 2588 Bisambritae,
972 2514 1047 2588 0rsi,
1070 2513 1150 2572 Auti-

164 2599 242 2674 xeni,
261 2597 385 2658 Taxilae·
396 2615 459 2657 cum
474 2597 546 2658 urbe
563 2599 691 2677 celebri,
707 2601 760 2659 iam
778 2602 806 2658 iu
819 2600 904 2678 plana
920 2600 1046 2660 demisso
1058 2605 1150 2655 tractu

165 2685 210 2744 cui
224 2683 357 2742 universo
378 2699 480 2743 nomen
496 2682 652 2744 Amendae
685 2683 784 2762 populi
801 2692 949 2762 quattuor,
970 2679 1148 2755 Peucolitae,

164 2766 361 2844 Arsagalitae,
383 2765 524 2844 Geretae,
540 2766 637 2827 Assoi.
678 2769 781 2828 etenim
800 2769 930 2846 plerique
946 2765 981 2825 ab
997 2764 1185 2824 occidentett

164 2869 221 2911 nou
234 2851 304 2911 ludo
319 2868 400 2910 amne
418 2850 621 2928 determinant,
643 2852 695 2911 sed
712 2853 835 2913 adiciunt
850 2859 983 2930 quattuor
997 2850 1148 2927 satrapias,
1182 2850 1187 2856 '

165 2934 322 3011 Gedrusos,
338 2933 510 3010 Arachotos,
525 2935 628 3010 Arios,
643 2935 891 3015 Paropanisiadas,
906 2935 1004 2993 ultimo
1019 2933 1075 2993 fine
1093 2930 1148 2992 Go-

163 3019 249 3098 pbete
265 3019 362 3093 lluuio,
380 3037 454 3096 quae
470 3021 562 3079 omnia
576 3020 709 3088 Ariorum
720 3037 785 3080 esse
802 3018 864 3078 aliis
879 3018 984 3096 placet.
1024 3013 1025 3018 ’

122 3112 156 3168 79
237 3101 286 3159 21.
324 3100 387 3161 Nec
408 3119 465 3160 uon
485 3111 514 3162 et
529 3102 636 3177 Nysam
656 3103 757 3164 urbem
776 3102 908 3181 plerique
923 3100 1020 3160 ludiae
1041 3097 1148 3158 adscri-

162 3185 231 3244 bunt
244 3193 424 3262 montemque
439 3184 547 3246 llerum
558 3185 664 3248 libero
679 3187 755 3247 Patri
770 3203 898 3262 sacmm,
914 3184 989 3243 unde
1008 3185 1090 3259 origo
1106 3181 1147 3240 la·
1158 3199 1185 3243 aa

163 3267 248 3328 balae
262 3266 339 3326 loris
361 3267 465 3327 lemine
482 3270 596 3329 editum.
628 3272 697 3330 item
710 3277 883 3350 Aspaganos
898 3277 1013 3344 gentem
1030 3266 1094 3324 vitis
1117 3271 1147 3322 et
1201 3287 1204 3300 ι

152 3352 233 3410 xlauri
261 3360 290 3410 et
309 3346 377 3408 buxi
402 3367 607 3431 pomommque
632 3354 754 3414 omnium
778 3355 806 3413 in
819 3352 949 3412 >Graecia
972 3347 1146 3408 nascentium

163 3434 296 3494 lertilem.
328 3450 402 3510 quae
424 3436 605 3497 memoranda
626 3445 657 3496 et
676 3453 769 3516 prope
794 3434 926 3496 fabulosa
946 3433 982 3494 de
998 3432 1144 3493 fertilitate
1173 3495 1203 3516 1,
