<?xml version="1.0" encoding="UTF-8"?>
<!DOCTYPE html PUBLIC "-//W3C//DTD XHTML 1.0 Transitional//EN"
    "http://www.w3.org/TR/xhtml1/DTD/xhtml1-transitional.dtd">
<html xmlns="http://www.w3.org/1999/xhtml" xml:lang="en" lang="en">
 <head>
  <title>
</title>
<meta http-equiv="Content-Type" content="text/html;charset=utf-8" />
  <meta name='ocr-system' content='tesseract 3.04.00' />
  <meta name='ocr-capabilities' content='ocr_page ocr_carea ocr_par ocr_line ocrx_word'/>
</head>
<body>
  <div class='ocr_page' id='page_1' title='image "./cplinisecundina25plingoog_0461.png"; bbox 0 0 2542 3842; ppageno 0'>
   <div class='ocr_carea' id='block_1_1' title="bbox 335 158 1125 251">
    <p class='ocr_par' dir='ltr' id='par_1_1' title="bbox 335 151 1125 251">
     <span class='ocr_line' id='line_1_1' title="bbox 335 158 1125 251; baseline 0.015 -39"><span class='ocrx_word' id='word_1_1' title='bbox 335 167 415 213; x_wconf 77' lang='lat' dir='ltr'><strong>nau.</strong></span> <span class='ocrx_word' id='word_1_2' title='bbox 434 167 527 215; x_wconf 79' lang='lat' dir='ltr'><strong>nisu.</strong></span> <span class='ocrx_word' id='word_1_3' title='bbox 541 170 575 251; x_wconf 96' lang='grc' dir='ltr'><strong>Χ.</strong></span> <span class='ocrx_word' id='word_1_4' title='bbox 591 165 678 219; x_wconf 74' lang='grc'><strong>3-7.</strong></span> <span class='ocrx_word' id='word_1_5' title='bbox 695 158 815 236; x_wconf 79' lang='grc'><strong>(3-8.)</strong></span> <span class='ocrx_word' id='word_1_6' title='bbox 1013 158 1074 223; x_wconf 72' lang='grc'><strong>123</strong></span> <span class='ocrx_word' id='word_1_7' title='bbox 1121 230 1125 235; x_wconf 61' lang='grc'><em>,</em></span> 
     </span>
    </p>
   </div>
   <div class='ocr_carea' id='block_1_2' title="bbox 12 320 1192 3499">
    <p class='ocr_par' dir='ltr' id='par_1_2' title="bbox 41 320 1074 404">
     <span class='ocr_line' id='line_1_2' title="bbox 41 320 1074 404; baseline 0.006 -24.204"><span class='ocrx_word' id='word_1_8' title='bbox 41 320 260 400; x_wconf 78' lang='lat' dir='ltr'><strong>praedantur.</strong></span> <span class='ocrx_word' id='word_1_9' title='bbox 291 328 373 397; x_wconf 89' lang='lat' dir='ltr'><strong>rapta</strong></span> <span class='ocrx_word' id='word_1_10' title='bbox 394 336 452 379; x_wconf 92' lang='lat' dir='ltr'><strong>non</strong></span> <span class='ocrx_word' id='word_1_11' title='bbox 467 324 597 399; x_wconf 88' lang='lat' dir='ltr'><strong>protinus</strong></span> <span class='ocrx_word' id='word_1_12' title='bbox 613 322 723 398; x_wconf 87' lang='lat' dir='ltr'><strong>icrunt,</strong></span> <span class='ocrx_word' id='word_1_13' title='bbox 740 324 794 386; x_wconf 85' lang='lat' dir='ltr'><strong>sed</strong></span> <span class='ocrx_word' id='word_1_14' title='bbox 809 326 900 403; x_wconf 76' lang='lat' dir='ltr'><strong>primo</strong></span> <span class='ocrx_word' id='word_1_15' title='bbox 915 326 1074 404; x_wconf 86' lang='lat' dir='ltr'><strong>deponunt,</strong></span> 
     </span>
    </p>

    <p class='ocr_par' dir='ltr' id='par_1_3' title="bbox 76 404 1117 507">
     <span class='ocr_line' id='line_1_3' title="bbox 76 404 1117 507; baseline 0.006 -42"><span class='ocrx_word' id='word_1_16' title='bbox 76 414 276 483; x_wconf 79' lang='lat' dir='ltr'><strong>expertaeque</strong></span> <span class='ocrx_word' id='word_1_17' title='bbox 293 404 404 483; x_wconf 90' lang='lat' dir='ltr'><strong>pondus</strong></span> <span class='ocrx_word' id='word_1_18' title='bbox 428 414 494 465; x_wconf 91' lang='lat' dir='ltr'><strong>tunc</strong></span> <span class='ocrx_word' id='word_1_19' title='bbox 517 405 628 466; x_wconf 87' lang='lat' dir='ltr'><strong>demum</strong></span> <span class='ocrx_word' id='word_1_20' title='bbox 645 406 760 467; x_wconf 89' lang='lat' dir='ltr'><strong>abeunt.</strong></span> <span class='ocrx_word' id='word_1_21' title='bbox 789 418 931 507; x_wconf 86' lang='lat' dir='ltr'><strong>oppetunt</strong></span> <span class='ocrx_word' id='word_1_22' title='bbox 949 428 1005 469; x_wconf 89' lang='lat' dir='ltr'><strong>nou</strong></span> <span class='ocrx_word' id='word_1_23' title='bbox 1026 428 1072 469; x_wconf 90' lang='lat' dir='ltr'><strong>se·</strong></span> <span class='ocrx_word' id='word_1_24' title='bbox 1061 419 1117 473; x_wconf 84' lang='grc'><strong>-16</strong></span> 
     </span>
    </p>

    <p class='ocr_par' dir='ltr' id='par_1_4' title="bbox 76 487 1074 571">
     <span class='ocr_line' id='line_1_4' title="bbox 76 487 1074 571; baseline 0.005 -23"><span class='ocrx_word' id='word_1_25' title='bbox 76 490 124 548; x_wconf 92' lang='lat' dir='ltr'><strong>nio</strong></span> <span class='ocrx_word' id='word_1_26' title='bbox 138 506 194 549; x_wconf 91' lang='lat' dir='ltr'><strong>nec</strong></span> <span class='ocrx_word' id='word_1_27' title='bbox 206 487 386 566; x_wconf 78' lang='lat' dir='ltr'><strong>aegritudine</strong></span> <span class='ocrx_word' id='word_1_28' title='bbox 401 488 454 549; x_wconf 90' lang='lat' dir='ltr'><strong>sed</strong></span> <span class='ocrx_word' id='word_1_29' title='bbox 465 489 573 565; x_wconf 87' lang='lat' dir='ltr'><strong>farne,</strong></span> <span class='ocrx_word' id='word_1_30' title='bbox 565 508 593 549; x_wconf 89' lang='grc' dir='ltr'><strong>ιι</strong></span> <span class='ocrx_word' id='word_1_31' title='bbox 600 500 708 550; x_wconf 91' lang='lat' dir='ltr'><strong>tantum</strong></span> <span class='ocrx_word' id='word_1_32' title='bbox 719 493 871 571; x_wconf 73' lang='lat' dir='ltr'><strong>superiore</strong></span> <span class='ocrx_word' id='word_1_33' title='bbox 883 492 1074 553; x_wconf 73' lang='lat' dir='ltr'><strong>adcrescente</strong></span> 
     </span>
    </p>

    <p class='ocr_par' dir='ltr' id='par_1_5' title="bbox 75 570 1074 652">
     <span class='ocr_line' id='line_1_5' title="bbox 75 570 1074 652; baseline 0.002 -19"><span class='ocrx_word' id='word_1_34' title='bbox 75 582 172 633; x_wconf 88' lang='lat' dir='ltr'><strong>rostro</strong></span> <span class='ocrx_word' id='word_1_35' title='bbox 194 582 225 631; x_wconf 89' lang='lat' dir='ltr'><strong>ut</strong></span> <span class='ocrx_word' id='word_1_36' title='bbox 246 570 393 633; x_wconf 82' lang='lat' dir='ltr'><strong>aduncitas</strong></span> <span class='ocrx_word' id='word_1_37' title='bbox 422 574 528 651; x_wconf 91' lang='lat' dir='ltr'><strong>aperiri</strong></span> <span class='ocrx_word' id='word_1_38' title='bbox 551 591 608 633; x_wconf 89' lang='lat' dir='ltr'><strong>non</strong></span> <span class='ocrx_word' id='word_1_39' title='bbox 637 584 734 652; x_wconf 78' lang='lat' dir='ltr'><strong>queat</strong></span> <span class='ocrx_word' id='word_1_40' title='bbox 763 576 958 637; x_wconf 86' lang='lat' dir='ltr'><strong>ameridiano</strong></span> <span class='ocrx_word' id='word_1_41' title='bbox 978 586 1074 636; x_wconf 83' lang='lat' dir='ltr'><strong>antem</strong></span> 
     </span>
    </p>

    <p class='ocr_par' dir='ltr' id='par_1_6' title="bbox 12 657 1134 1069">
     <span class='ocr_line' id='line_1_6' title="bbox 12 657 1074 736; baseline 0.005 -21"><span class='ocrx_word' id='word_1_42' title='bbox 12 694 13 715; x_wconf 50' lang='grc' dir='ltr'><strong>ι</strong></span> <span class='ocrx_word' id='word_1_43' title='bbox 52 667 208 735; x_wconf 73' lang='lat' dir='ltr'><strong>stempore</strong></span> <span class='ocrx_word' id='word_1_44' title='bbox 225 664 381 733; x_wconf 88' lang='lat' dir='ltr'><strong>operantur</strong></span> <span class='ocrx_word' id='word_1_45' title='bbox 395 664 425 714; x_wconf 90' lang='lat' dir='ltr'><strong>et</strong></span> <span class='ocrx_word' id='word_1_46' title='bbox 447 657 560 732; x_wconf 85' lang='lat' dir='ltr'><strong>volant,</strong></span> <span class='ocrx_word' id='word_1_47' title='bbox 578 658 723 736; x_wconf 75' lang='lat' dir='ltr'><strong>prioribus</strong></span> <span class='ocrx_word' id='word_1_48' title='bbox 743 660 823 719; x_wconf 90' lang='lat' dir='ltr'><strong>boris</strong></span> <span class='ocrx_word' id='word_1_49' title='bbox 838 660 907 735; x_wconf 90' lang='lat' dir='ltr'><strong>diei,</strong></span> <span class='ocrx_word' id='word_1_50' title='bbox 922 658 1041 719; x_wconf 90' lang='lat' dir='ltr'><strong>donec</strong></span> <span class='ocrx_word' id='word_1_51' title='bbox 1032 679 1074 721; x_wconf 88' lang='lat' dir='ltr'><strong>rn-</strong></span> 
     </span>
     <span class='ocr_line' id='line_1_7' title="bbox 75 738 1075 821; baseline 0.004 -22"><span class='ocrx_word' id='word_1_52' title='bbox 75 740 209 819; x_wconf 86' lang='lat' dir='ltr'><strong>pleantur</strong></span> <span class='ocrx_word' id='word_1_53' title='bbox 219 738 365 799; x_wconf 84' lang='lat' dir='ltr'><strong>bominum</strong></span> <span class='ocrx_word' id='word_1_54' title='bbox 382 750 525 801; x_wconf 82' lang='lat' dir='ltr'><strong>conventu</strong></span> <span class='ocrx_word' id='word_1_55' title='bbox 538 740 636 817; x_wconf 85' lang='lat' dir='ltr'><strong>iore,</strong></span> <span class='ocrx_word' id='word_1_56' title='bbox 628 760 750 818; x_wconf 65' lang='grc' dir='ltr'>ιςιιιιι</span> <span class='ocrx_word' id='word_1_57' title='bbox 762 744 875 804; x_wconf 87' lang='lat' dir='ltr'><strong>sedent.</strong></span> <span class='ocrx_word' id='word_1_58' title='bbox 905 743 1075 821; x_wconf 79' lang='lat' dir='ltr'><strong>Aquilarnm</strong></span> 
     </span>
     <span class='ocr_line' id='line_1_8' title="bbox 74 824 1075 905; baseline 0.003 -21"><span class='ocrx_word' id='word_1_59' title='bbox 74 826 180 903; x_wconf 87' lang='lat' dir='ltr'><strong>pinnae</strong></span> <span class='ocrx_word' id='word_1_60' title='bbox 200 824 303 883; x_wconf 80' lang='lat' dir='ltr'><strong>mixtas</strong></span> <span class='ocrx_word' id='word_1_61' title='bbox 324 824 500 902; x_wconf 82' lang='lat' dir='ltr'><strong>reliquarum</strong></span> <span class='ocrx_word' id='word_1_62' title='bbox 523 825 620 885; x_wconf 89' lang='lat' dir='ltr'><strong>alitum</strong></span> <span class='ocrx_word' id='word_1_63' title='bbox 646 828 748 903; x_wconf 90' lang='lat' dir='ltr'><strong>pinnas</strong></span> <span class='ocrx_word' id='word_1_64' title='bbox 778 827 930 887; x_wconf 86' lang='lat' dir='ltr'><strong>devorant.</strong></span> <span class='ocrx_word' id='word_1_65' title='bbox 950 837 1075 905; x_wconf 81' lang='lat' dir='ltr'><strong>negant</strong></span> 
     </span>
     <span class='ocr_line' id='line_1_9' title="bbox 55 908 1134 986; baseline 0.004 -19"><span class='ocrx_word' id='word_1_66' title='bbox 55 914 207 986; x_wconf 85' lang='lat' dir='ltr'><strong>&#39;umquam</strong></span> <span class='ocrx_word' id='word_1_67' title='bbox 223 908 316 967; x_wconf 90' lang='lat' dir='ltr'><strong>solam</strong></span> <span class='ocrx_word' id='word_1_68' title='bbox 330 908 404 969; x_wconf 88' lang='lat' dir='ltr'><strong>hanc</strong></span> <span class='ocrx_word' id='word_1_69' title='bbox 422 908 518 969; x_wconf 79' lang='lat' dir='ltr'><strong>alitent</strong></span> <span class='ocrx_word' id='word_1_70' title='bbox 533 908 651 969; x_wconf 89' lang='lat' dir='ltr'><strong>lulmine</strong></span> <span class='ocrx_word' id='word_1_71' title='bbox 675 913 874 972; x_wconf 81' lang='lat' dir='ltr'><strong>exanimatam.</strong></span> <span class='ocrx_word' id='word_1_72' title='bbox 906 910 973 971; x_wconf 88' lang='lat' dir='ltr'><strong>ideo</strong></span> <span class='ocrx_word' id='word_1_73' title='bbox 990 913 1073 971; x_wconf 89' lang='lat' dir='ltr'><strong>armi·</strong></span> <span class='ocrx_word' id='word_1_74' title='bbox 1091 932 1095 948; x_wconf 58' lang='grc' dir='ltr'><strong>ι</strong></span> <span class='ocrx_word' id='word_1_75' title='bbox 1130 927 1134 938; x_wconf 75' lang='grc'><strong>“</strong></span> 
     </span>
     <span class='ocr_line' id='line_1_10' title="bbox 74 988 624 1069; baseline -0.002 -18"><span class='ocrx_word' id='word_1_76' title='bbox 74 1005 175 1069; x_wconf 87' lang='lat' dir='ltr'><strong>geram</strong></span> <span class='ocrx_word' id='word_1_77' title='bbox 190 988 268 1051; x_wconf 84' lang='lat' dir='ltr'><strong>loris</strong></span> <span class='ocrx_word' id='word_1_78' title='bbox 284 992 464 1052; x_wconf 86' lang='lat' dir='ltr'><strong>consuetudo</strong></span> <span class='ocrx_word' id='word_1_79' title='bbox 480 992 624 1052; x_wconf 89' lang='lat' dir='ltr'><strong>iudicavit.</strong></span> 
     </span>
    </p>

    <p class='ocr_par' dir='ltr' id='par_1_7' title="bbox 39 1074 1159 1489">
     <span class='ocr_line' id='line_1_11' title="bbox 39 1074 1159 1153; baseline 0.011 -21"><span class='ocrx_word' id='word_1_80' title='bbox 39 1093 64 1133; x_wconf 87' lang='grc' dir='ltr'><strong>ιι</strong></span> <span class='ocrx_word' id='word_1_81' title='bbox 137 1078 167 1137; x_wconf 85' lang='grc'><strong>4.</strong></span> <span class='ocrx_word' id='word_1_82' title='bbox 196 1075 256 1152; x_wconf 87' lang='lat'>(5.)</span> <span class='ocrx_word' id='word_1_83' title='bbox 279 1074 415 1135; x_wconf 84' lang='lat' dir='ltr'><strong>Romanis</strong></span> <span class='ocrx_word' id='word_1_84' title='bbox 437 1094 501 1137; x_wconf 91' lang='lat' dir='ltr'><strong>eam</strong></span> <span class='ocrx_word' id='word_1_85' title='bbox 526 1076 692 1153; x_wconf 79' lang='lat' dir='ltr'><strong>legionibus</strong></span> <span class='ocrx_word' id='word_1_86' title='bbox 711 1074 744 1136; x_wconf 81' lang='lat'><strong>0.</strong></span> <span class='ocrx_word' id='word_1_87' title='bbox 765 1076 873 1139; x_wconf 80' lang='lat' dir='ltr'><strong>diarius</strong></span> <span class='ocrx_word' id='word_1_88' title='bbox 892 1080 922 1137; x_wconf 86' lang='lat' dir='ltr'><strong>in</strong></span> <span class='ocrx_word' id='word_1_89' title='bbox 944 1079 1072 1139; x_wconf 88' lang='lat' dir='ltr'><strong>secundo</strong></span> <span class='ocrx_word' id='word_1_90' title='bbox 1082 1089 1115 1143; x_wconf 88' lang='grc'><strong>16</strong></span> <span class='ocrx_word' id='word_1_91' title='bbox 1156 1104 1159 1110; x_wconf 91' lang='lat'>·</span> 
     </span>
     <span class='ocr_line' id='line_1_12' title="bbox 74 1159 1071 1240; baseline 0.002 -21"><span class='ocrx_word' id='word_1_92' title='bbox 74 1159 225 1219; x_wconf 81' lang='lat' dir='ltr'><strong>consulatu</strong></span> <span class='ocrx_word' id='word_1_93' title='bbox 243 1176 295 1219; x_wconf 90' lang='lat' dir='ltr'><strong>suo</strong></span> <span class='ocrx_word' id='word_1_94' title='bbox 311 1160 429 1237; x_wconf 89' lang='lat' dir='ltr'><strong>proprie</strong></span> <span class='ocrx_word' id='word_1_95' title='bbox 445 1160 559 1220; x_wconf 89' lang='lat' dir='ltr'><strong>dicavit.</strong></span> <span class='ocrx_word' id='word_1_96' title='bbox 586 1170 649 1221; x_wconf 88' lang='lat' dir='ltr'><strong>erat</strong></span> <span class='ocrx_word' id='word_1_97' title='bbox 668 1170 697 1221; x_wconf 90' lang='lat' dir='ltr'><strong>et</strong></span> <span class='ocrx_word' id='word_1_98' title='bbox 711 1170 795 1221; x_wconf 89' lang='lat' dir='ltr'><strong>antea</strong></span> <span class='ocrx_word' id='word_1_99' title='bbox 810 1163 900 1240; x_wconf 84' lang='lat' dir='ltr'><strong>prinae</strong></span> <span class='ocrx_word' id='word_1_100' title='bbox 915 1181 979 1223; x_wconf 89' lang='lat' dir='ltr'><strong>cum</strong></span> <span class='ocrx_word' id='word_1_101' title='bbox 991 1172 1071 1240; x_wconf 80' lang='lat' dir='ltr'><strong>quat·</strong></span> 
     </span>
     <span class='ocr_line' id='line_1_13' title="bbox 73 1242 1072 1342; baseline 0.002 -39"><span class='ocrx_word' id='word_1_102' title='bbox 73 1253 139 1303; x_wconf 91' lang='lat' dir='ltr'><strong>tuor</strong></span> <span class='ocrx_word' id='word_1_103' title='bbox 156 1242 230 1303; x_wconf 90' lang='lat' dir='ltr'><strong>aliis.</strong></span> <span class='ocrx_word' id='word_1_104' title='bbox 261 1242 332 1342; x_wconf 81' lang='lat' dir='ltr'><strong>lupi,</strong></span> <span class='ocrx_word' id='word_1_105' title='bbox 348 1245 509 1319; x_wconf 88' lang='lat' dir='ltr'><strong>minotauri,</strong></span> <span class='ocrx_word' id='word_1_106' title='bbox 525 1246 592 1322; x_wconf 89' lang='lat' dir='ltr'><strong>equi</strong></span> <span class='ocrx_word' id='word_1_107' title='bbox 607 1246 729 1342; x_wconf 80' lang='lat' dir='ltr'><strong>apripue</strong></span> <span class='ocrx_word' id='word_1_108' title='bbox 745 1246 875 1321; x_wconf 87' lang='lat' dir='ltr'><strong>singulos</strong></span> <span class='ocrx_word' id='word_1_109' title='bbox 895 1246 1013 1309; x_wconf 90' lang='lat' dir='ltr'><strong>ordines</strong></span> <span class='ocrx_word' id='word_1_110' title='bbox 1023 1264 1072 1305; x_wconf 91' lang='lat' dir='ltr'><strong>an-</strong></span> 
     </span>
     <span class='ocr_line' id='line_1_14' title="bbox 74 1326 1071 1409; baseline 0.003 -24"><span class='ocrx_word' id='word_1_111' title='bbox 74 1326 194 1387; x_wconf 89' lang='lat' dir='ltr'><strong>teibant</strong></span> <span class='ocrx_word' id='word_1_112' title='bbox 223 1328 324 1404; x_wconf 88' lang='lat' dir='ltr'><strong>paucis</strong></span> <span class='ocrx_word' id='word_1_113' title='bbox 341 1336 406 1387; x_wconf 90' lang='lat' dir='ltr'><strong>ante</strong></span> <span class='ocrx_word' id='word_1_114' title='bbox 423 1328 501 1387; x_wconf 88' lang='lat' dir='ltr'><strong>annis</strong></span> <span class='ocrx_word' id='word_1_115' title='bbox 519 1328 605 1387; x_wconf 90' lang='lat' dir='ltr'><strong>sola</strong></span> <span class='ocrx_word' id='word_1_116' title='bbox 598 1347 624 1386; x_wconf 91' lang='lat' dir='ltr'><strong>ur</strong></span> <span class='ocrx_word' id='word_1_117' title='bbox 640 1330 732 1388; x_wconf 90' lang='lat' dir='ltr'><strong>aciem</strong></span> <span class='ocrx_word' id='word_1_118' title='bbox 751 1331 860 1407; x_wconf 84' lang='lat' dir='ltr'><strong>portari</strong></span> <span class='ocrx_word' id='word_1_119' title='bbox 876 1339 983 1409; x_wconf 87' lang='lat' dir='ltr'><strong>coepta</strong></span> <span class='ocrx_word' id='word_1_120' title='bbox 995 1338 1071 1404; x_wconf 88' lang='lat' dir='ltr'><strong>erat,</strong></span> 
     </span>
     <span class='ocr_line' id='line_1_15' title="bbox 75 1408 1072 1508; baseline 0.004 -39"><span class='ocrx_word' id='word_1_121' title='bbox 75 1409 212 1508; x_wconf 79' lang='lat' dir='ltr'><strong>reliqua</strong></span> <span class='ocrx_word' id='word_1_122' title='bbox 203 1428 231 1469; x_wconf 87' lang='grc' dir='ltr'><strong>ιι</strong></span> <span class='ocrx_word' id='word_1_123' title='bbox 247 1412 349 1471; x_wconf 89' lang='lat' dir='ltr'><strong>castris</strong></span> <span class='ocrx_word' id='word_1_124' title='bbox 365 1408 610 1489; x_wconf 87' lang='lat' dir='ltr'><strong>relinquebantur.</strong></span> <span class='ocrx_word' id='word_1_125' title='bbox 642 1410 772 1473; x_wconf 78' lang='lat' dir='ltr'><strong>illarius</strong></span> <span class='ocrx_word' id='word_1_126' title='bbox 762 1431 791 1471; x_wconf 93' lang='grc' dir='ltr'><strong>ιιι</strong></span> <span class='ocrx_word' id='word_1_127' title='bbox 805 1422 894 1473; x_wconf 88' lang='lat' dir='ltr'><strong>toturn</strong></span> <span class='ocrx_word' id='word_1_128' title='bbox 907 1430 942 1474; x_wconf 88' lang='lat' dir='ltr'><strong>ea</strong></span> <span class='ocrx_word' id='word_1_129' title='bbox 956 1413 1072 1473; x_wconf 90' lang='lat' dir='ltr'><strong>abdica-</strong></span> 
     </span>
    </p>

    <p class='ocr_par' dir='ltr' id='par_1_8' title="bbox 38 1494 1192 1909">
     <span class='ocr_line' id='line_1_16' title="bbox 38 1494 1072 1573; baseline 0.003 -19"><span class='ocrx_word' id='word_1_130' title='bbox 38 1511 65 1555; x_wconf 81' lang='grc' dir='ltr'><strong>ιι</strong></span> <span class='ocrx_word' id='word_1_131' title='bbox 75 1494 125 1557; x_wconf 87' lang='grc' dir='ltr'><strong>ιιι</strong></span> <span class='ocrx_word' id='word_1_132' title='bbox 158 1513 195 1553; x_wconf 83' lang='grc' dir='ltr'><strong>ιιι</strong></span> <span class='ocrx_word' id='word_1_133' title='bbox 211 1512 247 1558; x_wconf 90' lang='lat' dir='ltr'><strong>eo</strong></span> <span class='ocrx_word' id='word_1_134' title='bbox 264 1504 390 1555; x_wconf 89' lang='lat' dir='ltr'><strong>notatum</strong></span> <span class='ocrx_word' id='word_1_135' title='bbox 406 1513 462 1555; x_wconf 91' lang='lat' dir='ltr'><strong>uon</strong></span> <span class='ocrx_word' id='word_1_136' title='bbox 481 1496 545 1555; x_wconf 86' lang='lat' dir='ltr'><strong>iere</strong></span> <span class='ocrx_word' id='word_1_137' title='bbox 570 1495 696 1571; x_wconf 80' lang='lat' dir='ltr'><strong>legionis</strong></span> <span class='ocrx_word' id='word_1_138' title='bbox 719 1514 851 1573; x_wconf 82' lang='lat' dir='ltr'><strong>umquam</strong></span> <span class='ocrx_word' id='word_1_139' title='bbox 870 1496 989 1557; x_wconf 90' lang='lat' dir='ltr'><strong>hiberna</strong></span> <span class='ocrx_word' id='word_1_140' title='bbox 1003 1515 1072 1557; x_wconf 82' lang='lat' dir='ltr'><strong>esse</strong></span> 
     </span>
     <span class='ocr_line' id='line_1_17' title="bbox 75 1578 1192 1658; baseline 0.005 -19"><span class='ocrx_word' id='word_1_141' title='bbox 75 1589 169 1640; x_wconf 88' lang='lat' dir='ltr'><strong>castra</strong></span> <span class='ocrx_word' id='word_1_142' title='bbox 185 1578 233 1639; x_wconf 90' lang='lat' dir='ltr'><strong>ubi</strong></span> <span class='ocrx_word' id='word_1_143' title='bbox 256 1578 415 1658; x_wconf 86' lang='lat' dir='ltr'><strong>aquilarum</strong></span> <span class='ocrx_word' id='word_1_144' title='bbox 436 1596 493 1639; x_wconf 91' lang='lat' dir='ltr'><strong>non</strong></span> <span class='ocrx_word' id='word_1_145' title='bbox 516 1580 669 1655; x_wconf 89' lang='lat' dir='ltr'><strong>sitiugum.</strong></span> <span class='ocrx_word' id='word_1_146' title='bbox 705 1578 799 1639; x_wconf 89' lang='lat' dir='ltr'><strong>Primo</strong></span> <span class='ocrx_word' id='word_1_147' title='bbox 823 1590 853 1639; x_wconf 90' lang='lat' dir='ltr'><strong>et</strong></span> <span class='ocrx_word' id='word_1_148' title='bbox 875 1580 1004 1640; x_wconf 89' lang='lat' dir='ltr'><strong>secundo</strong></span> <span class='ocrx_word' id='word_1_149' title='bbox 1018 1586 1111 1656; x_wconf 74' lang='lat' dir='ltr'><strong>gell</strong></span> <span class='ocrx_word' id='word_1_150' title='bbox 1190 1633 1192 1644; x_wconf 93' lang='lat'><strong>.</strong></span> 
     </span>
     <span class='ocr_line' id='line_1_18' title="bbox 74 1663 1074 1742; baseline 0 -19"><span class='ocrx_word' id='word_1_151' title='bbox 74 1665 136 1723; x_wconf 85' lang='lat' dir='ltr'><strong>neri</strong></span> <span class='ocrx_word' id='word_1_152' title='bbox 151 1666 363 1724; x_wconf 87' lang='lat' dir='ltr'><strong>neu&#39;minorum</strong></span> <span class='ocrx_word' id='word_1_153' title='bbox 380 1672 486 1723; x_wconf 90' lang='lat' dir='ltr'><strong>tantum</strong></span> <span class='ocrx_word' id='word_1_154' title='bbox 502 1663 708 1742; x_wconf 88' lang='lat' dir='ltr'><strong>quadripedum</strong></span> <span class='ocrx_word' id='word_1_155' title='bbox 723 1665 822 1741; x_wconf 88' lang='lat' dir='ltr'><strong>rapina</strong></span> <span class='ocrx_word' id='word_1_156' title='bbox 837 1665 991 1723; x_wconf 81' lang='lat' dir='ltr'><strong>sedetiam</strong></span> <span class='ocrx_word' id='word_1_157' title='bbox 1008 1683 1074 1723; x_wconf 87' lang='lat' dir='ltr'><strong>cum</strong></span> 
     </span>
     <span class='ocr_line' id='line_1_19' title="bbox 75 1746 1071 1826; baseline 0 -19"><span class='ocrx_word' id='word_1_158' title='bbox 75 1750 171 1807; x_wconf 92' lang='lat' dir='ltr'><strong>cervis</strong></span> <span class='ocrx_word' id='word_1_159' title='bbox 191 1748 314 1826; x_wconf 90' lang='lat' dir='ltr'><strong>proelia.</strong></span> <span class='ocrx_word' id='word_1_160' title='bbox 348 1748 463 1808; x_wconf 90' lang='lat' dir='ltr'><strong>multum</strong></span> <span class='ocrx_word' id='word_1_161' title='bbox 488 1746 640 1826; x_wconf 79' lang='lat' dir='ltr'><strong>pulverem</strong></span> <span class='ocrx_word' id='word_1_162' title='bbox 670 1746 799 1807; x_wconf 87' lang='lat' dir='ltr'><strong>volutatu</strong></span> <span class='ocrx_word' id='word_1_163' title='bbox 824 1748 981 1807; x_wconf 76' lang='lat' dir='ltr'><strong>collacbrm</strong></span> <span class='ocrx_word' id='word_1_164' title='bbox 1003 1750 1071 1807; x_wconf 88' lang='lat' dir='ltr'><strong>iusi·</strong></span> 
     </span>
     <span class='ocr_line' id='line_1_20' title="bbox 74 1831 1072 1909; baseline 0.001 -19"><span class='ocrx_word' id='word_1_165' title='bbox 74 1832 144 1891; x_wconf 87' lang='lat' dir='ltr'><strong>dens</strong></span> <span class='ocrx_word' id='word_1_166' title='bbox 165 1832 301 1899; x_wconf 86' lang='lat' dir='ltr'><strong>cornibus</strong></span> <span class='ocrx_word' id='word_1_167' title='bbox 326 1834 436 1891; x_wconf 83' lang='lat' dir='ltr'><strong>excutit</strong></span> <span class='ocrx_word' id='word_1_168' title='bbox 462 1832 490 1891; x_wconf 92' lang='lat' dir='ltr'><strong>in</strong></span> <span class='ocrx_word' id='word_1_169' title='bbox 516 1831 629 1905; x_wconf 89' lang='lat' dir='ltr'><strong>oculos,</strong></span> <span class='ocrx_word' id='word_1_170' title='bbox 656 1832 751 1909; x_wconf 90' lang='lat' dir='ltr'><strong>pinnis</strong></span> <span class='ocrx_word' id='word_1_171' title='bbox 776 1831 947 1907; x_wconf 81' lang='lat' dir='ltr'><strong>verberans,</strong></span> <span class='ocrx_word' id='word_1_172' title='bbox 977 1831 1072 1891; x_wconf 90' lang='lat' dir='ltr'><strong>donec</strong></span> 
     </span>
    </p>

    <p class='ocr_par' dir='ltr' id='par_1_9' title="bbox 37 1915 1096 2326">
     <span class='ocr_line' id='line_1_21' title="bbox 37 1915 1073 1993; baseline 0.002 -22"><span class='ocrx_word' id='word_1_173' title='bbox 37 1916 249 1993; x_wconf 73' lang='lat' dir='ltr'><strong>adpraecipitet</strong></span> <span class='ocrx_word' id='word_1_174' title='bbox 269 1918 297 1973; x_wconf 92' lang='lat' dir='ltr'><strong>in</strong></span> <span class='ocrx_word' id='word_1_175' title='bbox 320 1918 408 1993; x_wconf 91' lang='lat' dir='ltr'><strong>rupis.</strong></span> <span class='ocrx_word' id='word_1_176' title='bbox 448 1934 504 1975; x_wconf 93' lang='lat' dir='ltr'><strong>nec</strong></span> <span class='ocrx_word' id='word_1_177' title='bbox 524 1934 595 1975; x_wconf 88' lang='lat' dir='ltr'><strong>unus</strong></span> <span class='ocrx_word' id='word_1_178' title='bbox 616 1915 708 1975; x_wconf 90' lang='lat' dir='ltr'><strong>hostis</strong></span> <span class='ocrx_word' id='word_1_179' title='bbox 733 1916 776 1974; x_wconf 89' lang='lat' dir='ltr'><strong>illi</strong></span> <span class='ocrx_word' id='word_1_180' title='bbox 800 1916 870 1976; x_wconf 91' lang='lat' dir='ltr'><strong>satis</strong></span> <span class='ocrx_word' id='word_1_181' title='bbox 891 1925 946 1975; x_wconf 89' lang='lat' dir='ltr'><strong>est.</strong></span> <span class='ocrx_word' id='word_1_182' title='bbox 976 1917 1073 1983; x_wconf 84' lang='lat' dir='ltr'><strong>acrior</strong></span> 
     </span>
     <span class='ocr_line' id='line_1_22' title="bbox 74 1998 1096 2076; baseline -0.005 -17"><span class='ocrx_word' id='word_1_183' title='bbox 74 2016 138 2059; x_wconf 85' lang='lat' dir='ltr'><strong>eum</strong></span> <span class='ocrx_word' id='word_1_184' title='bbox 167 1998 293 2059; x_wconf 88' lang='lat' dir='ltr'><strong>dracone</strong></span> <span class='ocrx_word' id='word_1_185' title='bbox 323 2016 418 2076; x_wconf 86' lang='lat' dir='ltr'><strong>pugna</strong></span> <span class='ocrx_word' id='word_1_186' title='bbox 448 1998 596 2076; x_wconf 84' lang='lat' dir='ltr'><strong>multoque</strong></span> <span class='ocrx_word' id='word_1_187' title='bbox 623 2000 716 2075; x_wconf 90' lang='lat' dir='ltr'><strong>magis</strong></span> <span class='ocrx_word' id='word_1_188' title='bbox 741 2016 868 2075; x_wconf 85' lang='lat' dir='ltr'><strong>anceps,</strong></span> <span class='ocrx_word' id='word_1_189' title='bbox 904 2000 1015 2058; x_wconf 73' lang='lat' dir='ltr'><strong>etiarnsi</strong></span> <span class='ocrx_word' id='word_1_190' title='bbox 1043 1999 1096 2055; x_wconf 86' lang='lat' dir='ltr'><strong>in-</strong></span> 
     </span>
     <span class='ocr_line' id='line_1_23' title="bbox 74 2080 1071 2159; baseline 0 -18"><span class='ocrx_word' id='word_1_191' title='bbox 74 2100 152 2142; x_wconf 89' lang='lat' dir='ltr'><strong>aere.</strong></span> <span class='ocrx_word' id='word_1_192' title='bbox 174 2100 229 2141; x_wconf 88' lang='lat' dir='ltr'><strong>ova</strong></span> <span class='ocrx_word' id='word_1_193' title='bbox 239 2083 286 2141; x_wconf 89' lang='lat' dir='ltr'><strong>hic</strong></span> <span class='ocrx_word' id='word_1_194' title='bbox 299 2088 483 2141; x_wconf 85' lang='lat' dir='ltr'><strong>consectatur</strong></span> <span class='ocrx_word' id='word_1_195' title='bbox 494 2082 609 2159; x_wconf 86' lang='lat' dir='ltr'><strong>aquilae</strong></span> <span class='ocrx_word' id='word_1_196' title='bbox 625 2082 759 2141; x_wconf 86' lang='lat' dir='ltr'><strong>aviditate</strong></span> <span class='ocrx_word' id='word_1_197' title='bbox 768 2081 911 2156; x_wconf 87' lang='lat' dir='ltr'><strong>malelica,</strong></span> <span class='ocrx_word' id='word_1_198' title='bbox 923 2091 953 2139; x_wconf 89' lang='lat' dir='ltr'><strong>at</strong></span> <span class='ocrx_word' id='word_1_199' title='bbox 966 2082 1017 2141; x_wconf 89' lang='lat' dir='ltr'><strong>illa</strong></span> <span class='ocrx_word' id='word_1_200' title='bbox 1032 2080 1071 2141; x_wconf 93' lang='lat' dir='ltr'><strong>ob</strong></span> 
     </span>
     <span class='ocr_line' id='line_1_24' title="bbox 73 2164 1072 2242; baseline -0.002 -17"><span class='ocrx_word' id='word_1_201' title='bbox 73 2166 131 2225; x_wconf 91' lang='lat' dir='ltr'><strong>hoc</strong></span> <span class='ocrx_word' id='word_1_202' title='bbox 153 2166 228 2242; x_wconf 91' lang='lat' dir='ltr'><strong>rapit</strong></span> <span class='ocrx_word' id='word_1_203' title='bbox 248 2164 421 2241; x_wconf 88' lang='lat' dir='ltr'><strong>ubicumque</strong></span> <span class='ocrx_word' id='word_1_204' title='bbox 442 2166 558 2223; x_wconf 82' lang='lat' dir='ltr'><strong>visum..</strong></span> <span class='ocrx_word' id='word_1_205' title='bbox 573 2164 623 2223; x_wconf 91' lang='lat' dir='ltr'><strong>ille</strong></span> <span class='ocrx_word' id='word_1_206' title='bbox 646 2164 798 2241; x_wconf 88' lang='lat' dir='ltr'><strong>multiplici</strong></span> <span class='ocrx_word' id='word_1_207' title='bbox 820 2182 897 2223; x_wconf 78' lang='lat' dir='ltr'><strong>nexu</strong></span> <span class='ocrx_word' id='word_1_208' title='bbox 919 2164 980 2224; x_wconf 89' lang='lat' dir='ltr'><strong>alas</strong></span> <span class='ocrx_word' id='word_1_209' title='bbox 1000 2164 1072 2241; x_wconf 82' lang='lat' dir='ltr'><strong>ligat</strong></span> 
     </span>
     <span class='ocr_line' id='line_1_25' title="bbox 73 2246 708 2326; baseline 0 -19"><span class='ocrx_word' id='word_1_210' title='bbox 73 2251 112 2309; x_wconf 91' lang='lat' dir='ltr'><strong>ita</strong></span> <span class='ocrx_word' id='word_1_211' title='bbox 127 2267 160 2307; x_wconf 91' lang='lat' dir='ltr'><strong>se</strong></span> <span class='ocrx_word' id='word_1_212' title='bbox 175 2249 316 2326; x_wconf 89' lang='lat' dir='ltr'><strong>inplicans</strong></span> <span class='ocrx_word' id='word_1_213' title='bbox 332 2258 364 2307; x_wconf 91' lang='lat' dir='ltr'><strong>ut</strong></span> <span class='ocrx_word' id='word_1_214' title='bbox 379 2246 461 2307; x_wconf 91' lang='lat' dir='ltr'><strong>simul</strong></span> <span class='ocrx_word' id='word_1_215' title='bbox 477 2246 592 2307; x_wconf 85' lang='lat' dir='ltr'><strong>decidat</strong></span> <span class='ocrx_word' id='word_1_216' title='bbox 604 2264 708 2326; x_wconf 85' lang='lat' dir='ltr'><strong>saepe.</strong></span> 
     </span>
    </p>

    <p class='ocr_par' dir='ltr' id='par_1_10' title="bbox 35 2328 1114 2746">
     <span class='ocr_line' id='line_1_26' title="bbox 35 2328 1114 2411; baseline 0.006 -22"><span class='ocrx_word' id='word_1_217' title='bbox 35 2349 63 2391; x_wconf 80' lang='grc' dir='ltr'><strong>ιι</strong></span> <span class='ocrx_word' id='word_1_218' title='bbox 137 2332 165 2390; x_wconf 85' lang='grc'><strong>5.</strong></span> <span class='ocrx_word' id='word_1_219' title='bbox 184 2332 247 2411; x_wconf 90' lang='grc'><strong>(6.)</strong></span> <span class='ocrx_word' id='word_1_220' title='bbox 272 2328 408 2407; x_wconf 85' lang='lat' dir='ltr'><strong>Celebris</strong></span> <span class='ocrx_word' id='word_1_221' title='bbox 424 2330 499 2409; x_wconf 90' lang='lat' dir='ltr'><strong>apud</strong></span> <span class='ocrx_word' id='word_1_222' title='bbox 518 2332 624 2391; x_wconf 88' lang='lat' dir='ltr'><strong>Seston</strong></span> <span class='ocrx_word' id='word_1_223' title='bbox 639 2331 741 2391; x_wconf 88' lang='lat' dir='ltr'><strong>urbem</strong></span> <span class='ocrx_word' id='word_1_224' title='bbox 752 2332 971 2410; x_wconf 80' lang='lat' dir='ltr'><strong>aquilaegloria</strong></span> <span class='ocrx_word' id='word_1_225' title='bbox 983 2331 1070 2393; x_wconf 85' lang='lat' dir='ltr'><strong>educ·</strong></span> <span class='ocrx_word' id='word_1_226' title='bbox 1081 2342 1114 2395; x_wconf 89' lang='lat'><strong>18</strong></span> 
     </span>
     <span class='ocr_line' id='line_1_27' title="bbox 74 2416 1070 2514; baseline -0.002 -38"><span class='ocrx_word' id='word_1_227' title='bbox 74 2426 130 2476; x_wconf 90' lang='lat' dir='ltr'><strong>tam</strong></span> <span class='ocrx_word' id='word_1_228' title='bbox 145 2434 161 2475; x_wconf 92' lang='lat' dir='ltr'><strong>a</strong></span> <span class='ocrx_word' id='word_1_229' title='bbox 177 2416 288 2493; x_wconf 89' lang='lat' dir='ltr'><strong>virgine</strong></span> <span class='ocrx_word' id='word_1_230' title='bbox 310 2416 446 2475; x_wconf 88' lang='lat' dir='ltr'><strong>retulisse</strong></span> <span class='ocrx_word' id='word_1_231' title='bbox 472 2416 593 2492; x_wconf 90' lang='lat' dir='ltr'><strong>gratiam</strong></span> <span class='ocrx_word' id='word_1_232' title='bbox 612 2418 674 2475; x_wconf 82' lang='lat' dir='ltr'><strong>avis</strong></span> <span class='ocrx_word' id='word_1_233' title='bbox 688 2418 798 2514; x_wconf 82' lang='lat' dir='ltr'><strong>primo,</strong></span> <span class='ocrx_word' id='word_1_234' title='bbox 819 2433 887 2475; x_wconf 83' lang='lat' dir='ltr'><strong>mox</strong></span> <span class='ocrx_word' id='word_1_235' title='bbox 902 2416 1005 2477; x_wconf 90' lang='lat' dir='ltr'><strong>deinde</strong></span> <span class='ocrx_word' id='word_1_236' title='bbox 1021 2434 1070 2474; x_wconf 86' lang='lat' dir='ltr'><strong>ve-</strong></span> 
     </span>
     <span class='ocr_line' id='line_1_28' title="bbox 73 2499 1102 2578; baseline -0.002 -19"><span class='ocrx_word' id='word_1_237' title='bbox 73 2508 155 2559; x_wconf 90' lang='lat' dir='ltr'><strong>uatus</strong></span> <span class='ocrx_word' id='word_1_238' title='bbox 179 2499 375 2577; x_wconf 87' lang='lat' dir='ltr'><strong>adgerentem.</strong></span> <span class='ocrx_word' id='word_1_239' title='bbox 409 2500 544 2559; x_wconf 81' lang='lat' dir='ltr'><strong>defuncta</strong></span> <span class='ocrx_word' id='word_1_240' title='bbox 570 2509 718 2578; x_wconf 87' lang='lat' dir='ltr'><strong>postremo</strong></span> <span class='ocrx_word' id='word_1_241' title='bbox 741 2502 771 2568; x_wconf 85' lang='lat' dir='ltr'><strong>in</strong></span> <span class='ocrx_word' id='word_1_242' title='bbox 792 2517 895 2576; x_wconf 88' lang='lat' dir='ltr'><strong>rogum</strong></span> <span class='ocrx_word' id='word_1_243' title='bbox 918 2517 1102 2578; x_wconf 87' lang='lat' dir='ltr'><strong>accensum</strong></span> 
     </span>
     <span class='ocr_line' id='line_1_29' title="bbox 74 2582 1088 2681; baseline 0 -40"><span class='ocrx_word' id='word_1_244' title='bbox 74 2584 137 2642; x_wconf 88' lang='lat' dir='ltr'><strong>eius</strong></span> <span class='ocrx_word' id='word_1_245' title='bbox 152 2585 288 2645; x_wconf 89' lang='lat' dir='ltr'><strong>iniecisse</strong></span> <span class='ocrx_word' id='word_1_246' title='bbox 310 2603 378 2643; x_wconf 89' lang='lat' dir='ltr'><strong>sese</strong></span> <span class='ocrx_word' id='word_1_247' title='bbox 401 2592 430 2643; x_wconf 93' lang='grc' dir='ltr'><strong>ιι</strong></span> <span class='ocrx_word' id='word_1_248' title='bbox 443 2584 526 2643; x_wconf 90' lang='lat' dir='ltr'><strong>simul</strong></span> <span class='ocrx_word' id='word_1_249' title='bbox 550 2582 757 2681; x_wconf 78' lang='lat' dir='ltr'><strong>conflagrasse.</strong></span> <span class='ocrx_word' id='word_1_250' title='bbox 790 2602 874 2663; x_wconf 84' lang='lat' dir='ltr'><strong>quam</strong></span> <span class='ocrx_word' id='word_1_251' title='bbox 895 2584 933 2643; x_wconf 88' lang='lat' dir='ltr'><strong>ob</strong></span> <span class='ocrx_word' id='word_1_252' title='bbox 956 2601 1088 2643; x_wconf 86' lang='lat' dir='ltr'><strong>causam</strong></span> 
     </span>
     <span class='ocr_line' id='line_1_30' title="bbox 73 2658 1072 2766; baseline 0.003 -42"><span class='ocrx_word' id='word_1_253' title='bbox 73 2667 189 2727; x_wconf 88' lang='lat' dir='ltr'><strong>incolae</strong></span> <span class='ocrx_word' id='word_1_254' title='bbox 212 2658 289 2766; x_wconf 84' lang='lat' dir='ltr'><strong>quo&#39;d</strong></span> <span class='ocrx_word' id='word_1_255' title='bbox 311 2678 416 2729; x_wconf 86' lang='lat' dir='ltr'><strong>vocant</strong></span> <span class='ocrx_word' id='word_1_256' title='bbox 438 2668 588 2751; x_wconf 82' lang='lat' dir='ltr'><strong>heroum</strong></span> <span class='ocrx_word' id='word_1_257' title='bbox 580 2686 608 2726; x_wconf 90' lang='grc' dir='ltr'><strong>ιιι</strong></span> <span class='ocrx_word' id='word_1_258' title='bbox 626 2685 662 2727; x_wconf 91' lang='lat' dir='ltr'><strong>eo</strong></span> <span class='ocrx_word' id='word_1_259' title='bbox 684 2668 752 2728; x_wconf 91' lang='lat' dir='ltr'><strong>loco</strong></span> <span class='ocrx_word' id='word_1_260' title='bbox 769 2668 870 2727; x_wconf 86' lang='lat' dir='ltr'><strong>iecere</strong></span> <span class='ocrx_word' id='word_1_261' title='bbox 896 2667 1072 2745; x_wconf 82' lang='lat' dir='ltr'><strong>appellatum</strong></span> 
     </span>
    </p>

    <p class='ocr_par' dir='ltr' id='par_1_11' title="bbox 34 2742 908 2829">
     <span class='ocr_line' id='line_1_31' title="bbox 34 2742 908 2829; baseline 0.009 -26"><span class='ocrx_word' id='word_1_262' title='bbox 34 2760 64 2803; x_wconf 84' lang='lat' dir='ltr'><strong>ao</strong></span> <span class='ocrx_word' id='word_1_263' title='bbox 75 2749 155 2810; x_wconf 86' lang='lat' dir='ltr'><strong>Iovis</strong></span> <span class='ocrx_word' id='word_1_264' title='bbox 172 2760 201 2809; x_wconf 93' lang='lat' dir='ltr'><strong>et</strong></span> <span class='ocrx_word' id='word_1_265' title='bbox 216 2753 345 2827; x_wconf 85' lang='lat' dir='ltr'><strong>virginis,</strong></span> <span class='ocrx_word' id='word_1_266' title='bbox 364 2742 498 2829; x_wconf 81' lang='lat' dir='ltr'><strong>quoniam</strong></span> <span class='ocrx_word' id='word_1_267' title='bbox 512 2750 555 2811; x_wconf 90' lang='lat' dir='ltr'><strong>illi</strong></span> <span class='ocrx_word' id='word_1_268' title='bbox 569 2751 626 2811; x_wconf 91' lang='lat' dir='ltr'><strong>deo</strong></span> <span class='ocrx_word' id='word_1_269' title='bbox 643 2752 706 2811; x_wconf 90' lang='lat' dir='ltr'><strong>ales</strong></span> <span class='ocrx_word' id='word_1_270' title='bbox 725 2750 908 2811; x_wconf 87' lang='lat' dir='ltr'><strong>adscribitur</strong></span> 
     </span>
    </p>

    <p class='ocr_par' dir='ltr' id='par_1_12' title="bbox 138 2827 1114 2912">
     <span class='ocr_line' id='line_1_32' title="bbox 138 2827 1114 2912; baseline 0.004 -19"><span class='ocrx_word' id='word_1_271' title='bbox 138 2833 166 2893; x_wconf 88' lang='grc'><strong>6.</strong></span> <span class='ocrx_word' id='word_1_272' title='bbox 185 2834 247 2912; x_wconf 88' lang='grc'><strong>(7.)</strong></span> <span class='ocrx_word' id='word_1_273' title='bbox 270 2835 420 2896; x_wconf 88' lang='lat' dir='ltr'><strong>Volturum</strong></span> <span class='ocrx_word' id='word_1_274' title='bbox 437 2835 607 2912; x_wconf 89' lang='lat' dir='ltr'><strong>praevalent</strong></span> <span class='ocrx_word' id='word_1_275' title='bbox 631 2836 714 2912; x_wconf 89' lang='lat' dir='ltr'><strong>nigri.</strong></span> <span class='ocrx_word' id='word_1_276' title='bbox 724 2827 830 2895; x_wconf 91' lang='lat' dir='ltr'><strong>nidos</strong></span> <span class='ocrx_word' id='word_1_277' title='bbox 846 2852 931 2893; x_wconf 85' lang='lat' dir='ltr'><strong>nemo</strong></span> <span class='ocrx_word' id='word_1_278' title='bbox 947 2835 1067 2911; x_wconf 90' lang='lat' dir='ltr'><strong>attingit</strong></span> <span class='ocrx_word' id='word_1_279' title='bbox 1081 2844 1114 2899; x_wconf 81' lang='lat'><strong>19</strong></span> 
     </span>
    </p>

    <p class='ocr_par' dir='ltr' id='par_1_13' title="bbox 73 2917 1072 3163">
     <span class='ocr_line' id='line_1_33' title="bbox 73 2917 1070 3015; baseline 0.001 -39"><span class='ocrx_word' id='word_1_280' title='bbox 73 2917 141 2976; x_wconf 88' lang='lat' dir='ltr'><strong>ideo</strong></span> <span class='ocrx_word' id='word_1_281' title='bbox 165 2927 194 2977; x_wconf 89' lang='lat' dir='ltr'><strong>et</strong></span> <span class='ocrx_word' id='word_1_282' title='bbox 222 2919 304 2977; x_wconf 90' lang='lat' dir='ltr'><strong>luere</strong></span> <span class='ocrx_word' id='word_1_283' title='bbox 320 2920 367 3015; x_wconf 82' lang='lat' dir='ltr'><strong>qui</strong></span> <span class='ocrx_word' id='word_1_284' title='bbox 383 2927 516 2995; x_wconf 89' lang='lat' dir='ltr'><strong>putarent</strong></span> <span class='ocrx_word' id='word_1_285' title='bbox 531 2918 598 2977; x_wconf 89' lang='lat' dir='ltr'><strong>illos</strong></span> <span class='ocrx_word' id='word_1_286' title='bbox 616 2937 655 2975; x_wconf 86' lang='lat' dir='ltr'><strong>ex</strong></span> <span class='ocrx_word' id='word_1_287' title='bbox 680 2917 805 2977; x_wconf 88' lang='lat' dir='ltr'><strong>adverso</strong></span> <span class='ocrx_word' id='word_1_288' title='bbox 827 2917 899 2977; x_wconf 91' lang='lat' dir='ltr'><strong>orbe</strong></span> <span class='ocrx_word' id='word_1_289' title='bbox 921 2918 1070 2977; x_wconf 84' lang='lat' dir='ltr'><strong>advolare</strong></span> 
     </span>
     <span class='ocr_line' id='line_1_34' title="bbox 73 2999 1071 3079; baseline -0.002 -18"><span class='ocrx_word' id='word_1_290' title='bbox 73 2999 160 3062; x_wconf 82' lang='lat' dir='ltr'><strong>falso.</strong></span> <span class='ocrx_word' id='word_1_291' title='bbox 182 3002 352 3063; x_wconf 73' lang='lat' dir='ltr'><strong>nidificant</strong></span> <span class='ocrx_word' id='word_1_292' title='bbox 344 3020 373 3061; x_wconf 85' lang='lat' dir='ltr'><strong>ru</strong></span> <span class='ocrx_word' id='word_1_293' title='bbox 383 3001 591 3061; x_wconf 80' lang='lat' dir='ltr'><strong>excelsissimis</strong></span> <span class='ocrx_word' id='word_1_294' title='bbox 603 3001 732 3078; x_wconf 81' lang='lat' dir='ltr'><strong>rupibus</strong></span> <span class='ocrx_word' id='word_1_295' title='bbox 754 3002 833 3061; x_wconf 84' lang='lat' dir='ltr'><strong>letus</strong></span> <span class='ocrx_word' id='word_1_296' title='bbox 850 3001 967 3079; x_wconf 84' lang='lat' dir='ltr'><strong>quidem</strong></span> <span class='ocrx_word' id='word_1_297' title='bbox 980 3020 1071 3079; x_wconf 84' lang='lat' dir='ltr'><strong>saepe</strong></span> 
     </span>
     <span class='ocr_line' id='line_1_35' title="bbox 74 3076 1072 3163; baseline 0 -20"><span class='ocrx_word' id='word_1_298' title='bbox 74 3095 241 3161; x_wconf 80' lang='lat' dir='ltr'><strong>cernuntur,</strong></span> <span class='ocrx_word' id='word_1_299' title='bbox 262 3087 325 3145; x_wconf 85' lang='lat' dir='ltr'><strong>iere</strong></span> <span class='ocrx_word' id='word_1_300' title='bbox 342 3086 411 3144; x_wconf 91' lang='lat' dir='ltr'><strong>bini.</strong></span> <span class='ocrx_word' id='word_1_301' title='bbox 444 3083 607 3144; x_wconf 89' lang='lat' dir='ltr'><strong>Umbricius</strong></span> <span class='ocrx_word' id='word_1_302' title='bbox 626 3076 842 3163; x_wconf 87' lang='lat' dir='ltr'><strong>haruspicum</strong></span> <span class='ocrx_word' id='word_1_303' title='bbox 834 3095 871 3145; x_wconf 91' lang='grc' dir='ltr'><strong>ιιι</strong></span> <span class='ocrx_word' id='word_1_304' title='bbox 881 3094 982 3144; x_wconf 86' lang='lat' dir='ltr'><strong>nostro</strong></span> <span class='ocrx_word' id='word_1_305' title='bbox 997 3101 1072 3145; x_wconf 85' lang='lat' dir='ltr'><strong>aevo</strong></span> 
     </span>
    </p>

    <p class='ocr_par' dir='ltr' id='par_1_14' title="bbox 34 3168 1073 3397">
     <span class='ocr_line' id='line_1_36' title="bbox 34 3168 1073 3247; baseline -0.005 -15"><span class='ocrx_word' id='word_1_306' title='bbox 34 3170 265 3247; x_wconf 71' lang='lat' dir='ltr'><strong>reperissemus</strong></span> <span class='ocrx_word' id='word_1_307' title='bbox 283 3188 388 3247; x_wconf 86' lang='lat' dir='ltr'><strong>parere</strong></span> <span class='ocrx_word' id='word_1_308' title='bbox 411 3169 495 3228; x_wconf 87' lang='lat' dir='ltr'><strong>tradit</strong></span> <span class='ocrx_word' id='word_1_309' title='bbox 513 3185 568 3227; x_wconf 87' lang='lat' dir='ltr'><strong>ova</strong></span> <span class='ocrx_word' id='word_1_310' title='bbox 592 3168 748 3244; x_wconf 86' lang='lat' dir='ltr'><strong>tredecim,</strong></span> <span class='ocrx_word' id='word_1_311' title='bbox 772 3185 829 3228; x_wconf 83' lang='grc' dir='ltr'>ιιιι)</span> <span class='ocrx_word' id='word_1_312' title='bbox 845 3188 883 3228; x_wconf 87' lang='lat' dir='ltr'><strong>ex</strong></span> <span class='ocrx_word' id='word_1_313' title='bbox 906 3169 940 3227; x_wconf 88' lang='lat' dir='ltr'><strong>iis</strong></span> <span class='ocrx_word' id='word_1_314' title='bbox 961 3170 1073 3247; x_wconf 77' lang='lat' dir='ltr'><strong>reliqua</strong></span> 
     </span>
     <span class='ocr_line' id='line_1_37' title="bbox 76 3251 1072 3329; baseline 0 -18"><span class='ocrx_word' id='word_1_315' title='bbox 76 3268 132 3311; x_wconf 85' lang='lat' dir='ltr'><strong>ova</strong></span> <span class='ocrx_word' id='word_1_316' title='bbox 149 3252 302 3329; x_wconf 85' lang='lat' dir='ltr'><strong>nidumque</strong></span> <span class='ocrx_word' id='word_1_317' title='bbox 317 3252 451 3325; x_wconf 88' lang='lat' dir='ltr'><strong>lustrare,</strong></span> <span class='ocrx_word' id='word_1_318' title='bbox 467 3270 534 3311; x_wconf 85' lang='lat' dir='ltr'><strong>mox</strong></span> <span class='ocrx_word' id='word_1_319' title='bbox 550 3251 679 3311; x_wconf 89' lang='lat' dir='ltr'><strong>abicere.</strong></span> <span class='ocrx_word' id='word_1_320' title='bbox 705 3251 800 3312; x_wconf 85' lang='lat' dir='ltr'><strong>triduo</strong></span> <span class='ocrx_word' id='word_1_321' title='bbox 814 3262 909 3313; x_wconf 86' lang='lat' dir='ltr'><strong>antem</strong></span> <span class='ocrx_word' id='word_1_322' title='bbox 921 3261 1006 3312; x_wconf 87' lang='lat' dir='ltr'><strong>antea</strong></span> <span class='ocrx_word' id='word_1_323' title='bbox 1021 3269 1072 3311; x_wconf 87' lang='lat' dir='ltr'><strong>vo·</strong></span> 
     </span>
     <span class='ocr_line' id='line_1_38' title="bbox 74 3334 626 3397; baseline -0.007 0"><span class='ocrx_word' id='word_1_324' title='bbox 74 3334 137 3397; x_wconf 84' lang='lat' dir='ltr'><strong>lare</strong></span> <span class='ocrx_word' id='word_1_325' title='bbox 154 3352 207 3397; x_wconf 87' lang='lat' dir='ltr'><strong>eos</strong></span> <span class='ocrx_word' id='word_1_326' title='bbox 222 3336 271 3395; x_wconf 90' lang='lat' dir='ltr'><strong>ubi</strong></span> <span class='ocrx_word' id='word_1_327' title='bbox 287 3336 429 3397; x_wconf 87' lang='lat' dir='ltr'><strong>cadavera</strong></span> <span class='ocrx_word' id='word_1_328' title='bbox 443 3335 538 3395; x_wconf 84' lang='lat' dir='ltr'><strong>futura</strong></span> <span class='ocrx_word' id='word_1_329' title='bbox 552 3343 626 3395; x_wconf 90' lang='lat' dir='ltr'><strong>sunt.</strong></span> 
     </span>
    </p>

    <p class='ocr_par' dir='ltr' id='par_1_15' title="bbox 137 3417 1117 3499">
     <span class='ocr_line' id='line_1_39' title="bbox 137 3417 1117 3499; baseline 0.004 -20"><span class='ocrx_word' id='word_1_330' title='bbox 137 3420 165 3479; x_wconf 97' lang='grc'><strong>7.</strong></span> <span class='ocrx_word' id='word_1_331' title='bbox 184 3418 248 3499; x_wconf 88' lang='grc'><strong>(8.)</strong></span> <span class='ocrx_word' id='word_1_332' title='bbox 272 3419 447 3499; x_wconf 77' lang='lat' dir='ltr'><strong>sanqualem</strong></span> <span class='ocrx_word' id='word_1_333' title='bbox 467 3437 550 3479; x_wconf 88' lang='lat' dir='ltr'><strong>avem</strong></span> <span class='ocrx_word' id='word_1_334' title='bbox 570 3429 656 3497; x_wconf 80' lang='lat' dir='ltr'><strong>atque</strong></span> <span class='ocrx_word' id='word_1_335' title='bbox 681 3418 851 3479; x_wconf 89' lang='lat' dir='ltr'><strong>inmusulum</strong></span> <span class='ocrx_word' id='word_1_336' title='bbox 873 3437 1000 3498; x_wconf 71' lang='lat' dir='ltr'><strong>augures</strong></span> <span class='ocrx_word' id='word_1_337' title='bbox 1016 3417 1117 3483; x_wconf 80' lang='lat' dir='ltr'><strong>ito-uo</strong></span> 
     </span>
    </p>
   </div>
   <div class='ocr_carea' id='block_1_3' title="bbox 0 0 1276 3842">
    <p class='ocr_par' dir='ltr' id='par_1_16' title="bbox 0 0 1276 3842">
     <span class='ocr_line' id='line_1_40' title="bbox 0 0 1276 3842; baseline 0 2"><span class='ocrx_word' id='word_1_338' title='bbox 0 0 1276 3842; x_wconf 95' lang='lat' dir='ltr'><strong> </strong></span> 
     </span>
    </p>
   </div>
  </div>
 </body>
</html>
