2542 3842
171 144 231 223 1'12
487 169 518 221 o.
541 171 639 223 annm
660 170 812 234 saccant
893 193 896 197 -
923 135 955 252 Ἰ

169 325 337 406 speculatus
365 324 454 393 index
478 342 576 391 morsu
601 326 661 389 leui
692 327 843 404 stammas
884 325 936 388 illa
966 325 1171 410 conprehensc

169 408 306 493 quidquid
320 410 436 473 inclusit
452 412 593 474 exanimat
608 419 778 491 partemque
793 411 874 474 socio
890 408 997 474 tribuit.

126 503 178 559 143
243 494 326 573 (67⁸.)
360 494 425 568 Quo
450 496 541 572 magis
566 497 654 555 miror
680 495 820 572 quosdam
846 495 1035 555 existumasse
1061 496 1171 574 aquati·

169 577 244 641 libus
263 578 371 641 nullum
392 580 491 641 inesse
512 597 638 641 sensum
674 580 754 643 novit
774 579 900 657 torpedo
921 580 980 640 uim
1004 597 1086 642 suam
1106 581 1173 658 ipsa

168 679 227 723 non
247 671 386 742 torpens,
406 680 551 743 versaque
572 664 601 725 in
624 663 692 726 limo
712 681 745 721 se
767 662 895 725 occultet
910 664 1032 741 piscium
1054 664 1104 745 qui
1125 682 1197 726 ses

169 747 229 812 curi
252 754 472 827 supernatantes
492 746 671 825 obtorpuere
695 748 870 825 conripiens.
910 746 993 807 buius
1014 748 1107 812 iecori
1128 756 1172 808 te·
1235 748 1241 756 ⁴

168 830 277 891 ueritas
302 831 381 891 nulla
408 830 582 908 praefertur.
621 848 677 894 nec
705 832 797 893 minor
823 830 958 896 sollertia
983 848 1071 893 ranae
1098 848 1175 910 quae

75 936 78 943 ·
169 914 198 973 in
220 915 290 973 mari
317 915 454 993 piscatrix
475 924 605 975 vocatur.
645 916 797 975 eminentia
823 913 878 976 sub
905 914 997 977 oculis
1023 915 1173 980 amnicum

155 995 282 1059 turbato
298 997 366 1061 limo
382 999 506 1073 exserit,
525 998 732 1061 adsultantibus
747 999 896 1078 pisciculis
916 998 1098 1081 pertrahens,
1121 998 1170 1059 dc·

126 1087 242 1145 ltinec
263 1090 320 1144 tam
343 1099 436 1161 prope
459 1081 600 1143 accedant
619 1092 651 1141 ut
669 1082 793 1146 adsiliet.
826 1083 913 1145 simili
931 1082 1020 1146 modo.
1038 1084 1204 1163 squatinam

170 1174 199 1225 et
214 1164 350 1228 rhombus
379 1164 466 1227 abditi
486 1167 586 1244 pinnas
612 1176 745 1228 exsertas
759 1176 878 1230 movent
902 1168 1004 1247 specie
1030 1168 1169 1230 vermicu·

167 1250 277 1324 lorum,
297 1250 422 1328 itemque
445 1267 519 1327 quae
544 1259 684 1311 vocantur
705 1251 794 1312 raiae.
827 1268 892 1315 narn
913 1252 1061 1330 pastinaca
1085 1251 1171 1315 latro-

169 1333 280 1395 cinatur
303 1350 341 1395 ex
364 1332 480 1396 occulto
512 1337 687 1398 transeuntis
713 1334 810 1410 radic,
845 1334 923 1412 quod
951 1335 1039 1396 telum
1065 1345 1112 1395 est
1132 1338 1170 1413 ei,
1263 1379 1265 1418 t

168 1415 272 1493 liqens.
303 1427 470 1493 argumenta
487 1417 636 1479 sollertiae
659 1419 757 1493 buius,
779 1419 856 1498 quod
875 1420 1029 1481 tardissimi
1049 1420 1172 1498 piscium
1251 1424 1265 1496 l

167 1498 198 1559 bi
218 1499 353 1577 mugilem
373 1500 588 1564 velocissimum
611 1503 735 1563 omnium
753 1501 895 1566 babentes
918 1505 948 1566 in
961 1513 1064 1565 uentre
1083 1522 1206 1583 repe-la

167 1584 287 1646 riuntur.
1021 1641 1023 1646 .
1263 1641 1264 1646 ,

126 1674 178 1729 145
234 1664 286 1725 43.
309 1666 529 1745 scolopendrae
551 1667 739 1728 terrestribus
760 1669 885 1744 similes,
904 1687 976 1750 quas
999 1671 1171 1751 centipedes
1263 1711 1264 1756 ss

167 1757 288 1823 vocant,
304 1749 387 1811 hemo
406 1749 545 1810 devorato
562 1753 655 1811 omnia
670 1752 817 1815 interanea
839 1762 989 1830 evomunt,
1007 1753 1104 1815 donec
1119 1755 1170 1819 ba·

166 1848 241 1893 tntum
259 1841 395 1909 egerant,
418 1832 521 1896 deinde
536 1824 704 1896 reso‘rbent
732 1845 760 1897 at
774 1835 880 1915 volpes
893 1838 1020 1899 marinae
1040 1840 1129 1901 simili
1144 1841 1175 1901 in
1263 1767 1265 1904 i

168 1915 302 1993 periculo
317 1916 441 1993 glutiunt
455 1916 577 1995 amplius
594 1936 685 1998 nsque
704 1920 740 1981 ad
754 1920 866 1983 infirma
887 1921 973 1983 liniae
990 1940 1065 2000 quae
1081 1924 1204 1987 facilem
1258 1907 1265 2054 p

114 2066 116 2070 ⁸
167 1998 351 2076 praecedant.
377 2002 487 2067 cautius
500 2002 547 2082 qui
559 2001 653 2079 glanis
664 2013 784 2064 vocatur
795 2021 917 2066 aversos
928 2006 1041 2072 mordet
1055 2006 1169 2085 hamos,
1263 2057 1264 2062 1

165 2099 222 2143 nec
237 2082 359 2149 deuoret
371 2084 424 2145 sed
444 2104 513 2149 esca
527 2086 645 2164 spoliat.
1263 2069 1265 2117 t

229 2168 279 2228 44.
304 2168 456 2233 Gressatur
470 2170 546 2231 aries
562 2170 698 2246 mistro,
722 2181 752 2232 et
766 2190 840 2234 nunc
854 2146 1039 2250 grandiorum
1055 2176 1171 2235 navium

166 2251 195 2312 in
210 2251 274 2313 salo
290 2254 422 2319 stantium
439 2254 600 2315 occultatus
623 2255 724 2319 umbra
737 2257 761 2315 si
778 2275 863 2339 quem
878 2256 962 2320 nandi
977 2258 1112 2337 voluptas
1124 2261 1168 2320 in·
1263 2337 1264 2342 ἵ

166 2336 237 2395 uitet
257 2345 426 2413 exspectat,
449 2355 524 2399 nunc
544 2337 622 2408 elato
646 2349 727 2401 extra
751 2358 854 2421 aquam
878 2341 974 2419 capite
998 2343 1206 2421 piscantiumas
1263 2375 1264 2378 ¹

167 2418 285 2493 cymbas
305 2418 473 2497 speculatur
488 2421 678 2499 occultusque
695 2422 833 2487 adnatans
846 2426 961 2501 mergit.

77 2538 82 2547 ·
122 2510 175 2581 pto
233 2500 284 2561 45.
309 2499 392 2581 (68.)
415 2500 558 2583 Equidem
577 2514 607 2564 et
626 2504 671 2566 bis
692 2508 789 2567 inesse
811 2527 927 2571 sensum
946 2508 1070 2573 arbitror
1090 2527 1172 2589 quae
1263 2529 1264 2536 ¹

82 2652 86 2657 ,
165 2600 260 2661 neque
285 2584 445 2647 animalium
471 2606 567 2666 neque
592 2588 726 2650 fruticum
750 2591 804 2652 sed
828 2594 941 2654 tertiam
965 2594 1103 2675 quandam
1126 2611 1172 2655 ex

165 2668 289 2745 utr‘oque
312 2679 440 2735 naturam
461 2670 583 2747 habent,
608 2675 705 2733 urticis
728 2674 793 2736 dico
812 2680 1015 2756 etspongeis.
1044 2674 1169 2738 Urticae
1200 2720 1204 2729 -
1263 2754 1265 2758 .

126 2772 128 2779 ’
165 2758 251 2811 noctu
266 2762 405 2831 vagantur
416 2762 561 2833 noctuque
572 2764 688 2818 mutent.
718 2778 858 2821 carnosae
870 2761 980 2823 frondis
994 2762 1039 2824 bis
1053 2770 1168 2837 natura,
1179 2782 1206 2823 co
1263 2765 1265 2870 p

161 2842 194 2893 'et
212 2853 298 2897 carne
314 2848 478 2901 nascuntur.
510 2840 555 2902 vis
574 2842 684 2919 pruritu
698 2844 819 2905 mordax
833 2846 992 2926 eademque
1015 2862 1088 2924 quae
1106 2855 1167 2908 ter·

164 2920 266 2979 restris
289 2922 408 2982 urticae.
447 2923 588 2983 contrabit
610 2942 683 3003 ergo
705 2946 738 2987 se
760 2946 843 3007 quam
862 2949 993 2990 maxume
1015 2932 1115 3008 rigens
1130 2948 1168 2992 ao
1263 2938 1265 2996 l

164 3012 351 3081 praenatante
369 3007 513 3083 pisciculo
527 3006 760 3071 troadensem
781 3016 893 3091 spargit
914 3014 1168 3094 conplectensque

123 3092 174 3148 147
183 3086 312 3147 devorat.
354 3089 427 3151 alias
447 3094 600 3153 marcentis
622 3094 721 3155 similis
744 3105 773 3156 et
793 3098 892 3159 iactari
913 3117 945 3161 se
965 3116 1052 3175 passe
1075 3098 1168 3160 linctu

164 3172 248 3248 algae
269 3171 350 3247 viee,
377 3183 528 3235 contactos
549 3177 670 3254 piscium
695 3181 849 3260 attrituque
876 3191 975 3261 petrae
1002 3183 1204 3261 scalpentisaa

164 3255 302 3331 pruritum
316 3255 431 3316 invadit.
462 3258 563 3319 eadem
578 3271 664 3321 noctu
680 3265 811 3341 pectines
829 3274 858 3325 et
874 3264 992 3325 echinos
1009 3266 1163 3346 perquirit.

165 3354 228 3395 cum
245 3338 391 3399 admoveri
406 3340 461 3399 sibi
476 3359 587 3402 manum
605 3348 707 3420 sentit,
724 3347 853 3409 colorem
868 3358 955 3409 mutat
971 3359 999 3409 et
1017 3350 1163 3411 contrabi-

164 3426 218 3481 tur.
248 3429 325 3481 tacta
340 3423 487 3485 uredinem
501 3425 598 3502 mittit,
615 3428 788 3509 paulumque
808 3433 833 3491 si
847 3433 900 3494 luit
914 3433 1075 3511 intervalli,
1094 3434 1163 3495 abs·

9 206 11 259 l

9 262 11 315 l

9 426 11 457 t
