2542 3842
145 103 186 170 88
486 114 517 162 e.
537 115 636 163 unuru
654 113 805 161 sneunnu

104 286 139 341 ιθ
207 272 270 351 (6.)
294 269 353 330 0ru
371 268 513 329 balaenae
536 268 646 329 hebent
660 269 689 327 iu
708 268 868 345 frontibus,
890 273 1018 351 ideoque
1040 290 1147 335 summu

145 376 221 437 uque
242 363 373 418 nutantes
394 355 423 413 in
444 352 569 413 sublime
588 352 702 413 nimbos
723 352 838 433 sidunt..
866 357 894 415 7.
917 359 1030 436 spirent
1052 368 1147 417 sutoru

146 441 336 505 confessione
351 439 476 497 omniunt
489 445 521 496 et
535 438 709 514 paucissima
722 437 778 497 sliu
793 440 822 499 io
836 443 907 501 muri
923 460 998 524 quse
1020 443 1147 502 intorno·

145 546 208 587 rurn
227 526 373 585 viseerum
390 522 557 601 pulmonem
576 520 701 595 mens,
735 524 869 599 quonium
892 528 955 585 sine
976 544 1013 585 eo
1035 528 1147 604 spirare

147 609 249 673 animat
264 607 371 668 uulluuu
391 614 516 685 putetur.
551 624 607 665 nee
627 607 749 683 piscium
769 603 922 669 brunelliu's
942 609 1076 672 luobeutis
1098 626 1170 679 ssu-5

145 696 264 757 holitum
295 692 417 753 reddere
453 708 489 751 oe
518 708 572 769 per
604 691 677 753 viois
705 691 841 768 reoipere
874 696 1046 775 existumept
1076 712 1147 773 quo·

145 798 207 840 rum
229 778 302 837 haee
324 776 423 855 opinio
451 784 513 850 est,
549 792 606 835 neo
626 774 715 835 multu
742 774 799 835 sliu
817 794 927 851 genera
949 778 1146 839 erisntnn-

147 862 377 944 obtinueritis,
401 860 430 917 iu
445 877 501 937 qus
525 860 668 919 sententia
689 859 780 919 fuisse
801 860 990 925 Aristotelem
1012 864 1100 922 video
1116 872 1147 922 et

106 957 139 1013 17
148 947 244 1008 nrultis
259 945 441 1023 persuasisse
461 943 591 1005 doetriuu
611 944 764 1020 indignius.
784 962 853 1019 ,nen
873 964 920 1007 ure
935 948 1067 1025 protinus
1081 947 1167 1009 lruie.

146 1032 275 1111 opinioni
290 1046 393 1090 eorum
405 1027 551 1088 ueeedere
568 1028 635 1088 haut
652 1026 819 1105 dissimulo,
844 1032 977 1109 quonism
991 1032 1181 1109 eupoleon

147 1134 213 1176 num
234 1117 300 1174 viee
324 1121 445 1191 possunt
465 1113 521 1173 ulis
542 1112 689 1191 spirabilis
710 1113 807 1173 inesse
835 1117 949 1175 viscera
968 1118 1007 1177 ite
1029 1116 1147 1175 volente

78 1208 81 1213 '
146 1210 264 1275 nutura,
289 1200 364 1259 sieut
385 1215 438 1277 pro
453 1198 594 1275 sunguine
613 1206 659 1257 est
678 1196 774 1257 multis
792 1198 864 1260 alius
880 1214 971 1259 umor.
1007 1201 1037 1260 in
1059 1218 1148 1277 aquus

148 1285 264 1365 quidem
278 1292 432 1362 penetrare
448 1282 565 1343 vitalem
576 1281 652 1343 hune
666 1280 783 1341 halitum
795 1285 859 1360 quis
873 1286 992 1343 miretur
1003 1286 1052 1361 qui
1063 1286 1149 1343 etiou'n

137 1370 228 1431 ,reddi
245 1366 280 1428 uh
296 1368 340 1427 luis
356 1386 421 1427 euru
437 1374 536 1426 eernut
553 1374 584 1425 et
600 1368 629 1426 in
643 1375 737 1426 ternus
749 1373 867 1445 quoque
883 1378 961 1429 tonte
978 1371 1148 1448 spissiorem

146 1462 266 1514 nuturue
282 1459 393 1529 purtem
408 1460 563 1529 penetrare
578 1446 747 1528 argumento
763 1452 924 1513 animalium
939 1472 1015 1531 quse
1031 1468 1183 1530 semperne

107 1538 269 1601 18deiossu
283 1536 393 1609 vivont,
409 1552 464 1594 eeu
478 1532 599 1614 tulpue?
614 1534 755 1595 ueeedunt
766 1536 840 1612 opud
853 1554 900 1595 nte
916 1546 998 1597 uerte
1014 1530 1148 1596 eilie'eoiu

70 1647 74 1653 ·
147 1631 178 1683 ut
198 1618 314 1681 eredunt
335 1621 421 1679 etium
435 1620 528 1681 omnis
550 1620 580 1677 in
593 1620 676 1695 aquis
691 1618 803 1695 spirare
820 1628 938 1681 usturse
961 1638 1032 1681 suse
1055 1629 1144 1695 sorte,

104 1747 107 1751 -
147 1706 267 1785 primurn
287 1720 379 1779 saepe
394 1700 529 1763 adnotatu
551 1702 672 1779 piseiuun
693 1702 805 1761 aestivo
823 1702 923 1761 eulore
940 1704 1082 1781 quaedem
1098 1722 1146 1765 on·

147 1786 256 1849 helstio
272 1794 302 1845 et
317 1786 374 1845 uliu
388 1786 543 1862 tranquillo
559 1784 639 1845 velut
656 1786 801 1860 oscitatio,
817 1787 946 1863 ipsorum
959 1802 1081 1865 'quoque
1100 1789 1150 1867 qui

147 1880 212 1932 suut
228 1870 258 1929 in
271 1868 395 1931 aduersu
409 1870 544 1949 opinione
556 1868 594 1930 ds
611 1886 712 1929 sorono
722 1870 843 1945 pisoium
855 1871 1066 1946 contessio‚-—
1082 1873 1148 1949 quis
1158 1890 1183 1933 so

148 1955 224 2015 enim
237 1956 299 2015 siue
312 1943 510 2033 respirationi
519 1970 620 2018 somno
629 1948 734 2016 loeus?
753 1986 795 2035 ᾗ·
809 1964 966 2032 praetereo
979 1954 1150 2016 ltullentiutn
1249 1996 1250 2009 ,

58 2105 62 2110 ,
90 2033 95 2046 ’
147 2057 285 2119 equorum
306 2038 432 2102 suillutio
449 2039 594 2117 lunaeque
615 2038 724 2099 edeotu
745 2040 919 2099 oonohsruru
941 2056 1058 2119 quoque
1083 2056 1148 2099 eor·

147 2141 220 2203 poru
241 2126 439 2201 augescendo.
479 2141 571 2201 super
594 2124 756 2183 omntsesu
777 2122 853 2201 quod
876 2142 943 2185 esse
969 2122 1092 2185 nuditum
1119 2131 1150 2183 et

147 2208 300 2274 ptumum
320 2208 448 2290 pisoilrps
468 2208 596 2270 nouerit
614 2206 744 2283 dubium,
767 2226 806 2267 ex
825 2209 901 2267 aeris
919 2218 1069 2285 utrumque
1089 2224 1147 2267 tm·

146 2294 230 2353 teriu
263 2293 383 2353 oderem
403 2292 517 2370 quidem
538 2309 595 2351 non
610 2291 687 2351 uliud
711 2309 795 2371 poam
816 2292 953 2352 inlsoturn
974 2304 1044 2351 sera
1063 2290 1185 2354 intel-ne

147 2376 208 2455 logi
229 2377 332 2456 possit.
364 2374 552 2451 quemobrem
572 2376 609 2436 de
629 2374 675 2435 luis
697 2375 831 2453 opinetur
853 2385 884 2435 ut
906 2371 1011 2455 ouiqut's¹
1039 2374 1148 2435 lihitum

106 2470 141 2527 ut
151 2464 216 2528 erit.
248 2457 408 2520 Branchiso
425 2475 483 2518 non
499 2468 565 2519 sunt
581 2458 726 2534 beluonis‚‘
743 2474 801 2519 neo
814 2458 968 2537 delphinis.
999 2460 1074 2519 haee
1090 2460 1148 2518 duo

147 2560 259 2622 genero
277 2541 384 2604 tistulis
403 2542 513 2620 spirent
529 2560 605 2621 quus
625 2541 662 2601 ed
683 2542 845 2620 pulrnoueun
863 2544 1024 2621 pertinent,
1048 2542 1147 2603 bulse-

28 2670 32 2688 .
148 2631 194 2689 nis
209 2644 225 2685 s
239 2626 346 2701 fronte,
362 2626 507 2705 delphinis
519 2645 536 2687 a
549 2626 650 2687 dorsu.
681 2636 711 2685 et
724 2626 806 2687 vituli
820 2628 937 2703 murini,
954 2644 1029 2705 quos
1043 2635 1150 2686 voouut

148 2711 278 2791 pilosus,
301 2712 412 2789 spirant
433 2728 469 2773 ue
485 2710 628 2774 dormiunt
650 2711 678 2771 iu
702 2720 789 2771 torre.
823 2712 892 2771 itern
912 2710 1091 2785 testudines,
1112 2710 1187 2769 deuo

106 2793 253 2882 guribus
266 2812 336 2855 rnox
355 2795 448 2873 pluru.
618 2797 622 2810 “
1249 2832 1250 2855 t

106 2894 142 2944 uo
210 2876 239 2941 8.
256 2881 321 2959 (t.)
343 2878 567 2943 vetootssmun
586 2880 710 2940 omniurn
726 2878 896 2957 animalium,
912 2898 969 2941 non
984 2879 1077 2938 solum
1091 2894 1151 2937 rus·

147 2965 292 3039 uiuorum,
319 2973 365 3024 est
384 2964 538 3043 delphinus
558 2964 645 3047 peior
665 2964 804 3038 uoluere,
834 2964 930 3024 serior
943 2962 1021 3037 telo,
1045 2980 1081 3022 uu
1095 2962 1152 3021 nisi

147 3048 265 3115 nultun
280 3046 354 3109 inira
369 3057 493 3110 rostrum
508 3066 544 3108 os
555 3047 600 3107 illi
609 3048 687 3110 iuret
701 3047 797 3109 medio
810 3064 904 3127 possm
918 3048 947 3106 iu
957 3056 1071 3121 uentre,
1083 3046 1150 3105 ¹uul-

148 3134 194 3195 lus
215 3132 336 3212 piseiunu
357 3132 540 3194 celeritatem
561 3132 624 3193 eius
650 3132 799 3195 evaderet,
845 3132 898 3191 sed
917 3130 1012 3191 edient
1039 3146 1187 3193 nummos

60 3294 64 3299 .
148 3217 331 3298 providentis
341 3225 472 3291 suturae,
484 3217 552 3295 pule
560 3218 616 3277 nisi
626 3217 755 3294 resupini
766 3226 853 3294 utque
866 3215 1002 3275 nonnoni
1013 3228 1069 3273 non
1080 3230 1152 3273 ouu·

148 3304 270 3379 utpium,
297 3316 372 3378 quse
405 3317 492 3362 uuus
523 3301 682 3378 pnsnipue
713 3299 899 3377 vslooituteuu
926 3315 1027 3360 eorurn
1052 3308 1152 3357 osten

150 3384 199 3443 dit.
228 3402 293 3443 uum
308 3384 358 3461 qui
377 3383 453 3443 fenne
472 3384 579 3441 ooneiti
600 3382 758 3459 fugientum
778 3385 808 3443 in
830 3384 979 3445 sodoims
1001 3381 1153 3459 porsecuti
