2542 3842
193 127 253 216 ’.ιιι
341 132 343 138 ’
533 163 563 212 o.
579 137 838 217 rumrsac'urrnr

166 334 169 346 ·
191 319 288 397 phavit
303 317 340 378 de
356 315 471 396 corsis,
493 328 585 394 myrto
601 329 767 382 coronatum
784 320 867 382 ludos
882 318 1029 382 Cirtensis
1046 326 1188 402 spectare

191 403 317 462 solitum.
343 421 416 464 avos
436 412 579 463 maternus
593 403 722 464 Africani
745 404 893 484 sequentis
915 404 961 464 hio
976 406 1037 465 luit.
1066 407 1187 470 hierom

189 486 323 547 Valerius
345 485 455 546 duabus
477 487 591 546 coronis
607 487 756 565 utebatur,
778 489 875 548 laurea
889 497 919 548 et
932 499 1063 567 myrtea,
1088 495 1187 571 quiet

191 569 249 630 hoc
262 579 391 646 voverat.

149 662 200 718 ιιι
274 652 324 713 30.
347 653 429 733 (39)
457 651 565 712 Laurus
584 653 733 731 triumphis
755 655 873 733 proprie
894 655 1020 732 dicatur,
1046 657 1101 718 vel
1120 676 1204 738 gra-u

190 737 297 796 tissima
307 736 448 813 domibus,
464 737 577 796 ianitrix
587 733 742 798 Caesarum
756 738 985 837 pontificumque.
1009 739 1076 813 sola
1088 751 1122 803 et
1136 745 1185 805 do·

189 837 252 880 moa
266 829 386 880 exornat
401 829 430 879 et
443 829 509 880 autc
524 819 618 879 limina
629 820 763 880 excubat.
790 821 847 880 duo
864 823 925 882 eius
938 840 1050 899 genera
1066 827 1188 888 tradidit

191 905 249 964 coli
261 901 536 982 (lato,1lelphlcam
551 909 581 962 et
595 900 739 982 Cypriam.
764 904 916 983 Pompeius
930 905 1069 967 lenaeus
1077 911 1186 971 adiecit

190 1005 274 1072 quam
290 997 443 1046 mustacem
466 986 639 1064 appellavit,
660 990 791 1065 qnoniam
810 988 963 1048 mustaceis
985 989 1184 1053 subiceretur.

188 1066 264 1131 hanc
282 1089 349 1150 esse
362 1071 433 1130 lolio
448 1086 577 1130 maxumo
592 1070 772 1148 flaccidoque
787 1079 816 1130 et
830 1059 989 1147 albicante,
1005 1072 1184 1153 Delphicam
1194 1096 1214 1134 ιι

190 1154 304 1234 aequali
333 1153 434 1214 colore
460 1154 640 1228 viridiorem,
668 1155 805 1214 maxumis
832 1153 916 1216 bacis
941 1163 1026 1232 atque
1058 1158 1186 1220 eviridl

189 1236 367 1298 rubentibus.
402 1237 457 1297 hac
484 1237 611 1296 victores
633 1235 756 1315 Delphis
778 1238 911 1297 coronari
932 1247 965 1303 et
980 1240 1185 1341 triumphantis

88 1393 90 1398 ,
188 1321 308 1382 Rornae
340 1318 475 1420 Oppriam
490 1338 557 1380 esse
572 1320 644 1380 lolio
659 1320 756 1397 brevi,
778 1320 882 1398 nigro,
901 1338 956 1399 per
969 1325 1123 1399 margines
1136 1329 1185 1386 im·

148 1415 198 1470 128
209 1404 321 1465 bricato
337 1407 470 1484 crispam.
498 1411 603 1482 postea
616 1421 771 1464 accessere
786 1421 911 1480 genera:
936 1405 1027 1482 tinus,
1040 1407 1123 1468 hane
1138 1410 1186 1469 sil·

189 1497 315 1549 vestrem
333 1488 441 1548 laurum
455 1487 541 1566 aliqui
559 1487 745 1563 intellegunt,
759 1487 886 1547 nonnulli
903 1489 946 1551 sui
961 1491 1080 1565 generis
1095 1493 1184 1552 arbo·
1194 1509 1213 1548 ιι

149 1582 198 1636 129
210 1591 280 1632 reru.
304 1571 399 1632 dillert
416 1571 513 1646 color,
530 1579 575 1630 est
590 1573 664 1629 enim
675 1570 790 1630 caerula
802 1571 883 1634 baca.
904 1573 1028 1631 accessit
1044 1577 1184 1652 etregia,

190 1675 265 1735 quae
279 1657 377 1732 coepit
388 1654 517 1732 Augusta
530 1654 688 1731 appellari,
700 1654 873 1732 amplissima
889 1663 919 1713 et
929 1652 1037 1714 arbore
1051 1665 1083 1722 et
1096 1657 1183 1733 lolio,
1208 1723 1211 1731 ¹

189 1740 270 1799 bacis
282 1746 395 1814 gustatu
412 1753 526 1816 quoquc
542 1754 599 1796 non
615 1752 731 1813 aspero.
756 1737 843 1816 aliqui
855 1747 961 1813 negant
975 1738 1096 1799 eandem
1112 1759 1183 1799 esse

189 1832 220 1882 et
239 1839 318 1881 suum
333 1838 424 1898 genus
440 1821 538 1896 regiae
554 1819 659 1880 iaciunt
672 1818 852 1896 longioribus
868 1821 945 1880 loiris
960 1821 1179 1900 latioribusque.

187 1906 273 1965 iidem
292 1906 321 1964 in
339 1904 396 1963 alio
416 1921 526 1980 genere
546 1901 686 1962 bacaliam
709 1903 858 1981 appellant
882 1903 955 1964 bane
978 1904 1052 1983 quae
1078 1906 1216 1982 volgato

147 2001 198 2054 130
209 1989 316 2048 tissima
338 1987 594 2065 estbacarumque
616 1985 799 2056 fertilissima.
824 1987 958 2047 sterilem
978 2005 1184 2065 veroearunr,

189 2072 266 2150 quod
280 2089 409 2132 maxume
424 2073 527 2146 miror,
542 2069 757 2149 triumphalem,
782 2089 876 2148 eaque
895 2070 990 2129 dicunt
1005 2071 1186 2150 triumphan-

147 2177 181 2211 ιιι
192 2157 229 2215 tis
243 2156 299 2230 uti,
322 2157 376 2214 nisi
391 2155 419 2215 id
433 2172 449 2214 a
464 2155 531 2214 divo
545 2153 677 2230 Augusto
693 2154 806 2232 eoepit,
828 2162 858 2213 ut
877 2153 1061 2230 docebimus,
1079 2169 1127 2213 ‘ex
1151 2174 1188 2215 ea

188 2239 269 2300 lauri
298 2256 372 2316 quac
396 2239 423 2298 ei
442 2239 533 2297 ‘missa
561 2255 578 2296 e
608 2237 691 2296 caelo
711 2244 756 2296 est
775 2238 896 2313 minuma
915 2236 1082 2314 altitudine,
1108 2237 1188 2299 lolio

189 2325 303 2400 crispo,
319 2322 417 2396 brevi,
441 2322 555 2380 inventu
576 2337 653 2380 rara.
677 2319 790 2380 aceedit
804 2323 841 2379 iu.
853 2321 976 2398 topiario
991 2337 1086 2398 opere
1102 2329 1219 2398 taxans

189 2413 379 2466 exarescente
395 2404 425 2463 in
439 2404 533 2464 medio
548 2402 619 2464 lolio
636 2403 757 2481 parvolo
767 2403 858 2486 veluti
869 2403 971 2463 lacinia
982 2402 1056 2478 toti,
1074 2413 1106 2463 et
1122 2408 1190 2465 sine

189 2507 223 2548 ea
245 2489 400 2567 spadoninu
423 2489 493 2547 mira
513 2487 663 2564 opacitatis
687 2487 839 2564 patientia,
865 2486 962 2564 itaque
982 2487 1190 2564 quantalibeat

109 2646 112 2652 ¹
147 2583 197 2638 131
210 2572 263 2632 sub
283 2571 381 2631 umbra
402 2571 494 2630 solum
518 2570 619 2649 inplet
652 2567 707 2629 Est
728 2579 758 2630 et
777 2568 1010 2647 chamaedaphne
1033 2570 1190 2631 silvestria

188 2657 294 2716 frutex.
321 2663 367 2714 cst
389 2663 417 2713 et
429 2653 638 2727 Alexandrina,
660 2670 743 2730 quarn
765 2651 853 2730 aliqui
871 2650 1000 2727 ldaeam,
1020 2652 1072 2711 alii
1087 2653 1189 2734 hypo·

155 2739 327 2824 glottiou,
350 2738 398 2798 alii
418 2737 552 2812 danaen,
565 2735 613 2804 alii
628 2734 857 2813 carpophyllon,
878 2735 927 2795 alii
945 2735 1108 2813 hypelaten
1132 2758 1188 2800 ro·
1201 2749 1224 2789 ιι

189 2829 265 2882 eant.
295 2839 392 2882 ramos
407 2822 516 2898 spargit
536 2837 552 2879 a
572 2819 670 2879 radice
692 2818 895 2896 dodrantalis,
906 2819 1020 2896 topiarii
1041 2836 1080 2878 ae
1095 2838 1192 2880 coro·

188 2907 259 2964 narii
274 2907 391 2984 operis,
413 2903 485 2964 folio
507 2897 635 2964 acutiore
653 2919 736 2980 quarn
754 2905 855 2977 myrti,
875 2902 1010 2969 molliore
1029 2911 1060 2960 st
1083 2906 1194 2964 candi·

188 2989 269 3048 diore
290 2999 319 3048 ot
340 2988 465 3063 maiore,
489 2987 608 3046 semiue
620 2986 695 3044 inter
715 2985 785 3046 lolia
800 2986 904 3060 rubro,
928 2985 1091 3065 pluruma
1081 3005 1116 3047 ιιι
1138 2988 1195 3049 Ida

148 3082 199 3135 132
210 3081 239 3130 et
251 3073 327 3131 circa
333 3030 511 3130 Heracleam
520 3070 620 3144 Ponti,
634 3086 690 3127 nec
704 3068 758 3126 nisi
772 3070 801 3127 in
815 3071 982 3129 montuosis.
1012 3067 1044 3127 ld
1061 3087 1195 3152 quoque

122 3202 125 3210 ,
189 3154 266 3230 quod
279 3151 457 3230 daphnoides
471 3159 593 3210 vocatur
609 3167 701 3227 genus
720 3152 749 3209 in
770 3153 910 3210 nominum
926 3152 1029 3213 ambitu
1045 3163 1106 3212 est.
1139 3157 1195 3215 alii
1205 3164 1225 3204 ιι

190 3238 263 3292 enim
277 3234 444 3309 Pelasgum,
468 3234 516 3295 alii
537 3232 689 3322 euthalon,
708 3233 756 3291 alii
776 3234 936 3311 stephanon
951 3234 1116 3294 Alexandri
1136 3256 1195 3296 vo·

189 3325 262 3374 caut.
292 3322 321 3373 et
341 3315 389 3374 hie
403 3316 497 3375 frutex
515 3323 560 3374 est
571 3331 716 3388 ramosus,
733 3317 876 3376 crassiore
893 3335 928 3376 ac
944 3315 1079 3377 molliore
1097 3337 1200 3396 quam

190 3395 284 3457 laurus
298 3395 386 3474 lolio,
407 3398 486 3456 cuius
500 3404 613 3474 gustatu
627 3395 800 3458 accendatur
813 3415 848 3458 os
863 3408 949 3488 atque
956 3408 1076 3476 guttur,
1095 3400 1200 3465 bacis
