2542 3842
339 178 419 225 nnn.
441 176 531 224 mrsu.
550 177 584 224 x.
604 171 724 225 42—47.
744 162 896 241 (ob—67.)
1041 160 1115 257 Ι146

77 316 81 327 ’
119 332 262 408 candidis,
287 330 414 393 tradens.
445 329 516 388 duos
540 346 658 407 semper
678 330 712 387 iis
735 328 842 402 duces,
864 327 985 387 alterum
1006 328 1115 389 ducere

118 434 229 493 agmen,
247 416 368 475 alterum
386 430 505 491 cogere.
536 412 649 472 scrobis
662 420 806 472 excavare
822 420 928 487 rostro,
953 413 1020 472 inde
1035 424 1116 472 crate
1186 462 1188 470 .
1257 463 1258 472 ,

118 510 305 561 consternere
328 507 357 557 et
371 499 489 575 operire
504 506 583 557 terra
607 514 681 575 quae
700 505 764 555 ante
784 496 871 555 fuerit
890 506 1002 572 egesta.
1032 497 1116 556 iubis

116 578 267 644 letificare.
298 582 379 641 fores
394 581 475 641 binas
499 581 623 639 omnium
643 579 806 641 scrobibus.
823 580 964 639 orientem
979 591 1116 659 spectare
1154 599 1161 615 ³

95 668 218 747 equibus
242 676 347 725 exeant
369 666 397 723 in
418 682 540 743 pascua,
568 681 704 725 occasum
729 663 833 741 quibus
858 664 988 723 redeant.
1020 665 1116 724 alvom

117 758 324 811 exoneraturas
340 749 496 809 subvolare
516 766 632 827 semper
653 757 683 808 et
695 749 853 808 contrario
861 747 938 807 llato.
965 766 1022 806 uno
1040 749 1096 808 boc
1108 756 1157 812 stt

116 838 144 894 in
158 835 226 894 loco
247 834 335 893 totius
358 832 438 891 orbis
460 834 599 908 visuntur,
618 833 753 892 ininsula
769 848 854 910 poam
871 830 994 891 diximus
1012 833 1092 892 nobi·
1101 852 1157 894 scr

116 919 175 979 lem
194 916 343 977 Diomedis
367 916 475 975 tumulo
502 926 588 994 atque
608 915 743 991 delubro,
761 921 863 975 contm
885 915 1010 994 Apuliae
1025 934 1115 992 oram,

116 1001 265 1062 fulicarum
277 1001 396 1059 similes.
424 1000 549 1059 advenas
561 999 703 1061 barbaros
719 1000 858 1075 clangore
869 999 1014 1075 infestant,
1028 999 1115 1060 Grae·

82 1099 107 1141 ao
119 1087 162 1145 cis
175 1094 281 1145 tantum
299 1084 448 1145 adulantur
461 1084 534 1143 miro
557 1084 732 1159 discrimine,
756 1083 838 1142 velut
851 1086 954 1160 generi
968 1082 1116 1143 Diomedis

116 1170 173 1229 boc
188 1168 359 1243 tribuentes,
376 1168 536 1245 aedemque
552 1184 615 1227 eam
634 1167 741 1227 cotidie
757 1167 846 1245 pleno
864 1176 980 1244 guttum
999 1168 1115 1227 maden·

116 1253 198 1313 tibus
215 1254 316 1330 pennis
338 1252 472 1329 perluunt
494 1260 580 1329 atque
597 1251 772 1329 perdicam,
796 1251 870 1310 unde
896 1253 980 1327 origo
1000 1250 1116 1311 fabulae

116 1336 265 1397 Diomedis
282 1337 380 1397 socios
395 1337 424 1394 in
436 1352 533 1395 earum
550 1334 665 1411 efligies
679 1344 814 1394 mutatos.
1200 1403 1204 1407 ,

177 1421 228 1479 45.
254 1418 336 1497 (62.)
360 1417 425 1479 Non
439 1419 623 1479 omittendum
638 1428 693 1494 est,
711 1436 775 1478 cnm
787 1417 824 1477 de
839 1419 964 1495 ingeniis
981 1419 1158 1484 disseri-128

83 1519 195 1579 scmus,
212 1522 228 1563 e
243 1503 412 1565 volucribus
437 1502 603 1563 bimndines
626 1502 760 1562 indocilis
781 1516 864 1577 esse,
889 1502 1117 1581 erterrestribns
1140 1520 1144 1536 ¹

106 1589 221 1663 muris,
247 1605 311 1647 cam
327 1586 473 1665 elephanti
497 1588 575 1648 iussa
589 1586 713 1663 faciant,
735 1587 838 1646 leones
861 1588 957 1663 iugum
983 1587 1115 1663 subeant,

111 1674 145 1753 in
159 1671 231 1732 mari
245 1670 326 1731 vituli
339 1680 440 1749 totque
457 1672 578 1749 piscium
595 1688 705 1747 genera
720 1672 882 1733 mitescant.

178 1756 231 1817 46.
255 1755 336 1834 (63.)
359 1754 462 1815 Bibunt
481 1773 552 1814 aves
569 1764 652 1815 suctu
668 1773 705 1814 ex
719 1754 768 1830 bis
788 1755 893 1834 quibus
918 1756 1005 1832 longa
1020 1756 1098 1817 colla
1109 1766 1159 1820 ιιι

116 1840 335 1899 intermittentes
356 1848 384 1899 et
406 1841 501 1917 capite
535 1840 702 1917 resupinato
732 1838 812 1899 velut
837 1838 1020 1899 infundentes
1050 1840 1115 1900 sibi.

89 1924 276 2001 soporpbvrio
289 1923 369 1983 solus
380 1939 476 1981 morsu
488 1922 568 1982 bibit.
591 1924 669 1983 idem
681 1930 726 1981 est
738 1922 857 2000 proprio
871 1940 992 1999 genere,
1005 1926 1128 1983 <ornnemx

118 2006 212 2065 cibum
229 2022 303 2083 aqua
318 2004 437 2064 subinde
452 2006 600 2081 tinguens,
620 2005 725 2065 deinde
742 2005 819 2082 pede
837 2004 873 2064 ad
888 2015 1012 2066 rostrum
1026 2008 1117 2067 veluti

116 2107 199 2149 manu
224 2088 369 2147 adferens.
408 2087 594 2161 laudatissimi
623 2090 651 2147 in
674 2086 878 2164 Commagene.
909 2097 1003 2148 rostra
1029 2092 1066 2150 iis
1087 2099 1117 2150 et
1180 2104 1188 2114 ‘

118 2172 277 2251 praelonga
293 2190 376 2231 crura
391 2170 503 2231 rubent.
598 2202 606 2223 .-
653 2194 661 2212 ι

178 2258 231 2328 Al.
250 2254 334 2335 (64.)
361 2254 440 2315 llaec
467 2254 581 2331 quidem
602 2263 631 2313 et
655 2253 851 2334 himantopodi
873 2257 961 2317 multo
986 2259 1160 2332 minoritae

83 2338 288 2419 sequanorum
303 2340 332 2398 in
347 2338 448 2399 eadem
463 2356 577 2398 crorum
591 2338 747 2399 altitudine.
776 2342 904 2401 nascitur
921 2342 950 2399 in
967 2340 1114 2420 Aegypto.

118 2424 222 2483 insistit
237 2424 326 2483 ternis
341 2423 446 2499 digitis.
477 2424 635 2501 praecipue
652 2424 681 2483 ei
701 2423 837 2501 pabulam
851 2444 979 2487 muscae.
1012 2427 1116 2485 vitain

117 2506 198 2568 ltalia
214 2508 323 2585 paucis
320 2506 444 2567 diebus.
1196 2506 1199 2509 ’

183 2592 276 2689 (66.).
291 2590 446 2651 Graviores
462 2605 560 2650 omnes
581 2590 665 2669 fruge
682 2600 855 2667 vescuntur,
871 2591 1010 2653 altivolae
1029 2612 1116 2654 carne

118 2682 235 2733 tantum.
268 2676 342 2735 inter
362 2668 508 2753 aquati'oas
529 2677 620 2752 mergi
643 2676 699 2735 soli
725 2676 857 2736 dicuntur
876 2676 1019 2736 devorare
1042 2696 1115 2755 qnae

15 2802 18 2807 .
82 2766 240 2817 eoceterae
255 2758 385 2818 reddunt.
491 2761 495 2769 '

14 2862 17 2875 ·
185 2840 268 2919 (66.)
292 2840 411 2901 Olorum
433 2841 642 2901 similitudinem
656 2842 819 2901 onocrotali
835 2842 960 2943 babent,
986 2861 1042 2902 nec
1058 2845 1098 2904 di·
1108 2855 1158 2909 131

120 2933 200 2984 stare
215 2928 453 2985 existumarenlur
470 2926 593 3013 omnino,
610 2926 663 2983 nisi
681 2924 842 2988 faucibus·
832 2927 903 3004 apsis
917 2929 1029 2987 inesset
1044 2928 1115 2987 alte·

120 3010 180 3068 rins
191 3011 266 3071 uteri
282 3026 382 3087 genna
412 2994 489 3067 bne
484 3009 576 3067 omnia
587 3008 765 3087 inexplebile
776 3010 879 3070 animal
891 3013 1034 3089 congerit,
1046 3013 1129 3072 mira

119 3103 151 3152 ut
169 3094 204 3152 sit
221 3095 375 3171 capacitas.
406 3109 473 3151 mox
487 3092 618 3169 perfecta
633 3094 732 3170 rapina
753 3095 859 3153 sensim
874 3094 966 3154 inde
957 3114 986 3154 m
1001 3112 1035 3155 os
1050 3095 1116 3155 red·

84 3174 209 3241 andita'
200 3195 230 3235 ιιι
251 3194 349 3236 veram
373 3175 467 3235 alvum
494 3177 659 3235 ruminantis
686 3177 772 3236 modo
803 3178 915 3237 refert.
938 3178 1031 3240 Gallia
1062 3178 1116 3239 bos

114 3260 340 3345 septentrionali
356 3276 494 3337 proxuma
511 3276 621 3320 oceano
637 3257 728 3320 mittit.

189 3342 271 3441 (67.)
294 3342 326 3403 ln
340 3342 485 3417 Hercynio
501 3342 670 3405 Germaniae
685 3342 779 3405 saltu
770 3347 912 3406 invisitata
925 3364 1032 3424 genera
1048 3346 1098 3405 ali·
1088 3356 1159 3411 -1st

122 3434 182 3487 tum
201 3427 356 3507 accipimus
370 3445 487 3505 qnamm
499 3427 641 3506 plumae
632 3430 737 3506 ignium
752 3431 837 3502 modo
856 3432 1028 3491 conluceant
1046 3449 1115 3491 noc·
