2542 3842
315 156 397 205 uun.
412 156 502 205 men.
519 156 556 204 11.
572 151 693 209 att—tt.
710 142 859 228 (ts-48.)
1068 142 1107 206 91

109 312 140 372 ἰιι
161 308 283 390 reliquis
305 308 435 389 partibus
457 308 532 369 caeli
547 309 689 386 ignotus„
703 310 756 383 sed
772 314 817 381 [ne
831 309 972 369 Viennam
993 309 1111 389 quidem

111 394 243 455 eiusdem
257 393 426 471 provinciae
441 391 541 451 urbem
556 394 710 468 attingens,
726 394 827 471 paucis
841 402 906 452 ante
921 394 1036 454 milibus
1051 393 1110 470 iugi

110 474 218 537 modici
236 492 360 535 occursu
374 483 468 535 tantus
485 473 535 533 ille
550 484 654 556 ventus
670 477 826 535 coercitus.
844 484 873 534 et
883 485 996 537 anemos
1010 478 1040 535 iu
1050 476 1109 535 Ae·

110 568 231 639 gpptum
248 566 404 637 penetrare
419 565 508 633 negat
523 555 676 617 Fabianus.
704 575 762 636 quo
784 558 815 617 lit
829 559 980 620 manifesta
994 562 1044 621 lex
1059 577 1109 620 na·

89 652 193 711 sturae
208 642 304 701 ventIs
320 642 405 700 etiam
421 648 450 699 et
467 642 599 717 tempore
615 636 645 699 et
660 640 715 699 liae
734 639 822 699 dicto.

174 725 259 803 (47.)
276 723 339 783 Ver
354 740 426 799 ergo
443 724 536 800 aperit
547 723 747 800 navigantibus
759 724 859 798 maria,
877 725 1152 802 cuiusinprin·122
1241 728 1245 737 “

112 810 191 887 clpio
214 807 323 870 lavoniI
346 805 496 865 hibernum
518 806 649 865 molliunt
670 807 783 866 caelum
810 807 875 866 sole
899 808 999 885 aquari
1018 804 1108 865 XXV.

112 892 261 969 optinente
278 897 399 967 partem.
411 889 448 958 ‚Is
464 888 527 948 dies
545 898 645 948 sextus
661 888 835 950 Februarias
852 899 919 951 ante
934 891 1007 950 idus.
1023 884 1110 949 'Gon-

111 976 185 1052 petit
200 972 292 1033 ferme
311 980 340 1031 et
356 971 413 1030 hoc
428 972 559 1031 omuibus
575 989 649 1050 quos
666 972 772 1032 deinde
786 990 892 1050 ponam
912 990 967 1052 per
983 972 1112 1049 singulas

77 1080 103 1124 ro
112 1056 350 1117 intercalationes
371 1070 428 1113 nno
453 1054 500 1114 die
527 1055 748 1132 anticipantibus
770 1073 928 1136 rursusque
949 1056 1041 1116 lustro
1064 1072 1111 1115 ee·

112 1140 212 1220 quenti
233 1138 364 1197 ordinem
386 1136 577 1197 servantibus.
607 1136 765 1197 Favonium
788 1140 904 1217 quidam
927 1157 952 1198 a.
978 1140 1006 1199 d.
1030 1137 1109 1198 VIII.

111 1221 254 1283 kalendas
268 1220 363 1279 Ilartii
383 1219 566 1280 chelidonian
581 1230 687 1279 vocant
707 1220 744 1280 ab
760 1220 918 1280 hirundinis
937 1223 1018 1297 visu,
1039 1238 1110 1281 non·
1223 1242 1227 1246 ’

110 1304 183 1365 nulli
194 1320 266 1363 vero
280 1302 422 1363 ornithian
432 1320 489 1361 uno
505 1312 534 1361 et
544 1302 630 1362 LXX.
648 1302 696 1362 die
710 1311 778 1381 post
792 1302 920 1376 brumam
934 1302 971 1364 ab
986 1302 1111 1364 adventu

111 1389 217 1461 avium,
235 1387 351 1447 llantem
366 1404 420 1463 per
434 1386 497 1446 dies
512 1402 627 1445 novem.
653 1385 783 1445 Favonio
797 1388 956 1448 contrarius
969 1396 1014 1447 est
1025 1404 1111 1465 quem

77 1494 104 1536 rs
113 1470 300 1531 subsolanum
315 1469 533 1547 appellavimus.
551 1467 608 1528 Dat
622 1478 762 1529 aestatem
778 1480 896 1530 exortus
909 1470 1093 1547 vergiliarum
1103 1476 1154 1532 123

110 1556 141 1613 in
161 1553 281 1613 totidem
310 1551 439 1630 partibus
465 1552 538 1614 tauri
567 1570 621 1611 sex
644 1552 747 1612 diebus
766 1562 831 1612 ante
853 1552 911 1613 hlai
930 1554 1009 1628 idus,
1032 1552 1111 1632 quod

110 1647 226 1715 tempus
242 1637 466 1710 austrinumest‚
483 1635 549 1694 huic
563 1640 652 1694 vento
667 1636 866 1712 septentrione
878 1636 1034 1695 contrario.
1055 1636 1110 1695 Ar·

112 1720 281 1781 dentissiuro
304 1726 399 1778 autem
421 1718 540 1778 aestatis
560 1726 693 1794 tempore
710 1719 839 1777 exoritur
860 1720 1009 1779 caniculae
1032 1719 1111 1779 sidus

113 1802 178 1862 sole
200 1804 320 1880 primam
342 1810 453 1878 partem
469 1801 563 1860 leonis
578 1801 779 1876 ingrediente,
804 1803 853 1880 qui
874 1801 940 1861 diee
953 1801 1017 1863 XV.
1043 1810 1110 1861 ante

78 1912 104 1953 20
114 1886 260 1962 Augustas
272 1884 413 1964 kalendas
425 1891 479 1943 est.
492 1884 574 1943 hulus
588 1892 720 1942 exortum
732 1883 834 1943 diebus
848 1894 915 1944 octo
927 1885 1019 1945 ferme
1030 1886 1110 1963 aqui·

113 1970 199 2029 lones
216 1968 406 2042 antecedunt,
423 1982 496 2046 quos
512 1964 684 2045 prodromos
701 1966 858 2044 appellant.
888 1967 957 2027 Post
974 1968 1090 2028 biduum
1101 1973 1153 2030 124

114 2060 209 2123 autem
231 2060 351 2111 exortus
376 2049 463 2109 iidem
479 2049 644 2129 ,aquilones
664 2052 841 2109 constantius
863 2050 987 2127 perllant
1007 2051 1110 2110 diebus

112 2133 212 2209 XXX,
231 2151 303 2213 quos
319 2134 426 2192 etesias
443 2133 600 2211 appellant.
627 2132 742 2191 mollire
759 2148 813 2189 eos
834 2133 960 2189 creditur
975 2133 1046 2191 solis
1061 2149 1110 2191 ra·

112 2233 169 2297 por
182 2219 343 2294 geminatus
359 2216 462 2276 ardore
480 2215 601 2288 sideris,
628 2230 685 2271 nec
701 2212 752 2271 ulli
770 2221 920 2271 ventorum
936 2214 1028 2288 magis
1046 2214 1111 2271 stati

76 2309 189 2367 nasnnt.
221 2300 290 2359 Post
310 2316 363 2359 eos
383 2314 482 2365 rursus
505 2297 593 2357 austri
614 2296 785 2373 frequentes
801 2312 893 2374 usque
916 2296 952 2355 ad
970 2295 1049 2353 sidus
1065 2310 1111 2352 ar·

112 2384 186 2443 cturi
211 2382 289 2461 quod
313 2382 442 2441 exoritur
466 2380 599 2440 undecira
617 2377 721 2438 diebus
741 2386 807 2437 ante
829 2379 1042 2456 aequinoctium
1062 2394 1110 2438 au·

111 2458 210 2525 tumn'i.
239 2464 310 2525 Cum
327 2465 384 2524 hoc
399 2480 485 2523 corus
500 2464 609 2540 incipit.
626 2479 713 2522 corna
729 2471 880 2521 autumnat.
899 2463 965 2522 huic
981 2471 1026 2521 est
1042 2478 1109 2530 con·
1163 2492 1168 2497 ·

110 2550 218 2609 trarius
228 2549 388 2608 volturnus.
414 2547 483 2607 Post
496 2548 525 2607 id
540 2546 751 2624 aequinoctium
767 2546 870 2606 diebus
881 2545 945 2605 lere
959 2553 1091 2622 quattuor
1102 2554 1153 2608 125

111 2642 142 2691 et
166 2631 355 2710 quadraginta
378 2630 564 2707 vergiliarum
588 2646 712 2689 occasus
732 2629 857 2687 hiemem
878 2628 1008 2701 Inchoat,
1032 2627 1111 2705 quod

76 2724 228 2792 antempus
250 2716 279 2773 in
294 2713 343 2774 III.
367 2713 431 2773 idus
452 2712 626 2773 Nouembris
646 2712 776 2771 incidere
799 2711 966 2785 consuevit,
987 2708 1045 2767 hoc
1066 2716 1111 2766 est

111 2798 258 2877 aquilonIs
280 2795 393 2855 hiberni
403 2796 582 2875 multumque
603 2797 716 2855 aestiuo
732 2794 773 2853 illi
790 2792 952 2864 dissimilis,
977 2791 1057 2848 cuius
1072 2808 1111 2859 err

111 2880 241 2940 adverso
263 2887 308 2939 est
322 2878 450 2938 Africus.
479 2877 518 2937 Et
535 2887 601 2939 ante
623 2878 750 2937 brumam
767 2884 861 2935 autem
879 2881 992 2949 septem
1007 2871 1110 2931 diebus

56 2986 62 2991 ·
110 2964 293 3041 totidemque
307 2970 375 3040 post
391 2979 455 3021 eam
471 2955 605 3021 sternitur
619 2976 699 3018 mare
715 2958 867 3029 alcyonum
883 2956 1012 3030 feturae,
1034 2954 1109 3013 unde

109 3062 217 3105 nomen
233 3046 297 3105 dies
320 3053 448 3105 traxere.
479 3045 622 3122 reIIquom
647 3052 760 3118 tempus
784 3037 898 3098 hiemat.
927 3037 992 3098 Nec
1014 3047 1111 3098 tamen

78 3129 233 3192 aseaevitia
248 3136 452 3204 tempestatum
466 3126 611 3185 concludit
621 3142 710 3183 mare.
727 3123 838 3199 piratae
850 3122 968 3200 primurn
980 3137 1109 3197 coegere

109 3212 212 3271 mortis
233 3210 366 3288 periculo
387 3211 419 3270 in·
431 3219 552 3269 mortem
574 3224 662 3267 ruere
678 3215 708 3265 et
727 3204 848 3266 biherna
867 3205 996 3283 experiri
1009 3203 1108 3264 mario.

109 3311 184 3355 nunc
199 3294 278 3353 idem
293 3292 352 3352 hoc
367 3292 485 3353 avaritia
502 3292 589 3367 cogit.

172 3374 259 3458 (48.)
275 3376 364 3438 Venti
381 3376 466 3437 etiam
480 3373 659 3453 irigIdissinri
673 3380 737 3431 sunt
757 3388 831 3451 qnos
852 3388 870 3431 a
891 3366 1088 3450 septentrione
1099 3375 1150 3431 126
