2542 3842
162 148 203 213 88
525 158 555 209 o.
576 118 672 215 curm
692 160 841 234 succuum
875 130 889 143 ⁸

162 317 281 377 mudum
297 318 326 377 ln
341 315 433 376 oculis
448 309 566 374 morbos
582 332 646 375 curn
663 313 728 375 luna
745 314 915 373 increscere
930 328 966 371 ae
980 312 1075 371 minui.
1104 309 1155 371 Pa·

162 402 320 459 trocinatur
341 400 459 458 uastitas
482 398 587 457 caeli
578 416 708 457 inmensa
732 399 858 457 discreta
880 395 1057 455 altitudine'
1049 411 1078 453 rn
1100 393 1156 452 dno

162 492 257 579 atque·
265 483 446 560 septuaginta
462 483 553 558 signa.
580 480 643 540 Hae
659 490 830 539 suntrerum
842 487 890 550 aut
904 478 1083 538 animantium
1094 476 1156 535 eili-

131 582 134 589 ’
161 566 225 641 gies
242 567 366 644 inques
391 565 544 641 digessere
570 564 682 624 eaelum
701 564 802 662 periti..
827 561 859 622 ln
876 560 921 619 bis
941 560 1057 637 quidem
1077 560 1157 619 mille

62 710 64 715 ,
161 657 315 707 sexcentas
341 648 517 707 adnotavere
550 646 667 720 stellas,
698 646 819 722 insignis
843 644 957 703 seilicet
983 643 1089 703 ellectu
1115 642 1181 700 ris

160 748 248 807 euve,
276 731 404 809 exempli
423 731 515 805 gratia
537 730 565 787 in
588 728 679 787 cauda
701 730 774 787 tauri
799 736 912 823 septem
934 744 1005 803 quas
1027 725 1156 802 appella·

159 830 231 871 vere
246 814 420 890 vergiliass
412 831 440 871 ιιι
455 812 550 871 fronte
566 810 692 885 suculas,
709 809 818 925 booten
832 810 881 887 qui
896 810 1027 886 sequitur
1041 816 1157 885 septen·

160 895 279 955 triones.

121 988 171 1039 111
235 978 287 1038 42
313 976 396 1055 (42.)
418 975 508 1036 Extra
534 974 587 1034 luas
612 992 716 1035 causes
739 991 797 1033 non
820 974 991 1050 negaverim
1015 974 1158 1033 exsistere

163 1059 457 1137 immiscentesque,
482 1059 615 1137 quoniam
635 1058 758 1117 umidam
773 1076 789 1117 a
804 1066 898 1133 terra
915 1057 987 1117 alias
1001 1073 1074 1115 vero
1091 1072 1157 1135 pro·
1169 1070 1194 1110 ro

163 1152 231 1221 pter
246 1159 385 1222 vaporem
408 1142 542 1201 fumidum
566 1141 696 1202 exhalari
712 1139 866 1217 caliginem
889 1150 998 1199 certum
1020 1149 1081 1214 est
1109 1157 1159 1197 nu·

163 1225 268 1307 bisque
290 1227 403 1306 liquore
425 1242 547 1303 egresso
571 1226 600 1283 in
622 1224 745 1284 sublime
761 1232 807 1283 aut
822 1241 861 1281 ex
875 1241 945 1283 aere
965 1232 1067 1282 coacto
1083 1224 1112 1280 in
1126 1222 1159 1280 li-

165 1325 286 1386 quorem
301 1310 391 1385 gigni.
424 1308 561 1368 Densitas
578 1325 676 1367 earum
692 1323 857 1386 corpusque
875 1306 941 1365 haut
958 1305 1046 1365 dubio
1062 1307 1160 1364 conie-

166 1404 259 1452 ctatur
280 1401 464 1468 argumento,
491 1410 555 1450 cum
575 1391 669 1449 solem
691 1388 862 1448 obumbrent
884 1390 1069 1466 perspicuum
1088 1387 1160 1447 alies
1263 1451 1265 1470 Ι

166 1476 252 1613 ptiam
274 1474 482 1533 urinantibus
474 1491 503 1532 rn
527 1474 684 1552 quamlibet
708 1471 879 1550 profundam
904 1488 1041 1550 aquarum
1067 1470 1197 1533 altitu-rs
1263 1476 1265 1556 l

186 1575 270 1617 rnem.
1263 1579 1265 1596 2

122 1646 176 1699 112
240 1640 290 1700 43.
308 1638 391 1717 (43.)
413 1636 501 1714 Igitur
519 1654 577 1697 non
600 1654 664 1697 eam
685 1637 788 1698 infitias
811 1637 949 1716 possein
971 1636 1024 1695 bas
1041 1645 1071 1695 et
1080 1636 1163 1734 ’ignis

111 1739 291 1801 superne
310 1721 456 1780 stellarum
472 1721 628 1796 decidere,
652 1721 745 1798 qualis
766 1738 872 1780 sereno
895 1737 985 1797 saepe
1007 1721 1161 1779 cernimus.

134 1871 138 1879 ,
163 1824 285 1883 quorum
301 1807 359 1864 ictu
373 1805 487 1863 concuti
506 1822 575 1864 aera
590 1822 691 1863 verum
709 1813 769 1879 cst,
794 1806 907 1882 quaudo
929 1812 959 1862 et
975 1802 1034 1861 tela
1051 1802 1162 1861 vibrata

163 1889 295 1947 stridunt.
323 1906 386 1947 cunr
408 1904 480 1945 vero
497 1888 525 1947 in
540 1886 646 1945 nubem
662 1888 844 1965 perveniunt,
859 1903 999 1964 vaporem
1016 1886 1161 1944 draccum
1170 1906 1200 1946 eo

164 1971 243 2046 gigni
258 1979 288 2029 ut
306 1971 446 2029 condente
462 1970 541 2028 ferro
558 1970 703 2047 inaquam
721 1970 857 2029 demerso
872 1980 901 2029 et
921 1968 1056 2028 fumidum
1074 1968 1163 2026 vorti·

167 2071 231 2112 cem
241 2053 330 2112 volvi.
342 2052 408 2113 lrine
420 2054 499 2112 nasei
510 2051 668 2130 proeellas.
683 2053 748 2111 etsi
761 2054 789 2111 in
799 2052 875 2112 nube
888 2052 1011 2111 luctetur
1022 2050 1105 2110 datus
1116 2057 1164 2109 aut

166 2152 275 2214 vapor,
293 2138 415 2196 tonitrua
432 2135 489 2196 edi.
517 2137 542 2195 si
557 2145 689 2214 erumpat
706 2134 828 2210 ardens,
845 2135 971 2195 fulmina.
989 2136 1013 2193 si
1028 2133 1164 2209 longiore

165 2228 258 2279 tractu
275 2221 396 2293 nitatur,
422 2219 572 2295 fulgetras.
602 2219 648 2278 his
664 2226 693 2279 et
707 2219 775 2279 lindi
791 2218 914 2292 nubem,
929 2218 987 2276 illis
1004 2215 1162 2295 perrumpi,

167 2312 196 2362 et
213 2320 281 2362 esse
295 2304 418 2361 tonitrua
436 2303 614 2378 inpactorum
631 2303 737 2376 ignium
753 2302 871 2378 plagas,
887 2301 1015 2375 ideoque
1031 2300 1161 2375 protinus
1171 2314 1200 2355 ae

54 2406 58 2412 ’
122 2393 175 2447 113
186 2402 343 2444 eoruscare
367 2384 468 2457 igneas
483 2384 597 2441 nubium
612 2385 708 2440 rimas.
735 2400 824 2460 posse
847 2392 877 2440 et
896 2380 1017 2457 repulsu
1036 2380 1164 2438 siderum

165 2468 338 2547 depressum
361 2464 408 2541 qui
431 2462 466 2521 ad
488 2472 593 2521 terram
608 2465 749 2521 meaverit
769 2464 899 2559 spiritum
914 2460 991 2520 nube
1007 2460 1163 2520 cohibitum

163 2558 275 2622 tonare,
294 2554 394 2605 natura
412 2543 606 2620 strangulante
624 2545 763 2618 sonitum
780 2546 850 2603 dunt
859 2546 984 2619 rixetur,
1011 2544 1089 2603 edito
1104 2544 1163 2614 lra-

164 2647 248 2708 gere,
266 2646 329 2689 curn
344 2636 485 2704 erumpat
504 2629 558 2685 ut
549 2646 577 2686 ru
592 2624 757 2686 membrana
774 2628 875 2725 spiritu
892 2629 1008 2687 intenta.
1024 2645 1115 2706 posse
1133 2636 1164 2687 et

164 2714 273 2786 attritu,
292 2712 382 2771 dum'
374 2729 401 2769 ιιι
417 2726 562 2787 praeceps
580 2710 707 2783 feratur,
730 2710 809 2769 illum
823 2712 953 2789 quisquis
969 2720 1014 2769 est
1031 2712 1201 2788 spiritumao

164 2794 294 2856 accendi.
313 2812 402 2872 posse
421 2802 451 2851 et
469 2793 602 2853 condictu
618 2792 733 2852 nubium
745 2793 832 2868 elidi,
849 2803 879 2853 ut
895 2794 1014 2853 duorum
1025 2793 1162 2870 lapidum,

164 2877 387 2937 scintillantibus
402 2876 545 2952 fulgetris.
579 2875 640 2936 Sed
654 2876 729 2934 baec
745 2877 838 2936 omnia
854 2894 921 2935 esse
939 2876 1064 2936 fortuita.
1095 2876 1163 2935 hine
1256 2926 1262 2935 .

164 2962 246 3021 bruta
262 2962 378 3021 fulmina
396 2969 424 3019 et
439 2978 530 3035 vane,
546 2968 576 3019 ut
594 2978 669 3037 quae
684 2959 761 3019 nullu
777 2960 891 3019 veniant
906 2960 1017 3018 ratione
1032 2968 1161 3018 naturae.

163 3045 208 3103 his
224 3044 337 3121 percuti
352 3044 471 3117 montis,
494 3043 537 3101 his
560 3043 664 3115 maria,
688 3043 836 3120 omnisque
854 3043 929 3101 alios
944 3043 1044 3101 inritos
1059 3043 1160 3101 iactus.

91 3121 100 3155 '·
165 3127 214 3186 illa
230 3142 301 3185 vero
316 3124 435 3191 fatidica
451 3127 563 3186 exalto
579 3126 719 3202 statisque
736 3126 772 3184 de
789 3127 885 3187 causis
901 3133 930 3184 et
942 3143 980 3185 ex
991 3132 1050 3185 suis
1060 3125 1200 3183 venirem

168 3208 320 3268 sideribus.

125 3302 178 3354 114
239 3290 321 3367 (44.)
335 3290 425 3349 Simili
441 3290 527 3349 modo
540 3299 643 3351 ventos
653 3290 702 3349 vel
720 3250 909 3367 potiusllatus
927 3310 1015 3369 posse
1033 3300 1063 3349 et
1080 3289 1163 3349 arido

168 3374 307 3451 siccoque
325 3372 450 3457 anhelitu
465 3382 561 3456 terrae
576 3373 656 3449 gigni
667 3390 725 3431 non
735 3376 911 3451 negaverim.
931 3392 1019 3453 posse
1035 3381 1065 3432 et
1080 3374 1166 3452 aquis
1263 3397 1265 3456 ι
