2542 3842
355 205 435 253 nan.
452 204 543 254 urar.
559 206 614 261 vr.¹
632 201 752 255 as-ao.
773 190 921 275 (aa-30.)
1064 194 1139 286 241

143 359 294 437 caphrena
312 359 466 432 munitum,
485 359 628 435 quondam
645 357 802 417 stadiorum
817 357 894 416 LXX
911 357 1094 437 amplitudine
1112 368 1141 420 et
1200 431 1203 436 Δ
1238 373 1241 381 “

141 452 319 519 satraparum
330 441 413 516 regia
426 440 612 518 appellatum,
630 456 687 519 quo
700 440 803 500 tributa
818 440 1051 517 conferebantur,
1066 461 1140 502 nunc

142 527 170 584 iu
185 542 283 584 arcem
299 524 456 582 redactum.
504 521 631 603 Durant,
655 533 685 582 ut
703 523 802 597 luere,
827 522 974 584 Thaebata
991 534 1020 584 et
1037 524 1184 592 ductuum

141 607 261 685 Pompei
279 604 376 682 Magni
395 607 532 665 terminus
550 605 670 666 Romani
688 607 790 684 imperi
805 605 926 680 Oruros,
947 625 963 666 a
982 607 1140 684 Zeugmate

107 708 132 747 »ι
143 688 213 751 CCL
230 688 344 749 milibus
360 706 505 767 passuum.
552 689 623 748 Sunt
639 690 687 767 qul
708 688 820 748 tradunt
837 687 1004 766 Euphraten
1020 689 1140 753 Gobaris

141 773 284 853 praelecti
301 788 392 849 opere
409 771 568 848 diductum,
595 772 646 830 uhi
663 790 727 832 eum
745 771 865 831 diximus
888 771 972 847 hndi,
997 789 1034 831 nc
1052 792 1183 851 prae-urs

143 856 223 934 cipiti
242 873 328 914 cursu
343 853 492 929 Babylona
509 854 678 928 infestaret,
705 855 741 914 ah
757 854 887 929 Assyriis
904 871 975 914 vero
999 857 1141 916 universis

142 938 320 1018 appellatum
334 936 537 1011 Narmalchau,
555 938 631 1015 quod
647 938 789 1014 significat
804 939 915 1014 regium
930 937 1043 998 flumen.
1086 958 1142 1020 qua

143 1021 289 1082 derivatur
304 1021 439 1098 oppidum
454 1019 638 1096 luithpranis
653 1037 670 1078 e
685 1021 833 1095 maxumis,
851 1020 927 1098 quod
943 1022 1058 1080 diruere
1073 1022 1141 1082 Per-

108 1124 133 1165 ro
142 1123 203 1164 sae.
222 1103 354 1178 Babylon
371 1100 590 1164 Ghaldaioarum
607 1105 734 1180 gentium
750 1112 836 1181 capnt
852 1104 899 1163 diu
917 1121 1051 1164 summam
1068 1106 1125 1166 cla·
1136 1115 1182 1169 tat

141 1189 255 1247 ritatem
273 1187 347 1245 inter
364 1185 444 1245 urhis
461 1187 582 1264 optinuit
597 1194 659 1245 toto
676 1185 766 1261 orbe,
790 1195 1009 1264 propterquam
1030 1188 1141 1267 reliqua

141 1287 211 1349 pars
238 1268 466 1347 Mesopotamiae
493 1268 691 1346 Assyriaeque
720 1268 878 1342 Babylonia
909 1268 1054 1347 appellata
1086 1281 1140 1345 est,

142 1351 283 1412 uxortua
298 1369 433 1432 passuum
448 1352 581 1429 amplexa
595 1352 684 1412 muris
702 1352 831 1410 ducenos
848 1351 940 1430 pedes
958 1352 1039 1427 altis,
1061 1355 1141 1431 quin·

143 1452 293 1514 quageuos
315 1435 398 1510 latis,
418 1435 447 1494 in
463 1434 593 1510 singulos
608 1434 701 1513 pedes
719 1435 808 1494 ternis
824 1435 921 1510 digitis
937 1453 1069 1496 mensura
1084 1453 1141 1495 am·

109 1519 237 1598 rcpliore
252 1536 337 1597 quam
351 1526 465 1592 nostra,
487 1517 619 1577 interduo
634 1517 800 1595 Euphrate,
818 1517 939 1581 mirabili
954 1534 1046 1596 opere
1064 1527 1141 1579 utro·

144 1619 210 1678 que.
249 1601 341 1660 durat
355 1600 448 1659 adhuc
468 1600 508 1658 ihi
523 1599 601 1659 lovis
618 1600 682 1659 Beli
698 1600 844 1678 templum.
882 1600 1014 1660 inventor
1028 1601 1075 1661 hic
1091 1601 1142 1660 luit

144 1683 278 1752 sideralis
298 1684 449 1743 scientiae.
498 1691 598 1743 cetero
619 1684 656 1744 ad
680 1683 863 1743 solitudinem
884 1683 969 1743 rediit
986 1683 1184 1746 exhaustura-z

142 1766 288 1826 vicinitate
304 1765 457 1826 Seleuciae
473 1764 510 1825 oh
533 1766 561 1825 id
576 1767 710 1826 conditae
731 1783 746 1825 a
764 1763 902 1826 Nicatore
925 1768 998 1826 intra
1014 1784 1141 1844 nonage-

144 1851 244 1907 simum
269 1849 394 1926 lapidem
410 1852 438 1908 in
456 1848 618 1908 confluente
634 1847 790 1926 Euphratis
808 1848 888 1909 fossa
909 1849 1041 1926 perducti
1057 1859 1142 1928 atque

2 1926 6 1999 ζ’
108 1931 256 2008 ²⁰Tigris,
274 1949 348 2008 quae
364 1939 459 1990 tamen
474 1930 633 2005 Babylonia
650 1932 876 2008 cognominatur,
898 1930 991 1992 libera
1004 1931 1092 1994 hodie
1109 1950 1144 1992 ac

2 2006 20 2081 ’ἶ
48 2087 61 2097 ‚
144 2015 188 2074 sui
204 2015 273 2085 iuris
288 2013 535 2091 Macedonumque
551 2016 648 2072 moris.
682 2015 777 2072 lerunt
793 2014 820 2072 ei
839 2013 933 2090 plebis
949 2013 1075 2074 urbanae
1092 2013 1143 2072 DC

144 2094 174 2155 ll
189 2115 275 2170 esse,
295 2098 377 2155 situm
391 2113 465 2155 vero
485 2098 626 2155 moenium
642 2095 756 2173 aquilae
774 2095 925 2173 pandentis
940 2095 1019 2170 alus,
1045 2113 1144 2172 agrum

145 2179 232 2239 totius
250 2180 368 2237 orientis
384 2173 598 2237 fertilissimum.
643 2179 767 2236 invicem
782 2175 817 2235 ad
833 2175 907 2234 hanc
923 2176 1144 2237 exhauriendam

6 2302 9 2315 ,
146 2259 364 2339 ctesiphontem
390 2261 466 2319 iuxta
493 2261 606 2318 tertium
632 2257 668 2318 ab
691 2276 727 2318 ea
756 2258 881 2336 lapidem
908 2260 935 2317 in
953 2256 1142 2318 ,Chalonitide

6 2336 8 2355 ³
109 2343 304 2403 recondidere
321 2343 433 2418 Parthi,
453 2341 529 2420 quod
554 2360 628 2401 nunc
645 2350 732 2419 caput
754 2349 799 2400 est
814 2356 978 2418 regnorum.
1019 2349 1047 2400 et
1065 2350 1143 2420 post·

7 2424 10 2451 l
146 2443 230 2503 quam
244 2425 311 2484 nihil
329 2425 545 2503 proficiebatur,
564 2423 831 2502 nuperVologesua
847 2443 901 2483 rex
916 2422 993 2498 aliud
1008 2424 1144 2503 oppidum

144 2508 410 2583 Vologesocertam
424 2509 452 2565 in
463 2509 558 2584 vicino
575 2507 711 2567 condidit.
740 2508 811 2567 Sunt
827 2508 978 2567 etiamnum
994 2509 1021 2566 in
1033 2505 1128 2566 lileso·
1137 2518 1188 2570 123

146 2583 271 2670 potamia
292 2589 398 2666 oppida
422 2589 632 2670 Hipparenum,
655 2587 866 2651 Chaldaeorum
887 2591 1017 2649 doctrina
1039 2599 1068 2649 et
1088 2590 1146 2649 hoc

147 2674 221 2732 sicut
237 2671 383 2746 Babylon,
400 2664 481 2731 'iuxta
502 2673 617 2732 durium
632 2671 805 2748 Narragam,
833 2673 880 2749 qui
898 2672 974 2732 cadit
993 2673 1021 2729 in
1039 2671 1144 2733 Narro·

10 2759 14 2783 ’
113 2773 228 2832 sogam,
252 2755 449 2813 undecivitati
465 2771 578 2813 nomen.
621 2770 719 2814 muros
736 2754 966 2830 Hipparenorum
981 2751 1088 2813 Persae
1105 2755 1145 2814 di·

147 2854 243 2896 ruere.
290 2834 416 2895 Orcheni
433 2853 548 2914 quoque
570 2838 655 2896 tertia
673 2834 883 2896 Chaldaeorum
899 2834 1028 2893 doctrina
1052 2836 1079 2894 in
1095 2853 1145 2896 eo-

147 2920 214 2981 dem
229 2920 283 2978 situ
298 2918 429 2978 locantur
443 2918 479 2978 ad
495 2919 643 2978 meridiem
661 2919 749 2976 versi.
787 2917 823 2976 ab
839 2916 883 2976 his
897 2915 1011 2975 Notitae
1028 2926 1056 2976 et
1073 2916 1145 2978 Oro·

146 3001 333 3078 thophanitae
349 3009 378 3059 et
394 2999 664 3076 GraeciaechaQ.
697 2999 845 3077 Euphrate
862 2999 990 3073 navigari
1005 2998 1197 3075 Babylo-124,

150 3102 214 3142 nem
228 3083 458 3143 ePersioomari
468 3079 624 3142 ccccxtl
640 3080 668 3140 hl
682 3099 817 3159 passuum
830 3079 943 3140 tradunt
951 3078 1101 3140 Nearchus
1118 3092 1147 3142 et

14 3164 16 3228 ἶ
114 3177 140 3218 ³5
149 3165 337 3239 Onesicritus,
351 3167 481 3243 quivero
498 3173 599 3239 postea
615 3165 762 3242 scripsere
775 3163 810 3222 ad
822 3162 986 3223 Seleuciam
998 3159 1147 3224 CGEGXL

149 3248 220 3322 mil,
236 3248 306 3307 luha
320 3246 498 3320 aBabylone
511 3243 670 3306 Characem
678 3242 806 3304 CLXXV
817 3243 874 3303 mil.
889 3262 1033 3323 passuum.
1055 3246 1146 3305 lluere

150 3330 238 3407 aliqui
261 3329 333 3389 ultra
348 3329 496 3401 Babylona
521 3329 655 3386 contiuuo
673 3327 775 3400 alveo,
795 3328 960 3405 priusquam
982 3325 1147 3386 distrahitur

151 3409 479 3553 adppippapAppllulllslrll'l'l
491 3410 548 3469 mil.
559 3455 568 3487 ,
578 3411 725 3470 *universo
739 3417 832 3534 autem
849 3427 934 3470 cursu
943 3408 1052 3553 {r'p'rssll
1067 3415 1144 3489 p'ass.
