2542 3842
311 203 390 250 nau.
409 169 575 250 nrsul'xv.
596 171 717 250 as—is.
734 187 887 266 (so-ot.)
1039 185 1100 248 297
1121 272 1129 289 .
1222 202 1225 210 ¹

46 367 49 384 ¹
108 374 208 431 nume,
230 354 307 435 quod
319 357 468 430 miremur,
489 357 561 416 uvis.
590 357 714 435 pingues
730 353 842 429 olivae,
861 353 962 430 lauro,
979 355 1044 413 nuni
1059 355 1101 413 in·

109 441 220 519 glandi,
241 439 416 516 amygdalis,
433 439 534 500 dulces
548 443 627 515 uvis,
646 440 725 514 licis,
740 437 859 517 palmis,
876 440 977 515 aquosi
993 440 1101 516 prunis.

109 541 211 602 magna
225 523 385 584 dillerentia
405 531 434 582 et
448 524 475 581 in
491 523 591 588 colore
605 525 682 583 suci:
707 522 880 598 sanguineus
889 523 999 597 moris,
1020 538 1101 580 cera·

111 611 167 683 sis,
186 609 299 683 cornis,
319 609 380 665 uuis
399 607 499 683 nigris.
527 608 602 672 idem
617 607 690 666 albis
704 604 858 680 candidus,
878 604 990 664 lacteus
1008 606 1036 663 in
1055 621 1101 664 ca·

88 695 169 772 ,pito
183 691 262 766 licis,
278 692 305 758 in
322 694 447 769 corp'ore
461 708 519 751 non
531 691 599 750 item
606 684 621 767 ,'
630 706 767 768 spumeus
782 688 881 764 malis,
897 688 992 748 nullus
1008 688 1101 748 Persi·

83 817 91 834 .
111 777 169 850 cis,
192 792 255 833 cum
276 775 445 853 praesertim
466 775 601 852 duracina
621 791 692 833 suco
707 773 860 832 abundent.
889 772 943 832 sed
961 775 1025 850 quis
1040 774 1102 830 eius

109 859 198 920 ullum
219 859 322 919 dixerit
345 855 495 917 colorem?
531 859 588 918 Sua
610 867 639 917 et
659 858 687 915 iu
708 856 798 917 odore
819 856 965 915 miracula.
999 855 1082 914 mlis
1094 866 1145 917 110
1213 875 1217 888 ·

87 961 91 965 ’
111 951 225 1017 acutus,
248 942 373 1009 Persicis
389 941 510 1020 dilutus,
531 941 662 1000 dulcibus
680 939 785 999 nullus.
812 956 877 999 nam
890 947 919 999 et
934 940 1028 999 vinum
1044 938 1103 998 tale

112 1028 173 1105 sine
189 1025 291 1101 odore,
307 1034 393 1084 tenue
410 1026 572 1099 odoratius,
587 1025 735 1102 multoque
750 1023 876 1082 celerius
891 1022 958 1085 talia
971 1021 1008 1081 ad
1022 1039 1103 1082 usum

64 1111 227 1177 ¹10veniunt
241 1126 324 1208 quarn
340 1109 465 1187 pinguia.
492 1124 566 1187 quae
581 1108 703 1167 odorata
716 1123 773 1166 uon
788 1106 891 1166 eadem
906 1107 935 1165 in
955 1115 1040 1183 gustu
1059 1105 1102 1178 tp'·

111 1210 192 1269 uera,
205 1195 271 1271 quia
284 1210 341 1252 non
356 1201 421 1252 sunt
432 1194 540 1270 puriter
553 1190 625 1251 odor
641 1200 671 1251 et
685 1208 782 1269 sapor.
806 1188 990 1269 quamobrem
1005 1191 1102 1250 citreis

113 1278 371 1351 odoracerrimus,
388 1292 477 1355 sapor
491 1276 676 1354 asperrimus,
695 1272 899 1351 quadamtenus
914 1281 944 1334 9ι
958 1273 1102 1348 cotoneis,

111 1361 263 1438 nullusque
278 1360 351 1420 odor
365 1359 437 1418 licis.

154 1443 259 1542 «(34)
284 1443 321 1504 Ει
331 1442 474 1502 hactenus
490 1443 546 1501 sint
559 1442 675 1521 species
691 1457 726 1500 ac
739 1457 848 1518 genera
860 1457 1019 1540 pomorum,
1033 1457 1082 1500 na·
1095 1451 1143 1504 111
1245 1514 1247 1519 ,

80 1537 191 1591 raturas
206 1517 293 1586 artius
308 1526 406 1602 colligi
422 1543 474 1605 par
489 1526 631 1586 astulia
646 1525 757 1604 siliquis
772 1525 936 1624 gignuntur,
955 1525 1026 1603 ipsis
1041 1524 1115 1584 dul·

115 1611 195 1671 cibus
216 1627 373 1689 semenque
393 1609 544 1688 conplexis
564 1625 696 1669 amarum.
727 1626 789 1668 cum
808 1609 837 1666 in
850 1607 979 1688 pluribus
994 1609 1113 1677 semina

108 1695 298 1774 ¹'placeant,
290 1712 318 1754 ru
341 1694 445 1772 siliqua
466 1693 641 1753 damnentur.
683 1692 739 1751 alia
763 1691 861 1767 bacis,
888 1709 1008 1770 quarum.
1028 1692 1104 1751 intus

114 1780 220 1856 lignum
233 1787 262 1837 et
275 1787 355 1838 extra
375 1794 460 1853 caro,
481 1785 511 1836 ut
526 1777 625 1852 olivis,
641 1777 761 1836 cerasis.
794 1775 951 1854 aliquarum
963 1777 1038 1834 intus
1053 1774 1107 1834 ha·.
1245 1812 1247 1843 ;

115 1880 185 1937 cae,
216 1862 287 1922 loris
309 1862 432 1937 lignum,
462 1870 491 1921 ut
504 1860 690 1939 hisquaaiu
708 1859 844 1937 Aegypto
867 1859 989 1920 diximus
1014 1859 1103 1936 gigni.
1116 1857 1144 1933 ζι-
1245 1854 1246 1857 ’

80 1970 106 2012 20
117 1945 198 2019 Quae
210 1944 290 2005 bacis
304 1954 404 2005 natura
419 1944 520 2004 eadem
535 1953 565 2004 et
580 1945 683 2022 pomis.
714 1942 833 2002 aliorum
848 1944 921 2001 intus
935 1960 1040 2020 corpus
1054 1951 1084 2002 et
1095 1953 1144 2005 tlt

70 2059 74 2064 -
115 2029 185 2088 loris
201 2028 323 2105 lignum,
342 2036 373 2086 ut
386 2045 503 2087 nucum.
531 2027 596 2086 aliis
610 2028 682 2086 ioris
696 2027 915 2105 corpus,.iutus
930 2027 1054 2103 lignum,
1072 2035 1120 2098 ut¹
1234 2067 1245 2101 4

115 2112 240 2182 Persicis
265 2119 295 2171 et
315 2111 429 2188 prunis,
456 2110 610 2188 uitiumque
631 2111 752 2169 cinctum
773 2109 883 2184 fructu,
910 2127 974 2169 cum
994 2109 1103 2170 fructus
1129 2117 1134 2122 “
1231 2164 1237 2180 ,

41 2240 64 2270 .·
115 2194 182 2256 alibi
195 2195 334 2254 muniatur
347 2195 426 2254 vitio.
453 2194 595 2272 putamine
611 2193 779 2253 clauduntur
792 2210 898 2269 nuces,
915 2194 996 2254 corio
1010 2201 1102 2254 casta·
1142 2232 1175 2256 ·x
1244 2240 1245 2259 ι

92 2303 96 2312 ·
115 2297 199 2339 9999.
228 2277 384 2338 detrahitur
400 2277 457 2337 hoc
474 2278 525 2353 iis,
544 2284 573 2335 at
588 2277 617 2341 in
628 2275 758 2354 mespilis
771 2276 919 2336 manditur.
951 2285 1045 2336 crusta
1060 2284 1104 2336 te·

80 2383 107 2424 ιι
117 2371 220 2439 guntur
232 2359 365 2438 glandes,
382 2369 447 2422 cute
461 2376 544 2437 uvae,
560 2361 641 2419 corio
658 2367 688 2419 et
698 2358 863 2420 membrana
873 2360 987 2420 Punica.
1016 2377 1104 2427 carne

116 2454 145 2505 et
159 2451 229 2506 suco
243 2461 323 2505 mora
340 2452 480 2521 coustant,
495 2451 560 2504 cute
576 2452 604 2503 et
617 2461 688 2503 suco
704 2445 808 2504 cerasi.
837 2443 977 2522 quaedam
990 2445 1083 2503 statim
1095 2453 1146 2506 113

116 2549 132 2591 a
149 2529 235 2606 ligno
247 2528 400 2603 recedunt,
421 2536 451 2587 ut
468 2545 558 2586 nuces
572 2537 602 2587 et
623 2527 745 2606 palmae.
777 2528 917 2606 quaedam
938 2526 1103 2601 adhaerent,

115 2622 146 2672 ut
165 2613 259 2672 olivae
278 2612 443 2690 laurusque.
471 2610 647 2689 quorundam
665 2611 768 2687 generi
787 2620 908 2688 utraque
928 2620 975 2672 est
993 2615 1140 2685 natura,

115 2705 147 2754 ut
170 2696 198 2754 in
218 2694 353 2759 Persicis.
390 2695 495 2756 etenim
514 2695 658 2756 duracinis
674 2694 812 2755 adlraeret
831 2711 955 2780 corpus,
985 2712 1002 2753 9
1024 2693 1104 2769 ligno

81 2778 205 2838 aoavelli
221 2796 277 2839 non
291 2780 366 2856 quit,
388 2795 452 2838 cum
473 2780 501 2836 in
516 2779 622 2838 ceteris
639 2777 726 2838 la'cile
746 2771 905 2856 separetur.
936 2776 1104 2854 quibusdam

65 2901 70 2910 ·
116 2879 171 2922 nec
185 2863 278 2921 mtus
271 2879 327 2920 nec
341 2870 423 2921 extra
437 2861 553 2937 lignum,
570 2871 600 2920 ut
611 2880 640 2921 ru
649 2858 813 2939 palmarum
826 2877 948 2937 genere.
976 2859 1159 2938 aliquo-⁶114¹

116 2963 177 3006 rum
192 2944 321 3044 liguum
312 2963 404 3025 rpsum
419 2946 448 3004 in
460 2963 541 3004 usum
562 2953 592 3004 et
608 2945 694 3022 pomi·
704 2945 786 3019 vice,
807 2951 838 3003 ut
857 2943 992 3041 generari
1011 2944 1104 3018 myms

26 3017 28 3054 Ψ
117 3028 231 3107 quale
223 3047 250 3088 ru
272 3027 408 3128 Aegypto
433 3028 563 3088 diximus.
605 3027 781 3105 quorundam
808 3035 888 3088 extra
913 3027 1027 3104 gemina
1053 3025 1145 3125 gae-23

26 3103 27 3138 ¹
116 3113 255 3172 minantur
274 3113 359 3186 vitia,
385 3113 426 3171 ut
442 3113 470 3171 iu
493 3113 653 3186 castaneis,
681 3110 840 3187 amygdalis
863 3111 1071 3188 nucibusque
1062 3128 1103 3168 ru·

82 3214 108 3253 as
118 3194 278 3272 glandibus
324 3195 499 3273 quorundam
517 3202 615 3254 natura
636 3195 801 3292 trigemipa,
828 3210 934 3273 corpus
953 3203 1015 3269 cst,
1037 3192 1104 3254 dein

117 3279 223 3355 lignum
242 3296 398 3356 rursusque
419 3295 518 3338 semen
535 3278 564 3338 iu
586 3277 681 3354 ligno,
703 3277 762 3336 ut
753 3296 781 3336 ιιι
798 3276 932 3337 Persicis.
965 3274 1117 3364 quaedam

26 3355 31 3398 ¹
117 3365 191 3421 inter
212 3380 244 3422 se
263 3363 369 3444 densa,
389 3371 419 3421 ut
439 3379 530 3436 uvae,
529 3359 653 3436 sorba,
675 3377 859 3440 quaeramus
875 3360 1048 3421 circumdata
1065 3378 1102 3419 ex

26 3441 33 3554 ζ
118 3447 194 3506 omni
209 3454 292 3526 parto
310 3462 427 3536 uvarum
446 3446 532 3511 modo
546 3444 712 3523 degravant.
740 3443 797 3506 alia
814 3461 897 3522 rara,
917 3452 948 3504 ut
967 3444 995 3506 iu
1009 3443 1101 3506 Persi·

808 3589 824 3670 ν.
