2542 3842
174 169 236 230 214
537 159 845 236 commonacum

174 339 233 397 lata
248 345 294 397 est
307 336 429 414 Cronia,
452 338 518 399 dein
532 338 698 417 iheremia,
719 341 784 402 daia
797 339 938 403 Malianda
950 350 979 402 et
994 341 1166 418 Strymonis.

174 423 228 481 hos
243 420 383 491 Homerus
394 421 547 484 llalizoaaa
564 423 645 501 dixit,
662 425 775 504 quaudo
788 426 981 504 praecingitur
994 442 1068 504 gens
1084 426 1166 486 mari.
1262 451 1263 500 p

174 503 250 564 Urbs
272 505 325 565 iuit
345 505 474 566 inmensa
493 507 595 569 Attusa
616 511 746 585 nomine,
768 527 842 570 nunc
863 517 928 569 suut
946 507 1000 570 Xll
1022 510 1166 585 civitates,
1262 519 1263 548 i

173 591 249 648 inter
269 605 340 667 quas
355 589 547 651 Cordiucome
568 609 643 670 quae
662 591 813 672 Iuliopolis
831 595 965 668 vocatur,
988 594 1016 652 in
1038 609 1089 652 ora
1107 591 1166 652 Da·

173 672 283 748 scylos.
297 673 362 733 dein
375 673 606 750 llumenGelhes,
619 683 650 735 et
660 675 848 754 iutusllelgas
861 676 997 755 oppidum
1009 674 1183 755 praelier-a

173 757 374 836 manicopolis,
387 757 444 816 alio
459 760 572 819 nomine
587 758 763 834 Booscoete,
775 761 849 819 sicut
859 760 988 838 Apamea
1003 777 1077 839 quac
1087 777 1168 819 *nuuc

173 840 285 916 Myrlea
298 837 560 919 Colophoniorum,
582 833 849 902 dumeu'Echeleos
863 844 973 902 anticus
993 842 1114 904 Troadis
1133 843 1164 902 ii·

132 926 234 990 ladnis
249 932 279 984 et
294 923 404 998 Mysiae
419 925 535 984 initium.
558 933 661 1003 postea
680 926 757 985 sinus
775 926 804 985 in
816 941 873 1006 quo
885 925 990 988 humen
1000 926 1165 1001 Ascanium,

173 1008 311 1087 oppidum
324 1007 468 1082 Bryalion,
490 1025 587 1067 amaea
601 1007 691 1083 llylas
707 1018 737 1069 et
748 1007 817 1069 Cios
832 1023 895 1080 cur
910 1009 1019 1088 oppido
1036 1009 1166 1070 eiusdem

173 1092 308 1166 nominis,
332 1090 408 1169 quod
428 1090 483 1151 huit
507 1093 665 1170 emporium
688 1109 746 1152 non
772 1092 875 1172 procul
895 1091 1055 1153 adcolentis
1076 1092 1166 1167 Phry·
1176 1111 1202 1154 1o

173 1178 239 1254 giae
261 1193 278 1235 a
297 1173 419 1234 Milesiis
439 1174 554 1255 quidem
572 1175 732 1252 conditum,
753 1177 781 1236 in
803 1177 870 1237 loco
892 1185 986 1236 tamen
1006 1177 1054 1254 pri
1073 1175 1166 1236 Auca·

173 1262 220 1318 uia
239 1257 381 1335 Phrygiae
400 1256 569 1319 vocabatur.
603 1269 781 1340 quapropter
803 1276 861 1319 non
881 1257 949 1324 alibi
969 1261 1063 1339 aptius
1077 1259 1115 1319 de
1130 1276 1166 1320 ea

173 1345 293 1404 dicatur.

132 1436 182 1491 145
267 1424 350 1504 (41.)
369 1423 1164 1507 PhrygiaTroadisuperiectapopulisqueapromonto·

172 1513 217 1570 rio
237 1507 326 1568 hecto
349 1507 385 1568 ad
405 1507 510 1568 lumea
528 1507 688 1570 llcheleum
709 1510 864 1590 praedictis
884 1509 1102 1590 septentrionali
1120 1511 1164 1570 sui
1176 1534 1203 1576 ra

174 1602 256 1672 parte
278 1591 407 1653 Calatiae
432 1594 627 1669 contermina,
648 1595 802 1654 meridiana
827 1593 1006 1670 Lycaoniae,
1028 1593 1163 1668 Pisidiae,

173 1674 361 1751 Mygdoniae,
380 1673 417 1734 ab
432 1676 543 1736 oriente
560 1675 772 1756 Cappadociam
786 1678 907 1754 attingit.
939 1677 1046 1756 oppida
1060 1677 1099 1737 ihi
1115 1694 1164 1736 ce·
1263 1718 1264 1752 ,

133 1756 612 1845 ¹,llileherrimapraeteriamdicta
625 1760 757 1839 Ancyra,
778 1761 901 1838 Andria,
924 1759 1085 1836 Celaenae,
1107 1758 1163 1819 Co·
1263 1775 1264 1832 3

173 1842 282 1916 lassae,
305 1838 418 1917 Carina,
440 1839 592 1920 Cotyaion,
616 1842 749 1920 Ceraine,
765 1843 895 1920 Conium,
907 1844 1048 1906 Midaium.
1092 1844 1164 1903 Sunt

173 1933 307 1985 auctores
327 1926 466 1985 mansisse
484 1943 521 1986 ex
537 1925 654 2006 Europa
671 1926 789 1988 Moesos
807 1936 836 1988 et
852 1928 965 2006 Brygos
987 1937 1016 1990 et
1033 1925 1161 2003 Thynos,
1173 1947 1201 1989 ao

173 2008 304 2088 aquibus
317 2007 500 2086 appellentur
510 2009 601 2087 Mysi,
618 2011 764 2090 Phryges,
779 2011 900 2087 Bithyni.

131 2103 184 2159 146
267 2091 339 2172 (42)
357 2093 447 2153 Simul
459 2094 610 2156 dicendum
623 2096 737 2156 videtur
751 2105 781 2156 et
794 2097 830 2157 de
842 2094 963 2173 Galatia,
975 2113 1049 2176 quae
1060 2111 1162 2173 super·

123 2212 128 2221 ι
172 2177 267 2258 posita
284 2193 372 2254 agros
389 2178 490 2239 maiori
504 2197 543 2240 ex
559 2189 642 2257 parte
656 2180 798 2258 Phrygiae
815 2188 895 2240 tenet
910 2187 1054 2258 caputque
1071 2195 1161 2257 quou-

173 2262 237 2322 dam
254 2262 316 2321 eiua
332 2256 476 2322 Cordium.
520 2261 576 2336 Qui
593 2273 702 2341 partem
717 2281 779 2324 eam
793 2264 928 2324 insedere
941 2261 1087 2323 Gallorum
1104 2260 1161 2321 To·
1201 2277 1212 2286 ·

173 2344 321 2420 lostohogi
336 2351 366 2402 et
381 2343 484 2404 Voturi
499 2355 529 2404 et
544 2346 701 2405 Ambitouti
715 2355 869 2422 vocantur,
892 2347 940 2422 qui
961 2343 1111 2405 Maeoniae
1133 2353 1201 2406 etan

172 2427 386 2506 Paphlagoniae
411 2428 562 2503 regionem
586 2427 712 2504 Trogmi.
756 2428 955 2488 Praetenditur
977 2425 1163 2506 Cappadocia

173 2529 190 2570 a
205 2508 400 2586 septentrione
412 2516 443 2566 et
456 2508 528 2568 solis
542 2516 616 2583 ortu,
636 2512 715 2568 cuius
724 2510 894 2570 uberrimam
909 2519 1020 2589 partem
1036 2528 1163 2591 occupa·

171 2604 243 2652 vore
263 2589 443 2668 Tectosages
465 2607 500 2651 ac
521 2589 739 2651 Toutobodiaci.
782 2590 820 2652 lit
839 2602 942 2671 gentes
963 2593 1077 2669 quidem
1096 2593 1162 2654 hae.

173 2674 274 2755 populi
291 2689 364 2733 vcro
388 2691 424 2734 ac
444 2673 617 2735 tetrarchiae
642 2689 741 2734 omnes
761 2693 878 2736 numero
900 2673 1011 2735 CXCV.
1054 2676 1163 2755 oppida

171 2759 364 2836 Tectosagum
387 2757 516 2835 Ancyra,
537 2757 726 2836 Trogmorum
747 2757 874 2836 Tarium,
896 2757 1201 2837 Tolostobogorumso
1264 2815 1265 2822 ,

83 2914 87 2920 ,
131 2843 308 2908 llll'isiuus.
339 2848 458 2920 praeter
472 2843 527 2903 hoe
547 2842 681 2903 celebres
692 2842 881 2920 Actalenses,
904 2843 1080 2921 Alasenses,
1105 2841 1161 2904 Co·

171 2944 298 3002 meuses,
310 2924 473 3002 Didienses,
485 2926 685 3003 Hieroreuses,
700 2925 842 3002 hystraai,
861 2925 1054 3006 Neapolitani,
1067 2925 1161 2988 Oean-

172 3012 295 3085 denses,
314 3008 526 3086 Seleucenses,
545 3010 712 3085 Sebastoni,
725 3010 972 3086 Timoniacenses,
986 3010 1159 3071 Thebaseui.
1263 3015 1265 3024 ’

172 3093 293 3170 Attiogit
309 3090 419 3152 Calatia
436 3102 466 3153 et
482 3094 665 3172 Pamphyliae
682 3092 828 3155 Cabaliam
850 3103 880 3154 et
895 3093 997 3169 Milyas
1013 3097 1061 3173 qui
1082 3096 1160 3155 circa

60 3181 68 3192 ‘
171 3176 265 3236 Barim
275 3183 342 3234 sunt
356 3185 386 3235 et
397 3174 574 3251 Cyllanicum
585 3187 615 3238 et
626 3176 791 3239 Oronticum
801 3177 923 3240 Pisidiae
934 3187 1073 3254 tractum,
1089 3180 1159 3237 ilem
1171 3197 1198 3242 at

95 3331 99 3336 ι
171 3259 332 3334 lycaoniae
353 3268 462 3336 partem
477 3259 635 3321 Chinenea.
668 3262 781 3322 ilumiua
798 3271 862 3322 suut
876 3264 904 3322 iu
919 3280 956 3323 ea
970 3271 1088 3340 praeter
1104 3262 1160 3320 iam

171 3342 246 3403 dicta
255 3343 423 3418 Sangarium
437 3352 467 3403 et
477 3342 591 3421 Callus,
609 3361 626 3404 a
645 3361 702 3423 quo
720 3361 824 3405 nomeu
839 3355 954 3407 traxere
966 3345 1064 3406 Matris
1075 3343 1159 3404 deum

170 3425 349 3485 sacerdotes.
562 3462 566 3468 ,
