2542 3842
242 131 244 136 ’
349 109 435 196 nnus
453 149 542 200 mss.
565 149 654 195 x1111.
677 147 721 198 aa.
736 134 794 218 (as.
811 135 870 219 ss.)
1050 135 1110 195 277

107 311 199 388 ipsum
214 307 269 366 iam
284 307 454 384 principem.
483 322 538 364 nec
554 304 611 364 alio
627 306 719 382 magis
733 303 847 364 Drusus
860 301 969 362 Caesar
985 322 1109 381 regene-

106 411 188 453 rasse
214 400 325 470 patrem
350 387 494 448 Tiberium
520 386 678 447 ferebatur.
718 385 866 464 Torquato
887 407 957 470 ⁴rara
980 387 1154 466 gloria,146

107 475 220 556 quando
246 483 275 534 et
295 474 370 536 baec
391 489 439 537 ars
460 473 521 532 suis
539 471 654 550 legibus
676 468 808 546 constat,
830 488 887 533 nou
908 472 1023 544 labasse
1047 491 1109 531 ser-

106 578 219 637 mone,
232 574 288 616 non
304 547 431 616 levatum
449 549 604 614 vo'mitione
622 573 678 614 nec
696 555 752 616 alia
771 557 903 633 corporis
923 565 1022 634 parte,
1045 557 1110 616 dum

83 645 239 717 ebiberet,
263 642 415 702 matutinas
437 639 535 702 obisse
558 641 689 716 vigilias,
717 640 877 718 plurumum
900 640 1032 700 hausisse
1054 657 1111 699 uuo

106 737 195 808 potu,
214 725 375 804 plurumum
390 732 545 802 praeterea
562 723 624 783 aliis
641 723 798 783 minoribus
816 723 979 799 addidisse,
996 734 1112 804 optuma

108 813 164 872 ide
180 828 237 871 non
253 811 416 888 respirasse
432 809 460 866 in
473 807 631 868 hauriendo
648 826 743 885 neque
754 797 918 886 bxspuisse,
936 807 1063 887 nihilque
1075 807 1111 868 ad

108 895 272 956 elidendum
293 895 321 953 in
343 893 515 972 pavimentis
530 909 630 951 sonum
652 909 689 950 ex
704 893 773 950 vinc
786 889 958 971 reliquisse,
980 885 1110 968 diligenti

108 981 180 1039 scito
202 979 299 1056 legum
321 985 422 1036 contra
445 975 561 1034 bibendi
583 976 725 1035 fallacius.
762 972 892 1052 'lorgilla
916 974 1089 1035 Ciceronem
1101 984 1152 1041 147

71 1083 97 1122 10
107 1063 145 1123 Μ.
163 1061 195 1122 F.
212 1062 296 1122 binos
314 1061 436 1137 congios
452 1059 534 1119 simul
549 1059 665 1118 haurire
680 1058 797 1119 solitum
811 1060 868 1138 ipsi
884 1059 982 1135 obicit,
998 1059 1110 1119 blaren-

108 1165 164 1228 que
178 1149 331 1226 Agrippae
354 1163 370 1205 a
392 1143 549 1202 temulento
568 1143 707 1221 scyphum
728 1146 880 1221 inpactum.
912 1143 1016 1203 etenim
1037 1144 1112 1203 baec

108 1239 172 1290 sunt
191 1229 339 1290 ebrietatis
354 1245 455 1306 opera.
489 1227 541 1288 sed
556 1227 686 1286 nimirum
704 1227 778 1288 banc
792 1227 914 1304 gloriam
929 1228 1047 1288 auferre
1064 1224 1110 1285 ct-

109 1331 179 1374 cero
197 1314 289 1378 soluit
309 1311 491 1377 interfectori
506 1313 597 1390 patris
613 1313 656 1370 sui
671 1310 709 1369 bl.
726 1310 861 1372 Antonio.
892 1313 917 1370 is
932 1313 1007 1371 enirn
1024 1321 1154 1377 antelati

110 1415 175 1458 eum
191 1397 355 1458 avidissime
378 1395 611 1473 adprehenderat
632 1395 706 1454 banc
721 1395 843 1474 palmam
860 1394 938 1454 edito
955 1397 1040 1458 etiam
1059 1413 1110 1455 vo·

71 1503 98 1543 15
109 1483 214 1542 lumine
230 1481 266 1542 de
277 1471 334 1540 ¹sua
350 1479 507 1553 ebrietate,
530 1497 587 1556 quo
603 1480 778 1557 patrocinari
793 1479 848 1538 sibi
863 1497 949 1538 aursus
964 1480 1110 1558 adproba-

107 1567 147 1625 vit
162 1568 265 1645 plane,
287 1571 318 1624 ut
333 1565 466 1643 equidem
481 1562 619 1638 arbitror,
639 1573 743 1640 quauta
757 1563 831 1622 mala
848 1581 902 1640 per
915 1565 1111 1641 temulentiam

107 1661 249 1710 terrarum
273 1648 336 1708 orbi
357 1648 510 1708 intulisset.
541 1649 648 1724 exiguo
662 1655 796 1724 tempore
811 1655 877 1706 ante
894 1647 1037 1725 proelium
1053 1648 1110 1708 Ac·

107 1737 212 1796 tiacum
222 1733 252 1794 id
262 1733 399 1794 volumen
414 1732 550 1807 evomuit,
569 1748 625 1810 quc
644 1730 732 1791 facile
747 1731 933 1808 intellegatur
946 1732 1044 1792 ebrius
1056 1733 1111 1791 iam

70 1840 75 1850 ·
109 1821 247 1896 sanguine
264 1818 367 1877 civium
383 1825 413 1876 et
427 1823 506 1876 tanto
522 1817 613 1892 magis
630 1833 694 1882 eum
710 1817 820 1874 sitiens.
851 1833 973 1894 namque
990 1817 1110 1896 ethaeo

70 1905 270 1963 aonecessitas
285 1902 382 1960 vitium
400 1901 549 1960 comitatur
564 1909 593 1958 ut
609 1899 726 1958 bibendi
739 1901 918 1959 cousuetudo
931 1902 1110 1977 augeatavi-

109 1985 244 2059 ditatam,
269 1985 430 2061 scitumque
449 1993 493 2042 est
508 1985 679 2057 Scytharum
695 1982 800 2059 legati,
825 1992 930 2062 quanto
949 1985 1013 2062 plns
1030 1982 1110 2044 bibe·

109 2069 163 2127 rint
179 2077 258 2128 tanto
273 2069 364 2144 magis
381 2067 462 2125 sitire
477 2067 609 2125 Parthos.

172 2152 254 2232 (29.)
279 2151 332 2210 list
357 2159 387 2209 et
407 2149 567 2210 occidentis
586 2149 702 2228 populis
722 2167 773 2208 sua
790 2148 918 2210 ebrietas
932 2151 1018 2230 fruge
1032 2160 1154 2215 rua-149

110 2232 190 2311 dida,
220 2229 351 2314 pluribus
372 2235 464 2294 modis
490 2248 544 2312 per
567 2231 674 2294 Gallias
696 2231 926 2312 Hispaniasque,
950 2234 1110 2307 nominibus

72 2319 172 2381 asaliis
194 2320 245 2378 sed
262 2311 380 2463 ‘ruffae
403 2317 514 2378 eadem.
547 2317 701 2396 Hispaniae
722 2318 826 2377 iamet
843 2320 1110 2379 vetustatemterrc

110 2422 144 2464 ea
168 2419 277 2480 genera
294 2395 297 2404 “
322 2411 472 2462 acuerunt.
508 2401 660 2480 Aegyptus
680 2418 835 2479 qucquee
852 2401 1009 2479 frugessibi
1026 2413 1111 2480 potus

109 2487 209 2550 similis
228 2487 422 2566 excogitavit,
442 2485 581 2563 nullaque
604 2488 632 2544 in
649 2494 733 2563 parte
747 2487 844 2546 mundi
860 2496 958 2549 cessat
974 2486 1111 2562 ebrietas,

108 2589 206 2633 meros
222 2573 330 2652 quippe
344 2571 475 2630 hauriunt
490 2570 557 2630 talis
572 2587 676 2645 sucos,
693 2587 749 2629 nec
764 2570 900 2630 diluendo
915 2573 1025 2630 utrina
1040 2572 1112 2630 miti·

110 2665 188 2734 gant.
211 2665 250 2731 at,
268 2654 421 2730 llercules,
437 2653 601 2714 illictellus
618 2656 719 2730 fruges
734 2671 840 2731 parere
855 2653 1015 2714 videbatur.
1043 2656 1111 2730 lieu,

73 2757 99 2797 sc
110 2740 180 2798 mira
192 2739 325 2800 vitiorum
334 2738 481 2798 sollertia!
499 2740 645 2799 inuentum
654 2747 699 2797 est
708 2739 945 2817 quemadmodum
955 2755 1029 2817 aqua
1041 2756 1111 2818 quo·

111 2839 166 2900 que
178 2821 344 2882 inebriaret.
366 2821 431 2881 Duc
443 2831 508 2880 sunt
519 2822 649 2900 liquores
660 2822 789 2880 humanis
802 2821 975 2900 corporibus
987 2826 1089 2898 gratis·
1103 2831 1155 2885 tto
1175 2888 1179 2896 ,

111 2906 184 2980 simi,
202 2907 278 2965 intus
293 2907 360 2981 vini,
377 2907 448 2965 ioris
464 2905 534 2980 olei,
550 2905 713 2966 arborume
728 2923 838 2983 genere
854 2905 937 2966 ambo
949 2907 1111 2984 praecipui,
1243 2914 1244 2919 ’

111 2989 163 3050 sed
189 2989 248 3048 olei
273 2990 469 3050 necessarius.
505 3007 560 3048 nec
583 2993 714 3066 segniter
736 2990 765 3047 in
791 3006 829 3048 eo
854 2992 913 3049 vita
941 2988 1111 3051 elaboravit.

110 3081 216 3153 quanto
232 3081 327 3132 tamen
346 3075 375 3132 in
394 3081 465 3152 potu
482 3073 662 3156 ingeniosior
674 3073 762 3133 luerit
782 3074 934 3152 adparebit
955 3074 991 3133 ad
1011 3072 1111 3134 biben-

74 3181 99 3221 as
110 3157 176 3218 dum
200 3155 356 3234 generibus
379 3165 493 3216 centum
514 3159 662 3234 octoginta
688 3158 831 3235 quinque,
855 3159 880 3216 si
901 3158 1017 3236 species
1038 3174 1110 3217 nero

109 3243 306 3316 aestimentur,
325 3259 418 3319 paene
433 3239 541 3317 duplici
555 3259 673 3300 numero
686 3241 872 3317 excogitatis,
887 3249 1025 3319 tantoque
1041 3258 1112 3320 pau-

111 3324 237 3384 cioribus
254 3325 322 3397 olei,
342 3325 378 3384 de
394 3340 451 3404 quo
466 3325 495 3382 iu
510 3327 644 3404 sequenti
658 3324 803 3386 volumine
819 3325 957 3386 dicemus.

505 3449 707 3480 -4-..4-
