2542 3842
141 160 183 225 at
482 168 512 217 o.
533 170 630 217 rnenr
651 168 800 217 sncnnnr

88 322 97 331 ”
142 335 218 389 mato
235 342 271 386 eo
286 323 391 384 inimici
406 323 454 401 qni
471 319 662 383 cantharidae
680 323 856 409 vocabantur
877 330 1017 389 remeanti
1033 330 1146 388 animae
1256 266 1258 371 d

142 412 232 471 veluti
250 408 383 487 vaginam
403 406 571 468 ademerint.
603 406 739 467 Aristeae
763 408 847 467 etiam
869 412 960 471 visam
980 411 1147 471 evolantem
1193 438 1196 445 ·

144 514 182 555 ex
197 512 249 553 ore
266 495 295 551 in
310 491 499 567 Proconneso
514 490 595 549 corvi
618 490 732 567 siligio,
751 508 853 568 magna
871 497 1002 571 quaesita
1019 513 1088 555 cura
1110 512 1147 555 ao
1164 514 1166 521 ¹

102 588 154 643 1⁷5
163 577 358 639 fabulositate.
393 592 478 654 qnam
499 574 633 653 equidem
653 583 682 633 et
702 577 731 633 in
746 571 854 635 Gnosio
871 576 1043 656 Epimenide
1061 578 1147 637 simili

141 663 228 723 modo
249 661 380 739 accipio,
404 675 523 737 puerum
541 666 623 717 aestu
642 666 671 717 et
693 658 796 717 itinere
812 659 921 720 lessnrn
938 664 965 721 in
987 680 1077 741 speon
1099 676 1174 721 se-ts

143 757 222 827 ptem
243 754 272 805 et
292 743 498 823 qninquaginta
512 741 653 802 dormisse
669 743 765 816 annis,
782 760 877 804 rernm
893 745 998 807 laniem
1013 748 1146 805 mutatio-

143 847 267 907 nemque
283 829 432 889 mirantem
451 825 531 885 velut
552 834 673 903 postero
688 825 736 886 die
757 838 977 904 experrectum,
999 830 1066 889 hino
1082 830 1147 907 pari

143 930 262 977 numero
285 912 394 971 dierum
415 911 497 969 senio
519 910 686 986 ingruente,
712 917 742 968 nt
769 919 863 969 tamen
888 914 916 975 in
935 922 1094 991 septumum
1116 920 1147 972 et

143 996 408 1078 quinquagesimum
425 1003 511 1072 atque
527 995 712 1052 centesimum
727 994 803 1052 vitae
819 994 934 1056 duraret
950 1014 1061 1055 annum.
1089 994 1145 1055 Fe-

142 1084 278 1151 minarum
298 1096 386 1139 sexus
408 1076 474 1137 lanio
494 1076 569 1136 malo
588 1076 703 1136 videtur
720 1094 849 1137 maxume
871 1090 1052 1157 opportunus
1073 1090 1183 1139 con-1⁰

143 1166 279 1227 versione
295 1160 418 1236 volvae,
437 1178 511 1239 qnae
527 1160 551 1217 si
567 1162 743 1237 corrigatur,
760 1162 876 1238 spiritus
893 1165 1059 1224 restituitur.
1088 1164 1146 1224 huo

143 1251 269 1327 pertinet
284 1245 383 1305 nobile
398 1244 475 1325 apud
491 1244 619 1305 Graecos
629 1243 764 1303 volumen
776 1244 938 1309 Heraclidis
954 1257 1066 1326 septem
1084 1248 1145 1309 die·

103 1338 153 1396 176
164 1332 218 1393 bns
236 1332 360 1391 feminae
381 1328 518 1389 exanimis
543 1327 578 1386 ad
600 1330 686 1387 vitam
707 1338 872 1389 revocatae.
911 1330 1005 1392 Varro
1027 1348 1146 1409 qnoque

142 1426 245 1477 auctor
268 1421 313 1473 est
335 1414 448 1474 xxviro
470 1430 503 1471 se
526 1428 613 1487 agros
631 1410 775 1471 dividente
795 1409 912 1491 Capuae
935 1416 1076 1494 quendam
1098 1414 1146 1493 qni

143 1500 296 1561 efferretur
316 1496 381 1555 loro
403 1497 516 1556 domum
538 1510 686 1553 remeasse
707 1494 839 1570 pedibus.
875 1496 932 1556 hoo
947 1499 1023 1559 idern
1039 1497 1146 1576 Aquini
1157 1510 1184 1551 15

144 1582 296 1643 accidisse.
326 1578 436 1638 Romae
457 1572 573 1657 qnoque
599 1575 754 1637 Corfidium
774 1587 948 1640 materterae
972 1600 1042 1643 snae
1062 1582 1147 1641 marl

20 1735 23 1740 ,
144 1664 318 1726 inminuere
342 1662 439 1722 locato
458 1662 600 1720 revixisse
618 1669 648 1719 et
672 1660 830 1721 locatorem
847 1662 956 1723 funeris
978 1665 1067 1725 abeo
1087 1664 1147 1725 ela-

101 1758 151 1813 177
160 1759 227 1809 tum.
260 1744 346 1807 adicit
365 1744 500 1804 miracula
517 1760 590 1821 qnae
612 1751 672 1803 tota
694 1742 837 1803 indicasse
856 1749 1024 1807 conveniat:
1041 1766 1058 1807 e
1074 1748 1148 1809 dno·

142 1831 194 1891 hus
216 1827 354 1889 fratribus
377 1828 521 1906 equestris
545 1826 652 1886 ordinis
677 1825 803 1887 Gorlidio
827 1830 927 1889 maiori
948 1832 1091 1891 accidisse
1116 1842 1151 1892 nt

142 1912 290 1974 videretur
305 1912 494 1990 exspirasse,
510 1920 671 1989 apertoque
694 1918 866 1971 testamento
886 1914 1034 1973 recitatum
1059 1913 1177 1973 here-at

142 1998 209 2057 dem
222 1998 361 2057 minorem
376 1995 468 2055 iuneri
484 1994 640 2069 institisse,
657 1995 769 2053 interim
785 2013 848 2055 ennr
865 1998 912 2074 qni
927 1997 1078 2058 videbator
1095 2016 1149 2057 ex-

143 2083 263 2141 stinctus
281 2079 447 2159 plaudendo
467 2079 630 2139 concivisse
652 2080 806 2138 ministeria
823 2089 852 2140 et
874 2084 1007 2141 narrasse
1024 2100 1039 2141 a
1055 2082 1148 2142 fratre

143 2166 332 2240 sevenisse,
360 2162 584 2223 commendatam
606 2162 660 2221 sibi
682 2162 767 2223 liliam
789 2163 897 2241 abeo,
923 2166 1147 2225 demonstratum

143 2259 296 2326 praeterea
312 2265 370 2327 qno
385 2238 414 2307 iri
432 2247 500 2305 loeo
515 2246 678 2306 defodisset
691 2265 789 2306 aarum
804 2247 882 2307 nullo
898 2251 1037 2324 conscio,
1055 2258 1084 2309 et
1097 2266 1146 2307 ro·

142 2351 230 2409 gesse
248 2343 278 2391 nt
297 2333 336 2390 iis
355 2328 522 2389 innelrrilrns
539 2347 614 2407 quae
629 2339 820 2407 conparasset
837 2332 999 2391 efferretur.
1031 2333 1088 2392 hoc
1102 2347 1139 2389 eo
1153 2355 1183 2396 aa

143 2424 276 2477 narrante
295 2413 392 2471 fratris
409 2412 559 2471 domestici
578 2429 707 2491 propere
729 2412 932 2475 adnuntiavere
957 2418 1147 2475 exanimatum

100 2508 152 2563 178
160 2498 254 2570 illum,
274 2505 303 2567 et
323 2513 419 2555 aurum
441 2493 489 2555 nbi
503 2494 616 2555 dixerat
640 2504 786 2574 repertum
802 2507 856 2557 est.
888 2497 977 2559 Plena
992 2509 1148 2578 praeterea

141 2582 199 2641 vita
219 2587 263 2638 est
279 2578 322 2637 his
340 2579 491 2652 vaticiniis,
508 2578 633 2638 sednon
652 2578 838 2654 conferenda,
856 2598 919 2640 cnm
935 2585 1051 2661 saepius
1070 2582 1146 2643 lalsa

142 2666 213 2736 sint,
237 2662 311 2725 siout
330 2663 438 2739 ingenti
458 2660 593 2739 exemplo
616 2660 793 2721 docebimus.
823 2662 907 2723 Bello
923 2665 1022 2725 Siculo
1041 2664 1144 2726 Gabie-

141 2764 196 2805 nns
218 2743 352 2807 Caesaris
372 2744 506 2805 classium
528 2744 700 2805 fortissimus
725 2754 824 2823 captus
851 2764 867 2806 a
891 2748 981 2807 Sexto
1004 2750 1143 2828 Pompeio
1156 2761 1184 2803 ao

143 2830 223 2890 iussu
247 2832 308 2889 eius
330 2830 419 2890 incisa
443 2829 561 2889 cervice
581 2838 610 2887 et
631 2830 679 2887 vix
701 2828 884 2912 cohaerente
899 2832 985 2892 iacuit
1006 2836 1036 2892 in'
1058 2834 1146 2893 litore

143 2920 204 2973 toto
220 2914 277 2973 die.
301 2914 417 2987 deinde,
435 2931 499 2973 cunr
513 2912 782 2992 advesperavisset‚
796 2930 859 2973 cnm
873 2915 980 2991 gemitu
993 2916 1146 2995 precibus·
1255 2986 1256 2997 ,

144 3014 202 3074 qne
219 3006 396 3073 congregata
418 2994 596 3058 multitudine
612 2998 696 3075 petiit
709 3006 739 3056 nt
755 2995 908 3075 Pompeius
927 2998 963 3059 ad
979 3018 1011 3058 se
1029 3002 1147 3060 veniret
1255 3020 1256 3025 ¹

144 3080 329 3157 autaliquem
344 3098 381 3138 ox
396 3082 508 3140 arcanis
522 3080 663 3155 mitteret,
685 3099 717 3139 se
733 3082 808 3139 enim
823 3077 858 3139 ab
876 3082 976 3141 inieris
993 3085 1146 3144 remissum

104 3161 270 3226 lithabere
296 3180 370 3239 qnae
387 3162 546 3222 nuntiaret.
585 3164 662 3222 misit
681 3163 772 3241 pluris
795 3161 947 3242 Pompeius
971 3184 1009 3225 ex
1032 3169 1183 3244 amiciens

146 3246 248 3322 quibm
270 3243 413 3304 Gabienus
434 3246 504 3305 dixit
524 3245 625 3305 inieris
647 3246 690 3305 dis
709 3245 828 3324 placere
848 3246 967 3325 Pompei
989 3267 1093 3311 causas
1117 3259 1147 3311 et

146 3328 237 3404 partis
252 3328 331 3404 pias,
354 3326 475 3404 proinde
498 3338 632 3387 eventum
651 3328 774 3387 loturum
790 3345 874 3406 quern
890 3340 1019 3409 optaret,
1036 3332 1093 3395 hoc
1112 3352 1147 3394 ee

147 3410 275 3470 nuntiare
287 3410 404 3496 iussum,
418 3420 613 3486 argumentum
625 3412 688 3470 fore
700 3413 829 3471 veritatis
842 3414 918 3491 quod
932 3417 1058 3493 peractis
1067 3436 1146 3479 rnan-

445 3524 450 3532 ·
635 3534 643 3546 ,
714 3504 734 3539 *l
