2542 3842
864 129 869 136 ι

233 183 235 194 ’
258 143 264 160 ⁴
353 185 633 266 praemensus.
652 184 722 238 aa.
743 174 862 252 (4-7.)
1050 169 1113 235 235

106 339 213 400 incluta
235 348 280 398 εει
302 339 351 398 vel
376 339 468 416 magis
480 339 599 418 palmis,
626 357 745 418 quarum
770 348 871 400 natura
891 358 968 401 nuno
991 340 1112 402 dicetur.

107 433 172 484 sunt
188 423 304 501 quidem
323 424 395 482 etin
413 421 531 502 Europa
546 424 696 501 volgoque
710 422 812 499 ltalia,
831 424 885 483 sed
907 424 1035 485 steriles.
1070 425 1113 485 le·

107 517 173 568 runt
189 509 218 566 in
232 507 379 567 maritimis
395 505 551 586 Hispaniae
566 507 707 584 fructum,
717 526 826 581 verum
840 509 985 584 inmitem,
1000 508 1114 570 dulcem

107 593 137 652 in
154 592 272 666 Africa,
295 590 349 650 sed
373 593 467 650 statim
490 601 724 651 evanescentem.
757 599 858 653 eontra
874 593 903 651 in
917 595 1040 653 oriente.
1073 601 1155 655 enti

81 677 154 738 slris
171 677 237 734 vina
256 676 442 754 gentiumque
459 675 562 752 aliquis
578 678 677 753 panis,
694 675 833 753 plurumis
849 694 922 736 vero
942 679 1029 737 etiam
1043 695 1112 756 qua·

108 759 260 838 dripedum
276 760 367 820 cibus.
399 758 587 838 quamobrem
610 762 672 832 iure
694 761 827 820 dicentur
847 769 997 856 extfnae.
1034 761 1113 821 nulla

109 853 155 903 εει
171 841 295 903 initalia
312 852 417 920 sponte
433 845 548 922 genita,
569 845 668 904 necin
684 844 741 903 alia
756 853 838 922 parte
859 854 1000 906 terrarum
1015 847 1070 906 nisi
1085 846 1114 904 iu

109 927 219 1002 calida,
241 927 381 1004 lrugiiera
397 945 468 987 vero
485 935 624 1006 nusquam
638 929 694 987 uisi
707 930 736 986 in
750 928 872 989 fervida.
997 942 1001 949 ’

174 1012 237 1090 (7,)
263 1010 393 1088 Gignitur
409 1012 469 1072 levi
488 1011 685 1091 sabulosaque
702 1021 796 1087 terra,
814 1015 924 1073 maiore
939 1014 967 1072 in
984 1021 1066 1090 parte
1083 1022 1157 1076 etas
1178 1010 1181 1017 ’

72 1097 228 1169 uonitrosa.
255 1095 363 1172 gaudet
377 1097 477 1172 riguis,
492 1105 612 1174 totoque
624 1113 700 1156 anno
710 1096 813 1156 bibere
825 1101 889 1157 euim
903 1106 995 1171 amet,
1007 1097 1115 1157 sitienti
1172 1093 1176 1096 ’

83 1187 85 1194 “
109 1197 126 1240 a
142 1179 208 1238 limo
225 1180 338 1257 quidam
354 1182 439 1238 etiam
455 1179 530 1239 laedi
545 1189 660 1258 putant,
676 1181 864 1256 Assyriorum
874 1199 943 1259 pars
958 1181 1072 1260 aliqua,
1090 1182 1115 1238 si

108 1280 167 1324 uon
186 1265 256 1322 rivis
274 1265 403 1323 misceat.
435 1263 548 1324 Genera
569 1281 668 1324 earum
691 1264 790 1343 plura,
815 1274 845 1324 et
866 1267 956 1343 prima
980 1265 1115 1324 fruticem

109 1361 167 1406 non
180 1347 364 1422 excedentia,
372 1348 502 1408 sterilem
514 1349 599 1423 buno,
611 1347 698 1408 aliubi
711 1357 741 1407 et
751 1349 990 1425 ipsumiertilem,
1002 1348 1113 1408 brevis·

111 1450 167 1510 que
183 1433 262 1492 rami.
293 1429 365 1491 orbe
380 1432 515 1492 foliorum
533 1433 640 1492 tectori
654 1434 749 1492 vicem
764 1431 813 1492 bie
833 1432 993 1510 parietibus
1009 1432 1114 1510 pleris-
1166 1469 1170 1475 -

73 1517 212 1594 usquein
229 1516 303 1576 locis
320 1525 448 1594 praestat
464 1526 563 1576 contra
578 1517 761 1594 aspergines.
785 1526 832 1575 est
848 1525 878 1575 et
893 1515 1111 1594 procerioribus
1122 1525 1157 1580 29
1256 1525 1258 1528 ‘

111 1601 202 1675 silva,
224 1597 330 1659 arbore
350 1618 387 1658 ex
408 1601 471 1677 ipsa
490 1594 627 1677 loliorum
643 1600 748 1660 aculeo
768 1600 922 1660 fruticante
942 1602 1020 1660 circo
1037 1609 1114 1660 totas
1175 1599 1190 1680 J

112 1684 294 1763 pectinatim,
317 1701 388 1761 quas
410 1685 553 1744 silvestris
568 1683 700 1761 intellegi
722 1701 847 1745 neeesse
863 1694 917 1744 est.
947 1686 1058 1744 ineerta
1071 1693 1114 1742 ta·

109 1786 175 1828 men
191 1767 310 1828 libidine
333 1769 418 1827 etiam
442 1765 602 1828 mitioribus
624 1787 657 1828 se
678 1770 811 1828 miscent.
848 1768 980 1847 reliquae
1003 1777 1114 1828 teretes

111 1861 198 1932 atque
221 1869 382 1930 procerae,
409 1852 506 1912 densis
526 1853 713 1931 gradatisque
733 1853 874 1912 corticum
888 1851 1045 1930 pollicibus
1067 1860 1116 1911 aut

74 1953 103 1994 ao
113 1935 233 1994 orbibus
248 1935 344 1994 facilis
358 1936 394 1994 ad
406 1936 601 1996 scandendum
612 1938 732 1996 orientis
744 1955 778 1996 se
790 1935 907 2014 populis
921 1935 1064 2015 praebent
1074 1935 1115 1993 vi·

112 2018 192 2078 tilem
207 2016 262 2076 sibi
275 2016 430 2095 arborique
446 2019 550 2078 indutis
565 2020 704 2079 circulum
715 2021 786 2078 mira
802 2020 973 2097 pernicitate
985 2036 1049 2078 cnm
1062 2019 1114 2078 bo·

113 2104 188 2161 mine
201 2099 380 2168 subeuntem.
405 2099 494 2162 Gema
509 2105 600 2161 omnis
611 2103 640 2160 in
652 2104 801 2161 cacumine
812 2111 844 2162 et
853 2119 968 2180 pomum
978 2112 1040 2177 est,
1054 2111 1157 2164 nendo

113 2187 189 2245 inter
203 2183 274 2242 lolia
289 2183 364 2258 boc,
377 2193 406 2243 ut
422 2187 450 2244 in
463 2174 587 2261 ceteris,
604 2186 658 2244 sed
672 2187 732 2244 suis
746 2187 821 2245 inter
835 2201 933 2246 ramos
948 2186 1114 2263 palmitibus

114 2285 314 2342 racemosum,
334 2278 456 2346 utraque
474 2279 572 2329 natura
587 2287 661 2329 uvae
682 2278 771 2348 atque
785 2270 873 2348 pomi.
904 2269 976 2329 lolia
991 2270 1115 2329 cultrato

79 2370 106 2412 as
117 2369 256 2412 mucrone
273 2351 410 2411 lateribus
433 2355 461 2413 in
477 2371 545 2412 sese
559 2353 646 2414 bilida
661 2352 785 2414 tabellas
800 2355 922 2432 primum
938 2353 1115 2413 demonstra·

114 2455 186 2498 vere
201 2437 341 2512 geminas,
357 2455 431 2497 nuuc
447 2438 482 2498 ad
495 2437 569 2496 lunis
584 2437 763 2516 vitiliumque
780 2455 873 2497 nexus
889 2447 919 2498 et
934 2439 1057 2516 capitum
1072 2437 1114 2496 le·

114 2523 161 2580 via
179 2519 345 2580 umbracula
365 2521 516 2585 finduntur.
557 2521 735 2596 Arboribus,
757 2524 843 2589 immo
863 2523 961 2601 potius
982 2520 1114 2582 omnibus
1124 2530 1157 2584 31

116 2623 191 2684 quac
206 2614 283 2665 terra
299 2606 399 2683 gignat
413 2605 569 2684 herbisque
589 2607 674 2666 etiam
691 2615 842 2685 utrumqne
859 2624 928 2665 esse
939 2608 1042 2672 senuuu'
1053 2604 1116 2665 dili·

116 2689 275 2766 gentissimi
295 2692 415 2751 naturae
430 2691 558 2766 tradunt,
580 2691 659 2768 quod
681 2692 710 2749 in
731 2690 848 2768 plenum
867 2689 938 2749 satis
954 2691 992 2749 sit
1007 2690 1116 2750 dixisse

81 2772 173 2832 aoboc
188 2772 217 2830 iu
232 2770 315 2847 loeo,
337 2773 424 2833 nullis
439 2783 533 2834 tamen
547 2773 701 2834 arboribus
716 2773 904 2835 maniiestius.
933 2790 995 2832 mas
1011 2775 1039 2832 iu
1054 2772 1116 2852 pal·

116 2856 184 2914 mite
200 2853 295 2930 floret,
308 2855 413 2916 femina
428 2859 499 2917 citra
513 2858 614 2918 llorem
624 2859 767 2934 germinat
782 2866 889 2917 tantum
902 2858 1003 2934 spicae
1017 2857 1115 2916 modo.

115 2939 247 3017 utrisque
263 2949 356 3000 autem
372 2942 463 3017 prima
483 2943 610 3001 nascitur
626 2942 704 3018 pomi
722 2957 809 3016 caro,
831 2950 936 3020 postea
952 2941 1059 3018 liguum
1074 2941 1115 2998 in·

115 3034 178 3098 tus,
204 3021 262 3082 boo
285 3031 331 3082 εει
355 3041 455 3084 semen
477 3025 548 3083 eius.
579 3032 804 3101 augmentum,
829 3024 906 3102 quod
921 3041 1031 3103 parvae
1053 3024 1117 3082 sine

115 3107 174 3166 lroc
189 3109 371 3183 reperiuntur
384 3109 412 3168 iu
428 3108 531 3168 eodem
544 3108 672 3186 palmite.
702 3117 857 3168 est-autem
872 3107 1044 3185 oblongum,
1059 3116 1160 3170 nouat

16 3234 21 3276 ¹
83 3197 148 3262 aaut
163 3189 249 3248 olivis
264 3190 470 3267 orbiculatum,
484 3200 639 3270 praeterea
653 3209 770 3252 caesum
781 3209 797 3251 a
809 3193 899 3252 dorso
909 3192 1054 3269 pulvinata
1069 3192 1117 3251 lis·

119 3290 186 3333 sura
207 3280 236 3332 et
257 3276 285 3348 in
305 3274 371 3334 alvo
396 3276 489 3336 media
506 3275 656 3353 plerisque
673 3274 876 3336 umbilicatum.
910 3275 977 3334 inde
997 3275 1118 3354 primum

120 3357 371 3435 spargiturradix.
400 3361 505 3428 seritur
528 3366 623 3418 autem
643 3367 764 3436 pronum
784 3357 894 3418 etbina
914 3361 993 3418 iuxta
1009 3375 1118 3437 conpo-

17 3413 19 3448 ι
120 3442 174 3500 sita
187 3443 294 3502 semina
311 3460 458 3522 superque
470 3443 599 3520 totidem,
614 3444 747 3522 qqouiam
761 3442 890 3516 infirmae
904 3442 1026 3520 singolis
1037 3443 1118 3522 plan·
