2542 3842
88 247 91 255 ,
182 174 223 240 30
341 187 347 196 ·
524 184 554 233 c.
575 184 672 233 amur
694 183 849 259 sucuunq

140 352 191 407 lta
198 341 342 421 phoenice
359 358 394 401 ac
409 340 557 419 Nymphis.
590 341 745 401 Anacreon
759 348 846 418 poeta
861 336 1059 415 Arganthonio
1077 336 1178 397 'l'arte-

181 430 289 487 ciorum
309 426 373 503 regi
396 438 439 487 cu
458 425 556 486 tribuit
577 442 683 499 annos,
707 422 831 498 Cinyrae
852 421 1024 500 Cypriorum
1047 436 1072 481 x
1098 423 1178 481 annis

181 511 318 589 amplius,
336 509 468 587 Aegimio
484 522 535 568 cc.
554 508 759 587 Theopompus
777 506 937 586 Epimenidi
956 503 1063 565 Gnosio
1081 516 1176 581 01111,

46 623 52 638 ·
90 648 92 653 ,
179 593 504 671 llellanicusquosdam
527 595 554 651 in
572 594 687 652 Aetolia
708 591 847 669 Epiorum
865 592 959 667 gentis
981 602 1022 649 cc
1038 590 1176 689 explere,

180 681 225 739 cui
245 678 432 755 adstipulatur
450 676 601 736 Damastes
619 693 780 736 memorans
794 674 958 734 Pictoreum
979 692 1016 733 ex
1036 675 1070 732 iis
1092 691 1176 752 prae·
1189 692 1199 729 s

179 764 292 839 cipuum
309 778 435 840 corpore
452 760 626 859 viribusque
635 761 720 819 etiam
741 770 803 818 ccc
820 759 930 817 vixisse
937 756 1101 836 Ephorus
1122 756 1176 815 Ar-

138 846 296 908 leucadam
321 862 410 921 reges
432 854 494 903 ccc
519 846 614 944 annis,
643 842 812 902 Alexander
833 839 986 901 Cornelius
1008 841 1175 901 Dandonem

178 926 341 1008 quendam
334 947 362 986 ιιι
377 926 494 1001 lllyrioo
509 941 533 986 D
546 929 664 987 vixisse
694 926 888 1004 Xenophon
880 944 908 983 ιιι
923 926 1038 1025 periplo
1054 924 1175 983 Lutrnio·

178 1031 238 1070 rum
255 1012 366 1072 insulae
387 1026 488 1087 regern
507 1024 571 1087 Dc,
593 1010 680 1104 at'que
696 1019 726 1070 ut
745 1028 832 1089 parce
855 1009 989 1069 mentitus
1007 1009 1094 1067 lilium
1114 1010 1175 1067 eius

177 1108 276 1172 lacco,
293 1114 368 1174 quae
385 1097 478 1156 omnia
492 1096 604 1155 inscitia
615 1095 775 1174 temporum
788 1093 963 1154 acciderunt
988 1110 1089 1153 annum
1102 1094 1175 1151 enim
1187 1108 1210 1148 ro

178 1180 225 1239 alii
247 1189 357 1239 aestate
377 1197 461 1238 unum
483 1179 710 1240 determinabant
728 1187 756 1237 et
771 1178 892 1237 alterum
907 1176 1017 1252 hieme,
1037 1176 1085 1235 alii
1106 1194 1174 1254 qua·

177 1263 333 1341 dripartitis
348 1263 541 1341 temporibus,
562 1265 637 1323 sicut
653 1262 782 1322 Arcades
799 1280 918 1342 quorum
936 1262 999 1321 anni
1015 1262 1176 1319 trimestres

150 1360 153 1374 '
175 1347 275 1421 fuere,
293 1349 406 1424 quidam
421 1347 506 1406 lunae
521 1348 604 1407 senio
624 1357 656 1406 ut
671 1346 819 1425 Aegyptii,
850 1348 947 1426 itaque
965 1344 1039 1425 apud
1057 1361 1109 1403 eos
1125 1344 1175 1403 ali-

136 1433 241 1509 156qul
258 1438 287 1488 et
303 1431 415 1508 singula
435 1431 511 1490 milia
529 1448 665 1490 annorum
682 1431 789 1488 vixisse
807 1431 973 1507 produntur.
1009 1428 1067 1488 Sed
1088 1436 1118 1486 ut
1139 1428 1175 1486 ad

100 1556 103 1562 -
175 1514 310 1575 confessa
325 1513 764 1591 transeamus,.Arganthonium
779 1512 945 1573 Gaditanum
961 1514 1109 1589 octoginta
1128 1527 1176 1571 an·
1186 1522 1209 1562 ¹⁵

174 1601 218 1657 nis
229 1615 370 1671 regnasse
380 1615 473 1675 prope
486 1607 595 1656 certum
607 1606 661 1656 est.
679 1604 781 1675 putant
793 1596 1013 1673 quadragesimo
1026 1597 1174 1673 coepisse.

102 1694 114 1702 “
174 1681 353 1741 Masinissam
372 1681 522 1755 sexaginta
544 1682 624 1740 annis
647 1696 787 1756 regnasse
806 1678 992 1739 indubitatum
1014 1689 1074 1752 est,
1103 1678 1175 1739 (lor-

113 1805 116 1810 ,
174 1766 240 1839 giarr
268 1764 394 1822 Siculum
415 1766 528 1822 centum
551 1774 580 1823 et
606 1770 675 1822 octo
695 1764 815 1821 vixisse.
853 1760 888 1833 Q.
911 1758 1015 1821 Fabius
1035 1760 1176 1821 Maximus

173 1847 324 1922 sexaginta
346 1846 439 1905 trihus
462 1847 543 1905 annis
564 1864 656 1923 augur
670 1847 731 1906 luit.
759 1844 799 1904 Μ
817 1844 969 1924 Perpenna
985 1853 1014 1903 et
1028 1845 1175 1921 uuperh.
1260 1838 1261 1887 ι

171 1928 310 1989 Volusius
327 1930 495 1990 Salaminos
510 1933 632 1989 omnium
646 1930 739 2008 quos
730 1941 758 1987 m
774 1929 924 1988 consulatu
940 1928 1109 1988 sententiam
1126 1946 1210 1995 ιιι-ιι

173 2020 313 2090 paverant
330 2014 503 2095 superstites
520 2016 613 2075 luere
642 2014 793 2092 Perpenna
815 2022 926 2090 septem
943 2012 1060 2113 reliquit
1080 2030 1118 2069 ex
1140 2014 1188 2070 iis

81 2101 182 2162 “157
194 2116 268 2178 quos
283 2116 390 2159 censor
407 2099 528 2177 legerat.
554 2099 626 2158 vixit
641 2115 730 2157 annos
746 2108 949 2197 xcvn1.qqa
965 2098 992 2155 in
1007 2115 1040 2155 re
1057 2100 1095 2153 et
1102 2096 1176 2155 illud

172 2185 311 2243 adnotare
333 2185 488 2259 succurrit,
515 2202 599 2242 unum
624 2183 737 2241 omnino
758 2173 977 2260 quinquennium
1001 2180 1091 2241 fuisse
1115 2196 1175 2257 quo

172 2279 291 2328 senator
308 2268 404 2327 nullus
418 2276 595 2341 moreretur
615 2284 678 2326 cum
693 2265 816 2325 Flaccus
839 2274 872 2323 et
889 2264 1010 2325 Albinus
1033 2279 1174 2322 censores
1260 2302 1261 2327 ι

171 2353 290 2412 lustrum
311 2350 470 2409 condidere
478 2368 602 2429 ,usque
626 2350 662 2409 ad
683 2366 839 2427 proxumos
861 2364 1015 2425 censores,
1040 2348 1075 2407 ab
1098 2362 1210 2407 annosa

171 2436 249 2494 urhis
266 2433 495 2509 quingentesimo
511 2435 727 2531 septuagesimo
743 2449 830 2491 nono
865 2430 903 2491 Μ
919 2430 1054 2491 Valerius
1071 2428 1174 2489 Corui-

171 2537 223 2577 nus
239 2528 259 2574 c
276 2530 366 2575 annos
382 2516 520 2615 inplevit,
539 2518 619 2576 cuius
636 2518 710 2575 iuter
728 2518 846 2593 primum
865 2525 893 2573 et
911 2523 1022 2574 sextum
1039 2512 1175 2574 consula·

170 2610 228 2659 tum
250 2612 336 2659 xuvl
357 2601 421 2659 anni
447 2599 540 2658 luere.
576 2600 651 2659 idem
675 2598 749 2657 sella
771 2600 863 2657 curuli
890 2598 981 2657 semel
1005 2616 1039 2657 ac
1060 2600 1175 2657 viciens

156 2682 245 2743 sedit
255 2685 419 2762 ,quotiens
440 2698 525 2741 nemo
548 2682 633 2743 alius.
666 2684 799 2761 aequavit
820 2684 881 2741 eius
900 2684 977 2741 vitae
999 2684 1090 2761 spatia
1112 2680 1174 2740 ble-

129 2766 274 2830 metellus
291 2766 431 2849 pontifex
467 2765 503 2825 Et
526 2784 563 2825 ex
579 2766 692 2826 feminis
709 2766 786 2825 Livia
808 2765 896 2826 Rutili
911 2778 993 2827 xcw
1015 2778 1104 2826 annos
1122 2782 1174 2824 ex·
1185 2782 1210 2825 ao

171 2852 271 2925 cessit,
288 2850 399 2911 Statilia
413 2849 534 2910 claudio
552 2852 684 2929 principe
701 2868 737 2909 ex
748 2849 837 2909 nobili
850 2850 934 2911 domo
950 2852 1104 2927 nonaginta
1122 2866 1175 2908 no-

169 2952 245 3011 vem,
263 2934 400 2996 Terentia
413 2932 565 2995 Ciceronis
576 2947 652 3009 0111,
670 2932 772 2994 Clodia
790 2932 856 2994 Ofili
872 2946 950 3009 cxv,
966 2935 1039 2993 haec
1057 2934 1175 3011 quidem

170 3020 255 3077 etiam
288 3019 371 3079 enixa
401 3020 598 3098 quindeciens.
629 3016 762 3078 *Lucceia
788 3019 870 3077 mima
897 3026 1009 3079 centum
1038 3021 1119 3077 annis
1146 3020 1176 3076 in

170 3118 274 3162 scaeua
290 3104 493 3180 pronuntiavit.
525 3103 638 3164 Galeria
663 3101 786 3181 Copiola
803 3102 971 3162 emboliaria
989 3103 1110 3162 reducta
1128 3110 1176 3161 est

169 3188 197 3245 in
221 3203 355 3245 scaenam
378 3184 412 3245 G.
437 3185 577 3266 Poppaeo
598 3187 633 3260 Q.
657 3186 786 3265 Sulpicio
809 3203 885 3246 coss.
910 3186 984 3247 ludis
1007 3201 1062 3264 pro,
1079 3186 1211 3246 solutast

169 3270 226 3329 divi
244 3268 367 3346 Augusti
382 3270 498 3328 votivis.
530 3288 630 3330 anuum
646 3284 824 3346 vt11.agens
839 3270 980 3348 producta
994 3271 1088 3330 iuerat
1103 3272 1175 3330 tiro·

171 3354 246 3411 cinio
263 3351 329 3411 all.
346 3351 487 3429 Pompilio
504 3351 599 3413 aedile
616 3353 712 3431 plebis
729 3350 762 3411 G.
776 3350 866 3412 llario
884 3351 935 3414 Gn.
949 3350 1085 3427 Carbone
1104 3370 1174 3413 con-

171 3434 280 3492 sulibus
309 3444 374 3494 aute
396 3450 487 3493 annos
514 3446 576 3518 xc,
608 3454 626 3494 a
653 3434 756 3512 blagno
783 3434 921 3515 Pompeio
948 3438 1042 3514 magni
1068 3436 1175 3497 theatri
1260 3468 1261 3477 ι
