2542 3842
72 183 75 195 ·
166 152 223 212 110
367 174 369 178 ·
553 161 650 211 eunus
665 153 814 212 sacuam

162 320 284 398 recepti.
316 314 464 379 llaxumus
485 301 582 377 terrae
606 318 746 377 memoria
766 316 927 377 mortalium
943 316 1052 375 exstitit
1066 326 1161 378 motus

163 402 260 464 'liheri
273 400 406 463 Caesaris
423 402 595 479 principatu,
610 399 667 460 XII
681 400 798 459 urbibus
813 399 1077 459 Asiaeunasnocte
1092 418 1159 478 pro·
1262 419 1263 424 ¹

163 486 268 546 stratis.
282 485 475 545 creberrimus
484 485 591 545 Punico
603 483 684 543 bello
696 485 769 543 intra
782 482 905 543 eundem
916 502 1019 546 annum
1030 486 1161 561 septiens

162 588 198 629 ac
216 569 424 647 quinquagiens
441 570 582 629 nuntiatus
598 567 727 643 Romam,
744 585 802 646 quo
817 567 932 643 quidem
947 584 1021 627 auno
1039 568 1075 627 ad
1091 567 1160 628 Tra·

163 655 300 713 simenum
324 652 416 713 lacum
438 653 606 712 dimicantes
630 669 791 711 maxumum
817 659 923 710 motum
950 668 1045 729 neque
1068 649 1183 711 Poenis

163 750 284 795 sensere
301 753 357 794 nec
372 736 502 794 Romani.
533 732 596 792 Nec
616 751 689 793 vero
714 734 839 812 simplex
859 734 963 794 malum
987 744 1034 794 aut
1050 736 1079 795 in
1096 734 1161 813 ipso

163 828 270 879 tantum
284 827 361 877 mutu
377 817 536 895 periculum
552 824 607 892 est,
629 817 683 876 sed
697 834 750 894 par
766 826 814 876 eut
828 818 918 876 maius
934 826 1060 876 ostento.
1083 836 1162 877 nunr-
1262 823 1263 826 ’

164 921 247 981 quem
269 902 337 960 urbs
359 901 450 959 Roma
475 900 603 975 tremuit,
628 907 659 958 ut
678 916 736 959 non
752 898 839 959 luturi
855 910 975 959 eventus
992 902 1114 961 alicuius
1132 902 1161 961 id

162 986 358 1064 praenuntium
374 991 464 1043 esset.
1020 1030 1025 1035 .

80 1096 83 1103 ·
120 1080 171 1134 201
236 1066 285 1127 85.
311 1064 394 1145 (87.)
417 1065 527 1125 Eadem
550 1068 728 1127 nescentium
743 1084 830 1127 causa
845 1075 987 1127 terrarum
1004 1078 1067 1144 est,
1097 1086 1160 1127 cunr
1172 1090 1197 1131 ιο

162 1152 238 1211 idem
253 1150 304 1210 ille
322 1150 437 1228 spiritus
453 1150 612 1210 attollendo
628 1160 735 1228 potens
750 1152 815 1211 solo
827 1152 984 1211 nonvaluit
997 1169 1160 1229 erumpere.

162 1233 324 1294 Nascuntur
343 1236 433 1308 enim,
449 1252 504 1293 nec
520 1233 663 1294 fluminum
678 1242 785 1295 tantum
799 1236 930 1309 invectu,
948 1236 1021 1295 sicut
1037 1234 1161 1294 EchIna·
1262 1237 1264 1318 ξ

164 1318 216 1379 des
231 1317 342 1377 insulae
364 1318 401 1376 ah
418 1316 552 1377 Acheloo
576 1336 659 1377 amne
676 1327 834 1393 congestae
852 1319 1002 1395 maiorque
1018 1335 1087 1396 pars
1102 1317 1160 1376 Ae·

101 1396 106 1401 ’
163 1404 244 1479 gypti
267 1400 363 1460 aNilo
381 1402 410 1458 in
433 1418 516 1478 quam
538 1420 554 1460 a
576 1400 671 1460 Pharo
694 1400 786 1459 insula
808 1402 905 1458 noctis
920 1409 950 1459 et
972 1402 1029 1461 diei
1048 1416 1161 1459 cursum

165 1485 254 1559 luisse
272 1482 399 1542 Homero
418 1483 577 1556 credimus,
595 1501 652 1541 nee
666 1500 787 1541 recessu
803 1484 900 1556 maris,
919 1484 992 1542 sicut
1007 1483 1083 1542 idem
1100 1480 1198 1543 Cir-1⁵

145 1568 245 1642 'ceis‚
274 1565 352 1643 quod
373 1560 516 1625 accidisse
542 1572 571 1623 et
595 1566 623 1623 in
640 1564 814 1624 Ambraciae
830 1572 916 1642 portu
938 1566 1042 1625 decern
1056 1565 1164 1624 milium

165 1668 298 1727 passuum
318 1648 470 1708 intervallo
493 1656 521 1706 et
542 1646 758 1706 Atheniensium
780 1650 906 1725 quinque
932 1648 1039 1707 milium
1061 1647 1097 1706 ud
1117 1647 1162 1706 Pi·

164 1750 281 1800 raeeum
303 1740 492 1806 memoretur,
517 1739 546 1790 et
562 1728 673 1808 Ephesi
697 1730 745 1789 uhi
768 1730 911 1809 quondam
931 1730 1034 1790 aedem
1051 1730 1163 1790 Dianae
1262 1795 1264 1804 ,

164 1814 308 1875 adluebat.
338 1813 489 1872 Herodoto
517 1813 632 1890 quidem
658 1814 682 1872 si
706 1814 867 1888 credImus,
895 1831 974 1873 mare
1001 1814 1052 1873 luit
1075 1830 1163 1892 supra
1262 1827 1264 1898 j

164 1896 317 1975 Memphim
331 1914 422 1974 usque
439 1895 475 1955 ad
489 1895 664 1974 Aethiopum
678 1897 792 1970 montis,
808 1897 934 1974 itemque
950 1914 966 1957 a
980 1896 1074 1974 plenis
1088 1895 1162 1956 Ara·
1171 1922 1200 1964 20

164 1979 246 2055 hiae,
269 1997 346 2039 mare
370 1981 447 2039 elrca
469 1978 550 2039 Ilium
574 1988 602 2039 et
624 1988 684 2040 tuta
708 1978 882 2039 Teuthranie
903 1998 1018 2058 quaque
1041 1996 1161 2057 campos
1262 2047 1264 2058 Ι

163 2063 288 2123 intulerit
303 2062 469 2122 Maeander.
1262 2127 1264 2132 ,

121 2154 172 2206 202
235 2144 284 2207 86.
304 2144 387 2225 (88.)
409 2143 571 2205 Nascuntur
592 2155 622 2205 et
647 2146 703 2205 elio
724 2146 810 2205 modo
833 2153 929 2206 terrae
945 2163 979 2205 ae
995 2154 1117 2224 repente
1132 2146 1162 2205 iu
1262 2137 1264 2186 ἶ

164 2229 260 2307 aliquo
275 2231 350 2289 muri
361 2238 511 2305 emergunt
524 2229 604 2289 velut
618 2230 699 2307 paria
710 2247 809 2289 secum
822 2227 948 2289 iaciente
959 2237 1059 2288 natura
1072 2246 1161 2308 quee-

164 2330 220 2389 que
235 2312 361 2372 hauserit
376 2312 469 2373 hiatus
486 2313 542 2372 aliu
559 2312 628 2371 loco
641 2312 793 2372 reddente.
1172 2334 1199 2374 aa

227 2393 276 2455 87.
302 2395 384 2472 (89.)
409 2392 513 2452 Clarae
538 2394 723 2471 iampridem
745 2393 856 2453 insulae
877 2393 970 2453 Delos
985 2403 1021 2453 et
1041 2392 1163 2453 Rhodos

165 2479 319 2535 memoriae
345 2476 503 2553 produntur
529 2485 641 2534 enatae.
673 2484 777 2552 postea
799 2476 942 2552 minores,
968 2477 1041 2537 ultra
1064 2475 1164 2535 Helen

166 2560 303 2637 Anaphe,
328 2559 402 2618 inter
417 2557 551 2616 Lemnum
575 2567 603 2617 et
618 2557 840 2634 Hellespontum
855 2557 954 2635 Neae,
977 2561 1052 2618 inter
1068 2558 1162 2619 hehe·

167 2643 231 2702 dum
243 2651 272 2700 et
280 2641 361 2701 Teon
369 2640 492 2717 Halone,
505 2638 731 2715 interCycledas
741 2638 919 2719 Olympiadis
930 2640 1072 2702 CXXXV.
1085 2658 1161 2701 anno

166 2734 267 2802 quarto
284 2724 377 2784 Thera
398 2732 427 2782 et
448 2723 602 2799 Therasia,
627 2724 702 2782 inter
723 2724 842 2783 easdem
860 2734 928 2803 post
950 2740 1040 2785 annos
1055 2722 1163 2784 CXXX
1172 2742 1200 2783 eo

165 2806 251 2868 Hiera
267 2808 427 2885 eademque
440 2806 605 2880 Automate,
615 2815 650 2865 ‘et
665 2806 701 2865 ah
714 2823 749 2865 ea
759 2806 873 2867 duobus
884 2808 983 2868 stadiis
995 2816 1062 2885 post
1072 2824 1164 2867 uuuos

165 2886 217 2949 CX
231 2893 373 2950 innostro
390 2906 463 2949 aevo
479 2887 517 2948 Μ.
535 2888 615 2949 lunio
632 2889 731 2949 Silano
747 2888 778 2948 L.
794 2889 886 2951 Balbo
903 2907 979 2950 coss.
996 2907 1022 2949 a.
1039 2890 1067 2949 d.
1082 2887 1161 2948 vlu.
1262 2928 1264 2965 i

164 2969 231 3033 Idus
246 2973 332 3033 lulias
349 2972 429 3034 Thia.
894 3022 899 3025 .
1262 2983 1264 3036 ἰ

123 3060 175 3115 203
238 3054 287 3115 88.
304 3055 380 3113 Ante
395 3071 450 3115 nos
465 3064 494 3114 et
508 3056 584 3114 iuxta
600 3054 711 3115 ltaliam
725 3056 800 3115 iuter
815 3054 937 3113 Aeolias
951 3054 1077 3129 insulas,
1092 3052 1162 3112 item
1262 3061 1264 3068 '

165 3140 243 3197 iuxta
259 3135 375 3196 Cretam
400 3139 517 3197 emersit
533 3136 616 3196 Hllll
639 3155 775 3214 passuum
795 3154 851 3196 una
872 3152 936 3195 cum
959 3136 1060 3195 calidis
1075 3135 1203 3194 fonti-as
1262 3201 1264 3204 ¹

165 3220 235 3295 bus,
262 3220 351 3279 altere
372 3218 549 3296 Olympiadis
565 3216 688 3279 CLXIII.
714 3234 789 3280 anno
802 3216 890 3279 tertio
913 3219 942 3276 in
965 3217 1060 3277 'lusco
1086 3218 1159 3292 sinu,
1194 3290 1199 3293 Ι
1262 3221 1264 3264 i

166 3302 290 3378 flagrans
305 3301 379 3361 haec
393 3301 522 3360 ululento
538 3318 603 3360 cum
618 3300 695 3359 datu.
724 3302 914 3380 proditurque
931 3300 1087 3362 memoriae
1102 3317 1161 3359 ma-

165 3403 221 3460 gna
238 3386 314 3444 olrca
329 3384 407 3444 illam
421 3382 598 3443 multitudine
615 3384 737 3461 plsciom
751 3383 879 3444 fluitante
895 3383 1047 3443 confestim
1063 3382 1161 3461 exspi-
