2542 3842
170 147 232 211 240
518 155 547 204 c.
564 153 826 202 anrsuouum

128 323 164 378 bii
237 312 323 389 (15.)
342 310 415 372 lluic
427 309 527 370 similla
538 309 744 389 quadamtenus
756 316 964 386 quaevoeatur
974 306 1084 384 Cypria
1102 307 1189 366 ficus

174 398 202 458 iu
214 393 311 457 breta.
340 412 404 454 nam
420 402 450 454 et
470 393 519 453 illa
531 393 650 453 caudice
666 395 731 470 ipro
747 393 805 452 fert
818 409 934 471 pomum
950 400 979 450 et
993 392 1090 464 rania,
1112 408 1188 449 eum

172 482 200 539 in
216 477 436 542 crassitudinem
448 476 623 551 adolevere,
641 476 694 536 aed
708 477 784 537 baec
797 493 919 553 germen
933 475 1035 534 emittit
1051 475 1120 533 aine
1137 474 1187 534 nl·

171 564 207 626 lia
222 563 302 626 loliis
314 562 405 622 radici
423 561 527 622 simile.
554 561 668 621 caudex
683 561 798 621 arboris
813 560 913 619 similia
928 559 1055 639 populo,
1073 558 1187 618 iolium

171 648 258 710 ulmo.
283 646 393 708 fructus
404 653 559 723 quaternos
571 643 673 719 fundit,
691 647 798 703 totiena
810 653 840 703 et
850 645 1001 721 germinat.
1023 643 1077 702 aed
1089 659 1186 719 gros·
1198 656 1209 694 t

173 751 222 795 aus
239 732 300 790 eiua
316 747 373 790 uon
387 729 555 790 maturescit
574 729 628 788 nisi
648 730 774 788 incisum
796 727 902 788 eniam
924 728 1010 788 lactc.
1048 729 1186 786 suavitas

172 825 202 876 et
218 816 356 876 interiora
370 813 435 888 lici,
451 812 617 889 magnitudo
633 812 723 873 sorbi.

130 909 165 963 59
240 896 270 960 8.
288 898 372 976 (16.)
389 897 496 958 Similis
508 905 538 955 et
549 914 631 974 quam
649 896 735 957 lones
754 900 918 957 cerauniam
931 904 1055 971 vocant,
1072 905 1184 956 trunco

175 983 288 1060 etipsa
316 981 437 1056 fertilis,
465 997 581 1058 pomum
604 980 719 1058 siliqua.
749 981 787 1040 ob
808 980 836 1039 id
864 982 979 1058 quidam
998 981 1184 1058 Aegyptiam

174 1068 260 1128 licum
276 1065 376 1128 dixere
398 1082 498 1124 errore
513 1063 676 1124 macilento.
708 1082 775 1125 non·
789 1066 864 1124 enim
883 1067 911 1123 in
923 1065 1061 1142 Aegypto
1082 1067 1210 1124 nasci-tt

175 1160 237 1226 tur,
255 1150 309 1210 aed
326 1152 355 1210 iu
373 1150 457 1222 Suria
473 1147 611 1224 ioniaque
629 1157 660 1207 ct
678 1150 756 1227 cirea
771 1146 890 1226 Cnidum
905 1157 993 1228 atque
1013 1149 1042 1206 in
1057 1147 1181 1221 ilbodo,

174 1251 292 1312 semper
314 1233 495 1294 comantibus
525 1231 623 1306 ioliia,
652 1231 734 1302 llore¹
752 1231 874 1292 madido
903 1249 968 1290 eum
992 1231 1181 1291 vehementia

175 1317 291 1392 odoris
308 1316 469 1394 plantigera
487 1317 550 1378 inuia
566 1315 696 1393 partibus
709 1315 817 1376 etideo
830 1315 986 1394 superficie
999 1315 1179 1389 durescens,
1238 1332 1239 1337 ¹

176 1419 276 1462 aucum
291 1401 443 1462 auferente
460 1400 574 1462 subole.
601 1416 689 1476 pomo
704 1400 904 1460 antecedentia
918 1400 983 1460 anni
998 1401 1077 1458 circa
1096 1402 1179 1459 cauis

65 1547 73 1572 ,
99 1496 104 1501 ’
176 1494 258 1546 ortus
274 1483 406 1546 detracto
422 1487 516 1546 atatim
531 1483 653 1544 alterum
669 1486 761 1563 parit,
784 1491 889 1562 postca
908 1482 994 1545 floret
1009 1501 1064 1561 per
1079 1493 1176 1544 aretu-
1186 1501 1205 1539 ιι

175 1588 253 1642 rum,
270 1567 364 1630 bieme
381 1568 457 1628 letus
473 1569 535 1628 eiua
551 1569 705 1626 nutriente.

132 1665 169 1717 60
243 1614 272 1712 9
296 1652 379 1729 (17.)
403 1652 555 1748 Aegyptus
572 1661 602 1710 et
616 1651 763 1711 Persicam
778 1652 912 1711 arborem
927 1654 971 1710 ani
991 1653 1111 1727 generis
1126 1652 1175 1708 ba·

174 1738 252 1810 bet,
262 1734 384 1794 similem
403 1723 483 1831 piro,
510 1734 582 1794 lolia
595 1735 776 1794 retinentem.
806 1735 940 1795 fertilitas
962 1735 1079 1795 adsidua
1097 1735 1172 1808 eiua,

175 1817 369 1906 eubnasoente
383 1817 632 1892 crastinolruetu
648 1819 795 1878 mataritae
811 1822 966 1879 etesiarum
977 1819 1089 1879 addam
1115 1833 1171 1894 po-

174 1920 249 1962 mum
272 1898 386 1977 longius
407 1904 487 1979 piro,
517 1901 659 1962 inclusum
682 1903 854 1979 amygdalae
870 1905 1013 1982 putamine
1036 1911 1066 1960 et
1080 1902 1210 1975 coriam

108 2016 113 2038 ι
175 1985 279 2048 colore
294 1985 434 2060 herbido,
451 1985 505 2046 aed
522 1986 572 2046 nbi
587 2003 645 2046 nux
660 1987 718 2060 titi,
735 1985 802 2046 baie
822 2005 941 2065 prunam
957 1986 1095 2046 differens
1108 1985 1177 2044 bre·

177 2071 266 2131 vitate
281 2069 515 2144 conciliatam,
533 2071 663 2147 quamuis
680 2070 842 2130 blandiatur
857 2068 1023 2148 praedulcis
1035 2071 1177 2143 suavius,

134 2161 168 2215 61
179 2155 340 2218 innocuum.
375 2153 679 2229 materiatarum,
708 2154 892 2228 firmitudine,
919 2154 1033 2230 nigritia
1058 2169 1179 2230 quoqne

176 2236 245 2298 nihil
267 2236 439 2298 diderenaa
463 2237 534 2304 loto.
570 2237 723 2298 simulacra
740 2245 770 2296 et
792 2256 829 2297 ex
848 2255 882 2296 ea
896 2237 1079 2297 iactitavere.
1119 2254 1179 2295 non

177 2320 278 2380 eadem
295 2321 405 2396 gratia,
423 2337 592 2399 quamquam
608 2321 686 2382 tideli
703 2325 838 2396 materie,
853 2339 891 2380 ex
905 2321 1011 2382 arbore
1025 2337 1111 2398 mam
1127 2320 1210 2380 barn

142 2429 166 2468 ιι
179 2404 273 2464 lanum
289 2403 513 2480 appellavimus,
537 2423 641 2482 magua
656 2415 791 2483 exparte
806 2414 967 2466 contortae.
984 2405 1105 2470 ,naualis
1125 2406 1179 2464 ita·

176 2506 233 2566 que
248 2496 356 2550 tantum
372 2495 426 2547 eat.

134 2568 168 2632 69
243 2569 328 2646 (18.)
350 2569 393 2630 At
413 2571 563 2634 ediverso
578 2573 643 2632 caci
661 2572 690 2630 in
702 2589 807 2647 magno
821 2572 949 2647 bonore,
971 2573 1080 2650 palmae
1095 2571 1178 2638 simi-

177 2656 232 2728 lis,
247 2653 360 2730 quando
381 2662 409 2714 et
425 2657 487 2716 eiua
503 2655 582 2717 loliis
594 2664 711 2716 utuntur
723 2655 758 2716 ad
772 2655 892 2715 textilia.
925 2654 1037 2732 diliert,
1053 2654 1133 2733 qaod
1148 2658 1181 2714 iu
1201 2696 1204 2704 ·

177 2735 314 2800 bracchia
332 2755 476 2805 ramorum
493 2740 648 2817 spargitur.
680 2733 768 2817 porao'
786 2739 950 2815 magnitudo
970 2757 1047 2819 qaae
1063 2755 1212 2800 manumet

176 2819 303 2898 inpleat,
324 2823 540 2899 coloniolam,
559 2823 780 2887 commendabili
800 2841 872 2883 anco
888 2841 927 2882 ea
947 2833 1065 2883 anetero
1087 2823 1180 2884 dalei.

177 2905 285 2981 lignum
300 2907 376 2969 intua
394 2909 506 2982 mande
526 2907 684 2984 firmaeque
699 2906 838 2983 duritiae,
860 2925 898 2966 ox
921 2924 979 2986 qao
1001 2909 1111 2967 velaria
1128 2910 1180 2969 de·

176 2998 290 3053 ternant
306 2989 419 3053 anulos.
458 2994 487 3052 in
506 3008 543 3052 eo
559 2991 678 3052 nucleus
695 2991 806 3066 dulcis,
831 2991 896 3051 dum
910 3009 1016 3052 recena
1034 3002 1089 3052 est
1120 2996 1180 3053 aie·

178 3082 259 3134 catus
275 3073 402 3136 durescit
420 3075 455 3136 ad
473 3076 609 3138 inlinitum
625 3085 656 3134 ut
673 3076 768 3136 mandi
790 3091 846 3134 non
863 3078 958 3154 pontit
971 3077 1026 3134 nini
1045 3077 1181 3154 pluribus

179 3156 281 3218 diebus
303 3167 477 3221 maceratae.
511 3160 648 3220 materian
671 3160 822 3238 crispioris
843 3159 1007 3237 elegantiae
1032 3169 1063 3219 et
1087 3159 1216 3224 obadia

177 3239 275 3312 Peraia
290 3243 462 3316 gratissima

134 3329 169 3384 63
245 3323 328 3419 (19)
351 3322 415 3384 Nec
435 3326 527 3386 minua
542 3327 623 3423 apina
646 3327 838 3386 celebratur
829 3345 858 3386 ιι
873 3329 974 3388 eadem
988 3337 1076 3404 gente
1098 3328 1182 3389 dum

164 3412 256 3466 taxat
273 3407 377 3482 nigra,
394 3409 528 3483 quoniam
545 3409 711 3486 incorrupta
723 3411 809 3470 etiam
828 3413 857 3470 in
872 3413 956 3490 aquia
971 3412 1068 3486 durat,
1091 3411 1133 3472 ob
1150 3414 1183 3473 id
