2542 3842
190 126 250 189 108
277 172 282 181 .
532 140 561 185 c.
580 138 678 185 annu
693 138 843 186 saeuum

143 298 245 359 ttttas
261 294 362 371 visque
373 294 401 353 in
412 291 509 351 tabem
520 296 690 371 margaritas
701 296 833 355 resolvit.
855 294 979 371 gerebat
992 291 1109 353 auribus
1124 312 1188 354 curn

182 394 314 436 maxume
330 375 477 453 singulare
493 377 563 437 illud
582 385 611 437 et
626 396 697 437 vere
707 380 821 438 unicum
833 388 961 460 naturae
979 395 1063 455 opus.
1087 379 1188 455 itaque

185 470 376 539 exspectante
393 460 519 519 Antonio
535 461 668 537 quidnam
685 472 766 523 esset
779 472 880 522 actura
891 462 1050 522 detractum
1065 461 1186 521 alterum

183 546 283 606 mersit
314 562 349 605 ao
372 545 558 642 liquefactum
585 544 744 605 obsorbuit.
785 547 884 605 iniecit
909 546 994 606 alteri
1017 544 1183 604 manumb.

183 628 321 703 Plancus,
338 628 425 687 iudex
448 630 614 725 sponsionis
636 630 716 705 eins,
740 648 805 689 eum
826 646 943 708 quoque
967 630 1088 727 paranti,
1101 628 1205 687 similis

183 713 270 774 modo
296 712 465 787 absumere,
495 713 661 811 victumque
687 675 841 774 A’ntonium
868 714 1061 798 pronuntiavit
1092 714 1184 771 omine

183 805 255 855 rato.
289 796 439 855 comitatur
460 796 533 855 lama
555 798 666 855 unionis
697 800 759 855 eius
781 816 880 876 parem
908 806 991 894 napta
1015 796 1065 856 illa
1089 804 1185 856 tantae

119 902 121 913 ·
183 881 361 979 quaestionis
375 880 497 939 victrice
513 882 613 956 regina
625 880 791 956 dissectum,
804 890 835 941 ut
851 889 931 940 esset
944 882 972 939 in
985 882 1116 959 utrisque
1128 880 1184 940 Ve-

183 966 261 1023 neris
276 963 392 1024 auribus
410 962 543 1023 Romae'
535 982 563 1021 ιιι
582 963 710 1024 Pantheo
727 966 847 1026 dimidia·
858 981 957 1024 eorum
972 981 1053 1023 cena.

141 1058 190 1109 lta
260 1047 346 1125 (59.)
370 1045 434 1105 Non
454 1046 550 1107 ierant
567 1056 661 1106 tamen
677 1049 751 1109 bano
766 1049 906 1127 palmam,
928 1048 1184 1126 spoliabunturque
1194 1060 1215 1101 ιι

150 1194 155 1201 ,
183 1133 268 1191 etiam
284 1131 413 1191 luxuriae
438 1131 542 1207 gloria.
574 1134 655 1210 prior
677 1132 705 1192 id
723 1134 835 1193 iecerat
856 1132 965 1192 llomae
987 1134 1015 1191 in
1035 1131 1185 1191 unionibus

180 1230 302 1291 maguae
318 1216 471 1275 taxationis
491 1213 608 1275 Clodius
623 1218 757 1293 tragoedi
772 1212 884 1293 Aesopi
899 1216 992 1291 lilius,
1013 1215 1133 1275 relictus
1148 1215 1183 1273 ab

183 1316 219 1357 eo
236 1300 264 1357 iu
279 1300 381 1376 amplis
404 1298 508 1377 opibus
530 1299 634 1376 ireres,
653 1319 690 1359 ne
713 1302 890 1359 triumviratu
910 1317 963 1359 suo
987 1301 1069 1359 nimis
1084 1318 1183 1377 super·

183 1383 244 1442 hiat
268 1382 409 1441 Antonius
431 1399 524 1461 paene
550 1383 681 1443 histrioni
705 1394 895 1464 conparatus,
919 1393 948 1443 et
971 1384 1087 1461 quidem
1108 1382 1184 1442 nulla
1246 1417 1250 1488 Ι

183 1468 341 1545 sponsione
363 1465 399 1526 ad
420 1466 477 1527 boo
491 1467 651 1542 producto,
677 1485 734 1545 qno
757 1471 850 1545 magis
874 1469 985 1544 regium
1001 1468 1063 1541 liat,
1088 1467 1142 1526 sed
1155 1475 1185 1525 nt
1194 1477 1213 1515 ¹⁵

72 1608 74 1613 .
183 1550 366 1628 experiretur
381 1552 409 1609 in
424 1550 519 1625 gloria
534 1552 621 1628 palati
643 1552 775 1629 quidnam
791 1560 928 1630 saperent
943 1551 1129 1628 margaritae,
1145 1560 1183 1608 at-

184 1650 240 1709 que
256 1640 287 1690 ut
302 1635 373 1692 mire
388 1633 539 1710 placuere,
556 1652 593 1692 ne
610 1636 692 1694 solus
707 1634 765 1695 boo
781 1638 886 1708 sciret,
912 1634 1042 1731 singulos
1063 1636 1186 1693 uniones

140 1725 190 1778 123
199 1730 328 1775 convivus
341 1732 457 1795 qnoque
477 1716 679 1776 absorbendos
698 1718 785 1777 dedit
816 1716 959 1775 Romae
950 1736 978 1775 ru
991 1720 1186 1793 promiscuum

183 1815 218 1859 ao
233 1798 416 1877 frequentem
433 1818 514 1859 usum
525 1800 642 1859 venisse
658 1799 886 1860 Alexandream
898 1800 1039 1859 dioionem
1055 1801 1183 1873 redacta,

181 1885 302 1961 primum
321 1893 415 1943 autem
429 1884 567 1961 coepisse
587 1886 665 1944 eirea
678 1885 797 1944 Sullana
813 1894 944 1972 tempora
958 1884 1080 1942 minutas
1097 1894 1127 1945 et
1145 1885 1182 1942 vi·
1191 1904 1214 1943 ιι

130 2006 132 2015 ι
182 1966 218 2026 lis
235 1967 404 2029 Fenestella
424 1969 509 2029 tradit
530 1968 683 2028 manifesto
699 1986 816 2044 errore,
840 1986 903 2027 oum
922 1968 1023 2027 Aelius
1046 1968 1122 2041 Stilo
1142 1968 1182 2028 Iu-

180 2052 316 2128 gurthino
339 2053 422 2113 bello
442 2055 576 2112 unionum
600 2070 706 2113 nornen
723 2054 820 2131 inponi
837 2070 899 2112 euru
915 2069 1047 2111 maxume
1068 2036 1181 2128 grandi-

180 2135 234 2195 bus
251 2138 414 2215 margaritis
431 2138 545 2215 prodat

140 2228 192 2283 124
262 2222 347 2300 (60.)
371 2220 408 2279 Et
428 2221 485 2283 lroo
506 2229 601 2281 tamen
623 2230 762 2281 aeternae
782 2231 877 2301 prope
904 2220 1102 2299 possessionis
1129 2228 1221 2282 est.

183 2307 315 2385 seqnitur
331 2305 506 2381 heredem,
497 2322 526 2363 m
534 2307 734 2383 mancipatum
749 2308 828 2365 venit
843 2314 873 2363 ut
889 2303 1038 2382 praedium
1054 2301 1215 2380 aliquodue

182 2387 336 2460 conchylia
351 2395 380 2445 et
397 2404 539 2464 purpuras
556 2390 648 2447 omnis
667 2388 740 2448 bora
757 2390 871 2463 atterit,
889 2385 992 2465 quibus
1012 2386 1114 2448 eadem
1124 2402 1184 2444 ma·
1251 2443 1253 2451 ,

140 2482 242 2535 linter
254 2470 365 2528 luxuria
377 2470 458 2548 paria
470 2486 564 2547 paene
577 2474 662 2531 etiam
673 2474 834 2547 margaritis
846 2472 940 2549 pretia
952 2469 1031 2529 iecit.
1051 2469 1099 2529 36.
1112 2468 1184 2527 Pur·

180 2567 272 2635 purae
293 2554 393 2612 vivont
417 2555 497 2633 arms
508 2551 669 2632 plurumum
687 2558 826 2633 septenis,
859 2554 949 2613 latent
971 2555 1044 2612 siout
1057 2552 1185 2611 murices

78 2662 80 2673 ι
182 2637 350 2697 niroacanis
372 2647 465 2697 ortunr
480 2639 598 2698 tricenis
613 2638 724 2697 diebus.
757 2647 971 2715 congregantur
994 2650 1082 2696 verno
1109 2642 1183 2694 tem·
1251 2647 1252 2720 q

180 2736 265 2797 pore,
275 2732 459 2800 mutuamque
471 2722 567 2780 attritu
580 2723 720 2782 lentorem
732 2721 880 2783 cuiusdam
893 2738 979 2780 cerae
992 2721 1122 2781 salivaut.
1147 2721 1183 2778 si·
1193 2731 1216 2772 ιο
1251 2749 1252 2790 3

180 2804 239 2864 mili
256 2805 342 2865 modo
361 2814 391 2864 et
406 2807 541 2881 murices,
559 2806 611 2865 sed
631 2822 777 2883 purpurae
798 2806 900 2865 liorem
922 2804 1002 2883 illum
1019 2803 1183 2880 tinguendis
1251 2827 1252 2876 3

97 2950 100 2959 ,
117 2892 124 2905 ‘
139 2894 191 2951 126
198 2890 356 2969 expetitum
372 2888 504 2949 vestibus
519 2891 547 2947 in
562 2890 668 2959 ,mediis
686 2889 793 2950 babent
814 2888 957 2949 faucibus.
988 2886 1122 2965 Liquoris
1137 2885 1184 2967 bie

179 2974 295 3033 minnmi
312 2981 357 3031 est
377 2972 406 3031 iu
427 2973 547 3034 candida
567 2988 642 3033 rena
667 2974 743 3033 nude
764 2975 911 3052 pretiosus
931 2972 982 3031 ille
999 2971 1119 3046 bibitur,
1141 2972 1182 3028 ni-

179 3058 289 3133 grantis
303 3066 391 3116 rosae
408 3057 510 3117 nolore
526 3056 692 3118 sublucens.
717 3058 859 3136 reliquom
874 3072 981 3135 eorpus
994 3054 1110 3115 sterile.
1139 3054 1180 3112 vi·

180 3157 232 3200 vas
250 3156 357 3219 capere
380 3140 565 3216 contendunt,
585 3142 651 3219 quia
670 3155 733 3199 cum
754 3143 812 3200 vita
832 3159 931 3201 sucum
954 3157 1019 3198 enm
1035 3146 1215 3197 evomentes

181 3231 210 3283 et
225 3222 381 3282 maioribus
399 3224 513 3301 quidem
529 3226 663 3303 purpuris
686 3224 814 3285 detracta
837 3224 947 3283 concha
967 3224 1110 3297 auferunt,
1133 3223 1184 3281 mi-

180 3322 269 3365 nores
291 3322 355 3365 ourn
378 3314 453 3366 testa
473 3310 555 3367 vivas
575 3308 727 3383 frangunt,
749 3310 788 3368 ita
817 3308 929 3367 demum
950 3325 1020 3380 eunq
1037 3324 1197 3384 exspueny

139 3396 189 3450 127
197 3394 242 3447 tis.
274 3389 343 3464 Tyri
358 3391 531 3467 praecipuus
547 3390 593 3449 bio
610 3390 711 3466 Asiae,
733 3393 762 3450 iu
776 3392 911 3470 bleninge
926 3392 1044 3453 Africae
1064 3398 1094 3450 et
1109 3388 1183 3451 (lae-
1251 3429 1252 3500 p

1251 3547 1252 3580 l
