<?xml version="1.0" encoding="UTF-8"?>
<!DOCTYPE html PUBLIC "-//W3C//DTD XHTML 1.0 Transitional//EN"
    "http://www.w3.org/TR/xhtml1/DTD/xhtml1-transitional.dtd">
<html xmlns="http://www.w3.org/1999/xhtml" xml:lang="en" lang="en">
 <head>
  <title>
</title>
<meta http-equiv="Content-Type" content="text/html;charset=utf-8" />
  <meta name='ocr-system' content='tesseract 3.04.00' />
  <meta name='ocr-capabilities' content='ocr_page ocr_carea ocr_par ocr_line ocrx_word'/>
</head>
<body>
  <div class='ocr_page' id='page_1' title='image "./cplinisecundina25plingoog_0565.png"; bbox 0 0 2542 3842; ppageno 0'>
   <div class='ocr_carea' id='block_1_1' title="bbox 319 150 1208 284">
    <p class='ocr_par' dir='ltr' id='par_1_1' title="bbox 319 150 1208 284">
     <span class='ocr_line' id='line_1_1' title="bbox 319 150 1208 284; baseline 0.01 -40"><span class='ocrx_word' id='word_1_1' title='bbox 319 200 399 284; x_wconf 62' lang='lat' dir='ltr'><strong>mnu.</strong></span> <span class='ocrx_word' id='word_1_2' title='bbox 418 198 508 246; x_wconf 80' lang='lat' dir='ltr'><strong>rursu.</strong></span> <span class='ocrx_word' id='word_1_3' title='bbox 525 199 587 247; x_wconf 86' lang='lat' dir='ltr'><strong>xrr.</strong></span> <span class='ocrx_word' id='word_1_4' title='bbox 604 193 725 252; x_wconf 75' lang='lat' dir='ltr'><strong>au-uo.</strong></span> <span class='ocrx_word' id='word_1_5' title='bbox 743 150 890 271; x_wconf 68' lang='lat' dir='ltr'><strong>(ta-bo.)</strong></span> <span class='ocrx_word' id='word_1_6' title='bbox 1045 189 1107 252; x_wconf 81' lang='lat'><strong>227</strong></span> <span class='ocrx_word' id='word_1_7' title='bbox 1203 235 1208 243; x_wconf 85' lang='lat'>.</span> 
     </span>
    </p>
   </div>
   <div class='ocr_carea' id='block_1_2' title="bbox 16 347 1205 3460">
    <p class='ocr_par' dir='ltr' id='par_1_2' title="bbox 167 347 1106 437">
     <span class='ocr_line' id='line_1_2' title="bbox 167 347 1106 437; baseline 0.006 -24"><span class='ocrx_word' id='word_1_8' title='bbox 167 353 216 414; x_wconf 80' lang='lat'><strong>25.</strong></span> <span class='ocrx_word' id='word_1_9' title='bbox 245 354 330 432; x_wconf 81' lang='lat'>(54.)</span> <span class='ocrx_word' id='word_1_10' title='bbox 359 352 418 412; x_wconf 87' lang='lat' dir='ltr'><strong>Sed</strong></span> <span class='ocrx_word' id='word_1_11' title='bbox 439 347 568 414; x_wconf 85' lang='lat' dir='ltr'><strong>omnibus</strong></span> <span class='ocrx_word' id='word_1_12' title='bbox 590 355 729 416; x_wconf 88' lang='lat' dir='ltr'><strong>odoribus</strong></span> <span class='ocrx_word' id='word_1_13' title='bbox 750 357 914 436; x_wconf 82' lang='lat' dir='ltr'><strong>praefertur</strong></span> <span class='ocrx_word' id='word_1_14' title='bbox 936 347 1106 437; x_wconf 77' lang='lat' dir='ltr'><strong>balsamum,</strong></span> 
     </span>
    </p>

    <p class='ocr_par' dir='ltr' id='par_1_3' title="bbox 16 436 1107 690">
     <span class='ocr_line' id='line_1_3' title="bbox 16 436 1107 517; baseline 0.005 -19"><span class='ocrx_word' id='word_1_15' title='bbox 16 452 19 486; x_wconf 64' lang='lat' dir='ltr'><strong>t</strong></span> <span class='ocrx_word' id='word_1_16' title='bbox 100 440 150 499; x_wconf 91' lang='lat' dir='ltr'><strong>uui</strong></span> <span class='ocrx_word' id='word_1_17' title='bbox 166 447 306 498; x_wconf 89' lang='lat' dir='ltr'><strong>terrarum</strong></span> <span class='ocrx_word' id='word_1_18' title='bbox 321 436 445 497; x_wconf 79' lang='lat' dir='ltr'><strong>Iudaeae</strong></span> <span class='ocrx_word' id='word_1_19' title='bbox 465 443 652 513; x_wconf 88' lang='lat' dir='ltr'><strong>concessum,</strong></span> <span class='ocrx_word' id='word_1_20' title='bbox 669 440 813 517; x_wconf 89' lang='lat' dir='ltr'><strong>quondam</strong></span> <span class='ocrx_word' id='word_1_21' title='bbox 827 443 855 499; x_wconf 94' lang='lat' dir='ltr'><strong>in</strong></span> <span class='ocrx_word' id='word_1_22' title='bbox 873 440 986 501; x_wconf 90' lang='lat' dir='ltr'><strong>duobus</strong></span> <span class='ocrx_word' id='word_1_23' title='bbox 998 451 1107 504; x_wconf 87' lang='lat' dir='ltr'><strong>tantum</strong></span> 
     </span>
     <span class='ocr_line' id='line_1_4' title="bbox 100 521 1106 604; baseline 0.004 -21"><span class='ocrx_word' id='word_1_24' title='bbox 100 523 206 598; x_wconf 90' lang='lat' dir='ltr'><strong>hortis,</strong></span> <span class='ocrx_word' id='word_1_25' title='bbox 224 531 350 599; x_wconf 87' lang='lat' dir='ltr'><strong>utroque</strong></span> <span class='ocrx_word' id='word_1_26' title='bbox 361 523 461 597; x_wconf 83' lang='lat' dir='ltr'><strong>regio,</strong></span> <span class='ocrx_word' id='word_1_27' title='bbox 478 521 570 580; x_wconf 88' lang='lat' dir='ltr'><strong>altero</strong></span> <span class='ocrx_word' id='word_1_28' title='bbox 583 524 714 599; x_wconf 86' lang='lat' dir='ltr'><strong>iugerum</strong></span> <span class='ocrx_word' id='word_1_29' title='bbox 727 537 775 582; x_wconf 85' lang='lat' dir='ltr'><strong>xx</strong></span> <span class='ocrx_word' id='word_1_30' title='bbox 790 540 847 582; x_wconf 93' lang='lat' dir='ltr'><strong>non</strong></span> <span class='ocrx_word' id='word_1_31' title='bbox 859 526 996 604; x_wconf 88' lang='lat' dir='ltr'><strong>amplius,</strong></span> <span class='ocrx_word' id='word_1_32' title='bbox 1011 527 1106 586; x_wconf 89' lang='lat' dir='ltr'><strong>altero</strong></span> 
     </span>
     <span class='ocr_line' id='line_1_5' title="bbox 101 599 1105 690; baseline 0.003 -23"><span class='ocrx_word' id='word_1_33' title='bbox 101 607 280 687; x_wconf 79' lang='lat' dir='ltr'><strong>pauciorum.</strong></span> <span class='ocrx_word' id='word_1_34' title='bbox 308 605 464 665; x_wconf 79' lang='lat' dir='ltr'><strong>ostendere</strong></span> <span class='ocrx_word' id='word_1_35' title='bbox 480 605 609 665; x_wconf 90' lang='lat' dir='ltr'><strong>arbutum</strong></span> <span class='ocrx_word' id='word_1_36' title='bbox 625 605 699 666; x_wconf 86' lang='lat' dir='ltr'><strong>hanc</strong></span> <span class='ocrx_word' id='word_1_37' title='bbox 712 607 776 667; x_wconf 92' lang='lat' dir='ltr'><strong>urbi</strong></span> <span class='ocrx_word' id='word_1_38' title='bbox 788 599 979 686; x_wconf 87' lang='lat' dir='ltr'><strong>imperatores</strong></span> <span class='ocrx_word' id='word_1_39' title='bbox 991 609 1105 690; x_wconf 83' lang='lat' dir='ltr'><strong>Vespa·</strong></span> 
     </span>
    </p>

    <p class='ocr_par' dir='ltr' id='par_1_4' title="bbox 77 687 1147 1104">
     <span class='ocr_line' id='line_1_6' title="bbox 77 687 1104 772; baseline 0.003 -22"><span class='ocrx_word' id='word_1_40' title='bbox 77 693 184 752; x_wconf 69' lang='lat' dir='ltr'><strong>usiani.</strong></span> <span class='ocrx_word' id='word_1_41' title='bbox 216 687 383 766; x_wconf 86' lang='lat' dir='ltr'><strong>clarumque</strong></span> <span class='ocrx_word' id='word_1_42' title='bbox 400 689 493 764; x_wconf 88' lang='lat' dir='ltr'><strong>dictu,</strong></span> <span class='ocrx_word' id='word_1_43' title='bbox 510 689 676 768; x_wconf 89' lang='lat' dir='ltr'><strong>aPompeio</strong></span> <span class='ocrx_word' id='word_1_44' title='bbox 692 690 798 769; x_wconf 86' lang='lat' dir='ltr'><strong>blagno</strong></span> <span class='ocrx_word' id='word_1_45' title='bbox 815 695 844 751; x_wconf 92' lang='lat' dir='ltr'><strong>in</strong></span> <span class='ocrx_word' id='word_1_46' title='bbox 862 693 1004 772; x_wconf 89' lang='lat' dir='ltr'><strong>triumplro</strong></span> <span class='ocrx_word' id='word_1_47' title='bbox 1020 692 1104 754; x_wconf 91' lang='lat' dir='ltr'><strong>arbo·</strong></span> 
     </span>
     <span class='ocr_line' id='line_1_7' title="bbox 101 773 1147 856; baseline 0.009 -22"><span class='ocrx_word' id='word_1_48' title='bbox 101 793 151 835; x_wconf 90' lang='lat' dir='ltr'><strong>res</strong></span> <span class='ocrx_word' id='word_1_49' title='bbox 169 790 285 854; x_wconf 87' lang='lat' dir='ltr'><strong>quoque</strong></span> <span class='ocrx_word' id='word_1_50' title='bbox 302 773 441 833; x_wconf 83' lang='lat' dir='ltr'><strong>duximus.</strong></span> <span class='ocrx_word' id='word_1_51' title='bbox 465 775 556 832; x_wconf 90' lang='lat' dir='ltr'><strong>servit</strong></span> <span class='ocrx_word' id='word_1_52' title='bbox 570 791 646 834; x_wconf 90' lang='lat' dir='ltr'><strong>nunc</strong></span> <span class='ocrx_word' id='word_1_53' title='bbox 661 774 735 835; x_wconf 88' lang='lat' dir='ltr'><strong>haec</strong></span> <span class='ocrx_word' id='word_1_54' title='bbox 746 793 780 834; x_wconf 91' lang='lat' dir='ltr'><strong>ac</strong></span> <span class='ocrx_word' id='word_1_55' title='bbox 794 777 899 843; x_wconf 86' lang='lat' dir='ltr'><strong>tributa</strong></span> <span class='ocrx_word' id='word_1_56' title='bbox 911 776 1011 856; x_wconf 78' lang='lat' dir='ltr'>pendit</span> <span class='ocrx_word' id='word_1_57' title='bbox 1024 793 1087 837; x_wconf 91' lang='lat' dir='ltr'><strong>cum</strong></span> <span class='ocrx_word' id='word_1_58' title='bbox 1096 787 1147 842; x_wconf 72' lang='grc'><strong>111</strong></span> 
     </span>
     <span class='ocr_line' id='line_1_8' title="bbox 101 857 1104 940; baseline 0.002 -22"><span class='ocrx_word' id='word_1_59' title='bbox 101 876 154 918; x_wconf 91' lang='lat' dir='ltr'><strong>sua</strong></span> <span class='ocrx_word' id='word_1_60' title='bbox 171 867 274 935; x_wconf 83' lang='lat' dir='ltr'><strong>gente,</strong></span> <span class='ocrx_word' id='word_1_61' title='bbox 299 858 327 916; x_wconf 92' lang='lat' dir='ltr'><strong>in</strong></span> <span class='ocrx_word' id='word_1_62' title='bbox 344 865 433 916; x_wconf 91' lang='lat' dir='ltr'><strong>totum</strong></span> <span class='ocrx_word' id='word_1_63' title='bbox 448 857 504 917; x_wconf 90' lang='lat' dir='ltr'><strong>alia</strong></span> <span class='ocrx_word' id='word_1_64' title='bbox 521 865 621 917; x_wconf 89' lang='lat' dir='ltr'><strong>natura</strong></span> <span class='ocrx_word' id='word_1_65' title='bbox 643 875 727 936; x_wconf 91' lang='lat' dir='ltr'><strong>quam</strong></span> <span class='ocrx_word' id='word_1_66' title='bbox 742 862 834 919; x_wconf 90' lang='lat' dir='ltr'><strong>nostri</strong></span> <span class='ocrx_word' id='word_1_67' title='bbox 848 862 1020 939; x_wconf 80' lang='lat' dir='ltr'><strong>externique</strong></span> <span class='ocrx_word' id='word_1_68' title='bbox 1036 877 1104 940; x_wconf 92' lang='lat' dir='ltr'><strong>pro·</strong></span> 
     </span>
     <span class='ocr_line' id='line_1_9' title="bbox 101 941 1105 1022; baseline 0.001 -19"><span class='ocrx_word' id='word_1_69' title='bbox 101 943 243 1003; x_wconf 86' lang='lat' dir='ltr'><strong>diderant.</strong></span> <span class='ocrx_word' id='word_1_70' title='bbox 270 942 378 1020; x_wconf 82' lang='lat' dir='ltr'><strong>quippe</strong></span> <span class='ocrx_word' id='word_1_71' title='bbox 395 943 445 1000; x_wconf 86' lang='lat' dir='ltr'><strong>viti</strong></span> <span class='ocrx_word' id='word_1_72' title='bbox 461 941 581 1000; x_wconf 85' lang='lat' dir='ltr'><strong>similior</strong></span> <span class='ocrx_word' id='word_1_73' title='bbox 598 951 644 1000; x_wconf 85' lang='lat' dir='ltr'><strong>est</strong></span> <span class='ocrx_word' id='word_1_74' title='bbox 661 960 744 1022; x_wconf 91' lang='lat' dir='ltr'><strong>quam</strong></span> <span class='ocrx_word' id='word_1_75' title='bbox 761 953 863 1019; x_wconf 76' lang='lat' dir='ltr'><strong>myrto.</strong></span> <span class='ocrx_word' id='word_1_76' title='bbox 888 944 1033 1004; x_wconf 80' lang='lat' dir='ltr'><strong>malleolis</strong></span> <span class='ocrx_word' id='word_1_77' title='bbox 1046 946 1105 1004; x_wconf 88' lang='lat' dir='ltr'><strong>seri</strong></span> 
     </span>
     <span class='ocr_line' id='line_1_10' title="bbox 101 1019 1103 1104; baseline 0 -18"><span class='ocrx_word' id='word_1_78' title='bbox 101 1026 206 1086; x_wconf 85' lang='lat' dir='ltr'><strong>didicit</strong></span> <span class='ocrx_word' id='word_1_79' title='bbox 219 1019 316 1104; x_wconf 74' lang='lat' dir='ltr'><strong>‘nuper</strong></span> <span class='ocrx_word' id='word_1_80' title='bbox 330 1027 427 1084; x_wconf 85' lang='lat' dir='ltr'><strong>vincta</strong></span> <span class='ocrx_word' id='word_1_81' title='bbox 442 1034 472 1084; x_wconf 89' lang='lat' dir='ltr'><strong>ut</strong></span> <span class='ocrx_word' id='word_1_82' title='bbox 487 1027 570 1099; x_wconf 90' lang='lat' dir='ltr'><strong>vitis,</strong></span> <span class='ocrx_word' id='word_1_83' title='bbox 590 1035 620 1085; x_wconf 89' lang='lat' dir='ltr'><strong>et</strong></span> <span class='ocrx_word' id='word_1_84' title='bbox 633 1027 726 1104; x_wconf 88' lang='lat' dir='ltr'><strong>inplet</strong></span> <span class='ocrx_word' id='word_1_85' title='bbox 743 1028 829 1088; x_wconf 89' lang='lat' dir='ltr'><strong>collis</strong></span> <span class='ocrx_word' id='word_1_86' title='bbox 843 1030 992 1088; x_wconf 85' lang='lat' dir='ltr'><strong>vinearum</strong></span> <span class='ocrx_word' id='word_1_87' title='bbox 1006 1029 1103 1088; x_wconf 89' lang='lat' dir='ltr'><strong>modo.</strong></span> 
     </span>
    </p>

    <p class='ocr_par' dir='ltr' id='par_1_5' title="bbox 66 1108 1205 1190">
     <span class='ocr_line' id='line_1_11' title="bbox 66 1108 1205 1190; baseline 0.001 -20"><span class='ocrx_word' id='word_1_88' title='bbox 66 1121 176 1189; x_wconf 87' lang='lat' dir='ltr'><strong>¹⁰quac</strong></span> <span class='ocrx_word' id='word_1_89' title='bbox 195 1111 256 1171; x_wconf 89' lang='lat' dir='ltr'><strong>sine</strong></span> <span class='ocrx_word' id='word_1_90' title='bbox 272 1108 450 1170; x_wconf 76' lang='lat' dir='ltr'><strong>adminiculis</strong></span> <span class='ocrx_word' id='word_1_91' title='bbox 466 1127 497 1168; x_wconf 90' lang='lat' dir='ltr'><strong>se</strong></span> <span class='ocrx_word' id='word_1_92' title='bbox 516 1111 579 1187; x_wconf 93' lang='lat' dir='ltr'><strong>ipsa</strong></span> <span class='ocrx_word' id='word_1_93' title='bbox 595 1111 718 1190; x_wconf 77' lang='lat' dir='ltr'><strong>sustinet</strong></span> <span class='ocrx_word' id='word_1_94' title='bbox 740 1113 877 1172; x_wconf 89' lang='lat' dir='ltr'><strong>tondetur</strong></span> <span class='ocrx_word' id='word_1_95' title='bbox 897 1113 1029 1173; x_wconf 87' lang='lat' dir='ltr'><strong>similiter</strong></span> <span class='ocrx_word' id='word_1_96' title='bbox 1045 1113 1104 1171; x_wconf 87' lang='lat' dir='ltr'><strong>iru-</strong></span> <span class='ocrx_word' id='word_1_97' title='bbox 1202 1153 1205 1159; x_wconf 78' lang='lat'><strong>,</strong></span> 
     </span>
    </p>

    <p class='ocr_par' dir='ltr' id='par_1_6' title="bbox 52 1194 1147 1527">
     <span class='ocr_line' id='line_1_12' title="bbox 52 1194 1103 1273; baseline -0.001 -18"><span class='ocrx_word' id='word_1_98' title='bbox 52 1249 56 1270; x_wconf 69' lang='lat'><strong>,</strong></span> <span class='ocrx_word' id='word_1_99' title='bbox 99 1197 193 1255; x_wconf 90' lang='lat' dir='ltr'><strong>tioans</strong></span> <span class='ocrx_word' id='word_1_100' title='bbox 209 1213 244 1255; x_wconf 93' lang='lat' dir='ltr'><strong>ac</strong></span> <span class='ocrx_word' id='word_1_101' title='bbox 260 1195 360 1254; x_wconf 90' lang='lat' dir='ltr'><strong>rastris</strong></span> <span class='ocrx_word' id='word_1_102' title='bbox 378 1194 493 1253; x_wconf 89' lang='lat' dir='ltr'><strong>nitescit</strong></span> <span class='ocrx_word' id='word_1_103' title='bbox 509 1203 707 1273; x_wconf 82' lang='lat' dir='ltr'><strong>properatque</strong></span> <span class='ocrx_word' id='word_1_104' title='bbox 723 1197 820 1271; x_wconf 89' lang='lat' dir='ltr'><strong>nasci,</strong></span> <span class='ocrx_word' id='word_1_105' title='bbox 836 1197 909 1256; x_wconf 92' lang='lat' dir='ltr'><strong>intra</strong></span> <span class='ocrx_word' id='word_1_106' title='bbox 925 1198 1038 1256; x_wconf 89' lang='lat' dir='ltr'><strong>tertium</strong></span> <span class='ocrx_word' id='word_1_107' title='bbox 1055 1213 1103 1255; x_wconf 91' lang='lat' dir='ltr'><strong>an·</strong></span> 
     </span>
     <span class='ocr_line' id='line_1_13' title="bbox 100 1277 1147 1358; baseline 0.004 -19"><span class='ocrx_word' id='word_1_108' title='bbox 100 1279 337 1352; x_wconf 85' lang='lat' dir='ltr'><strong>numiructilera.</strong></span> <span class='ocrx_word' id='word_1_109' title='bbox 358 1277 457 1338; x_wconf 91' lang='lat' dir='ltr'><strong>lolium</strong></span> <span class='ocrx_word' id='word_1_110' title='bbox 469 1294 639 1355; x_wconf 84' lang='lat' dir='ltr'><strong>proxumum</strong></span> <span class='ocrx_word' id='word_1_111' title='bbox 653 1287 745 1355; x_wconf 91' lang='lat' dir='ltr'><strong>rutae,</strong></span> <span class='ocrx_word' id='word_1_112' title='bbox 759 1289 900 1358; x_wconf 90' lang='lat' dir='ltr'><strong>perpetua</strong></span> <span class='ocrx_word' id='word_1_113' title='bbox 912 1297 1004 1340; x_wconf 88' lang='lat' dir='ltr'><strong>coma.</strong></span> <span class='ocrx_word' id='word_1_114' title='bbox 1021 1296 1086 1340; x_wconf 88' lang='lat' dir='ltr'><strong>sae·</strong></span> <span class='ocrx_word' id='word_1_115' title='bbox 1097 1289 1147 1343; x_wconf 82' lang='grc'><strong>113</strong></span> 
     </span>
     <span class='ocr_line' id='line_1_14' title="bbox 99 1361 1105 1443; baseline 0 -21"><span class='ocrx_word' id='word_1_116' title='bbox 99 1364 236 1423; x_wconf 79' lang='lat' dir='ltr'><strong>vissein</strong></span> <span class='ocrx_word' id='word_1_117' title='bbox 263 1381 327 1423; x_wconf 90' lang='lat' dir='ltr'><strong>eam</strong></span> <span class='ocrx_word' id='word_1_118' title='bbox 353 1361 452 1421; x_wconf 88' lang='lat' dir='ltr'><strong>ludaei</strong></span> <span class='ocrx_word' id='word_1_119' title='bbox 478 1362 553 1420; x_wconf 89' lang='lat' dir='ltr'><strong>sicut</strong></span> <span class='ocrx_word' id='word_1_120' title='bbox 573 1363 710 1421; x_wconf 52' lang='lat' dir='ltr'><strong>intritam</strong></span> <span class='ocrx_word' id='word_1_121' title='bbox 727 1381 844 1443; x_wconf 86' lang='lat' dir='ltr'><strong>quoqne</strong></span> <span class='ocrx_word' id='word_1_122' title='bbox 866 1377 957 1426; x_wconf 84' lang='lat' dir='ltr'><strong>snam.</strong></span> <span class='ocrx_word' id='word_1_123' title='bbox 1002 1372 1105 1423; x_wconf 88' lang='lat' dir='ltr'><strong>contra</strong></span> 
     </span>
     <span class='ocr_line' id='line_1_15' title="bbox 101 1445 1105 1527; baseline -0.001 -20"><span class='ocrx_word' id='word_1_124' title='bbox 101 1447 260 1507; x_wconf 77' lang='lat' dir='ltr'><strong>defendere</strong></span> <span class='ocrx_word' id='word_1_125' title='bbox 276 1446 398 1527; x_wconf 87' lang='lat' dir='ltr'><strong>Romani</strong></span> <span class='ocrx_word' id='word_1_126' title='bbox 413 1455 443 1505; x_wconf 88' lang='lat' dir='ltr'><strong>et</strong></span> <span class='ocrx_word' id='word_1_127' title='bbox 455 1445 617 1506; x_wconf 79' lang='lat' dir='ltr'><strong>dimicatum</strong></span> <span class='ocrx_word' id='word_1_128' title='bbox 628 1463 682 1524; x_wconf 93' lang='lat' dir='ltr'><strong>pro</strong></span> <span class='ocrx_word' id='word_1_129' title='bbox 691 1446 797 1506; x_wconf 89' lang='lat' dir='ltr'><strong>lrutice</strong></span> <span class='ocrx_word' id='word_1_130' title='bbox 809 1455 865 1506; x_wconf 90' lang='lat' dir='ltr'><strong>est.</strong></span> <span class='ocrx_word' id='word_1_131' title='bbox 889 1449 1018 1526; x_wconf 85' lang='lat' dir='ltr'><strong>seritque</strong></span> <span class='ocrx_word' id='word_1_132' title='bbox 1029 1465 1105 1506; x_wconf 89' lang='lat' dir='ltr'><strong>nuuc</strong></span> 
     </span>
    </p>

    <p class='ocr_par' dir='ltr' id='par_1_7' title="bbox 66 1530 1200 1950">
     <span class='ocr_line' id='line_1_16' title="bbox 66 1530 1104 1610; baseline -0.003 -18"><span class='ocrx_word' id='word_1_133' title='bbox 66 1541 92 1582; x_wconf 78' lang='lat'><strong>1⁵</strong></span> <span class='ocrx_word' id='word_1_134' title='bbox 102 1551 166 1592; x_wconf 92' lang='lat' dir='ltr'><strong>eum</strong></span> <span class='ocrx_word' id='word_1_135' title='bbox 187 1531 292 1606; x_wconf 81' lang='lat' dir='ltr'><strong>iscus,</strong></span> <span class='ocrx_word' id='word_1_136' title='bbox 313 1547 369 1594; x_wconf 87' lang='lat' dir='ltr'><strong>nec</strong></span> <span class='ocrx_word' id='word_1_137' title='bbox 390 1547 520 1608; x_wconf 88' lang='lat' dir='ltr'><strong>umquam</strong></span> <span class='ocrx_word' id='word_1_138' title='bbox 543 1530 595 1589; x_wconf 91' lang='lat' dir='ltr'><strong>luit</strong></span> <span class='ocrx_word' id='word_1_139' title='bbox 619 1533 810 1592; x_wconf 87' lang='lat' dir='ltr'><strong>numerosior.</strong></span> <span class='ocrx_word' id='word_1_140' title='bbox 845 1533 1009 1610; x_wconf 86' lang='lat' dir='ltr'><strong>proceritas</strong></span> <span class='ocrx_word' id='word_1_141' title='bbox 1030 1532 1104 1590; x_wconf 90' lang='lat' dir='ltr'><strong>intra</strong></span> 
     </span>
     <span class='ocr_line' id='line_1_17' title="bbox 102 1613 1147 1697; baseline 0.002 -23"><span class='ocrx_word' id='word_1_142' title='bbox 102 1617 168 1675; x_wconf 90' lang='lat' dir='ltr'><strong>bina</strong></span> <span class='ocrx_word' id='word_1_143' title='bbox 191 1614 287 1674; x_wconf 88' lang='lat' dir='ltr'><strong>cubita</strong></span> <span class='ocrx_word' id='word_1_144' title='bbox 310 1614 450 1674; x_wconf 86' lang='lat' dir='ltr'><strong>subsistit.</strong></span> <span class='ocrx_word' id='word_1_145' title='bbox 479 1613 586 1672; x_wconf 79' lang='lat' dir='ltr'><strong>Arbori</strong></span> <span class='ocrx_word' id='word_1_146' title='bbox 608 1615 663 1673; x_wconf 90' lang='lat' dir='ltr'><strong>tria</strong></span> <span class='ocrx_word' id='word_1_147' title='bbox 684 1633 809 1692; x_wconf 87' lang='lat' dir='ltr'><strong>genera:</strong></span> <span class='ocrx_word' id='word_1_148' title='bbox 838 1623 926 1675; x_wconf 87' lang='lat' dir='ltr'><strong>tenue</strong></span> <span class='ocrx_word' id='word_1_149' title='bbox 944 1624 974 1674; x_wconf 91' lang='lat' dir='ltr'><strong>et</strong></span> <span class='ocrx_word' id='word_1_150' title='bbox 996 1614 1147 1697; x_wconf 79' lang='lat' dir='ltr'><strong>capii-114</strong></span> 
     </span>
     <span class='ocr_line' id='line_1_18' title="bbox 102 1695 1200 1778; baseline -0.003 -18"><span class='ocrx_word' id='word_1_151' title='bbox 102 1700 184 1760; x_wconf 91' lang='lat' dir='ltr'><strong>lacea</strong></span> <span class='ocrx_word' id='word_1_152' title='bbox 207 1716 306 1775; x_wconf 85' lang='lat' dir='ltr'><strong>coma,</strong></span> <span class='ocrx_word' id='word_1_153' title='bbox 330 1699 407 1778; x_wconf 93' lang='lat' dir='ltr'><strong>quod</strong></span> <span class='ocrx_word' id='word_1_154' title='bbox 424 1706 545 1757; x_wconf 85' lang='lat' dir='ltr'><strong>vocatur</strong></span> <span class='ocrx_word' id='word_1_155' title='bbox 567 1697 755 1758; x_wconf 88' lang='lat' dir='ltr'><strong>eutheriston.</strong></span> <span class='ocrx_word' id='word_1_156' title='bbox 788 1699 910 1759; x_wconf 89' lang='lat' dir='ltr'><strong>alterum</strong></span> <span class='ocrx_word' id='word_1_157' title='bbox 933 1695 1105 1776; x_wconf 89' lang='lat' dir='ltr'><strong>scabroa‘d·</strong></span> <span class='ocrx_word' id='word_1_158' title='bbox 1196 1764 1200 1772; x_wconf 24' lang='lat'>⁸</span> 
     </span>
     <span class='ocr_line' id='line_1_19' title="bbox 101 1781 1103 1863; baseline -0.002 -21"><span class='ocrx_word' id='word_1_159' title='bbox 101 1793 221 1863; x_wconf 91' lang='lat' dir='ltr'><strong>spectu,</strong></span> <span class='ocrx_word' id='word_1_160' title='bbox 237 1785 404 1856; x_wconf 88' lang='lat' dir='ltr'><strong>incurvom,</strong></span> <span class='ocrx_word' id='word_1_161' title='bbox 420 1783 606 1856; x_wconf 79' lang='lat' dir='ltr'><strong>fruticosum,</strong></span> <span class='ocrx_word' id='word_1_162' title='bbox 624 1782 783 1842; x_wconf 87' lang='lat' dir='ltr'><strong>odoratius.</strong></span> <span class='ocrx_word' id='word_1_163' title='bbox 814 1783 873 1843; x_wconf 88' lang='lat' dir='ltr'><strong>lroc</strong></span> <span class='ocrx_word' id='word_1_164' title='bbox 886 1782 989 1858; x_wconf 74' lang='lat' dir='ltr'><strong>trachy</strong></span> <span class='ocrx_word' id='word_1_165' title='bbox 1001 1781 1103 1861; x_wconf 89' lang='lat' dir='ltr'><strong>appel·</strong></span> 
     </span>
     <span class='ocr_line' id='line_1_20' title="bbox 101 1865 1104 1950; baseline -0.004 -22"><span class='ocrx_word' id='word_1_166' title='bbox 101 1868 168 1928; x_wconf 89' lang='lat' dir='ltr'><strong>lant.</strong></span> <span class='ocrx_word' id='word_1_167' title='bbox 200 1869 315 1927; x_wconf 88' lang='lat' dir='ltr'><strong>tertium</strong></span> <span class='ocrx_word' id='word_1_168' title='bbox 332 1885 483 1950; x_wconf 79' lang='lat' dir='ltr'><strong>eumeces,</strong></span> <span class='ocrx_word' id='word_1_169' title='bbox 503 1868 568 1945; x_wconf 90' lang='lat' dir='ltr'><strong>quia</strong></span> <span class='ocrx_word' id='word_1_170' title='bbox 585 1875 630 1924; x_wconf 86' lang='lat' dir='ltr'><strong>cst</strong></span> <span class='ocrx_word' id='word_1_171' title='bbox 646 1865 766 1945; x_wconf 85' lang='lat' dir='ltr'><strong>reliquis</strong></span> <span class='ocrx_word' id='word_1_172' title='bbox 782 1868 952 1946; x_wconf 86' lang='lat' dir='ltr'><strong>procerius,</strong></span> <span class='ocrx_word' id='word_1_173' title='bbox 967 1867 1027 1942; x_wconf 84' lang='lat' dir='ltr'><strong>levi</strong></span> <span class='ocrx_word' id='word_1_174' title='bbox 1039 1869 1104 1925; x_wconf 87' lang='lat' dir='ltr'><strong>cor·</strong></span> 
     </span>
    </p>

    <p class='ocr_par' dir='ltr' id='par_1_8' title="bbox 65 1950 1146 2362">
     <span class='ocr_line' id='line_1_21' title="bbox 65 1950 1146 2024; baseline 0.005 -17"><span class='ocrx_word' id='word_1_175' title='bbox 65 1968 92 2008; x_wconf 82' lang='lat' dir='ltr'><strong>ao</strong></span> <span class='ocrx_word' id='word_1_176' title='bbox 101 1953 168 2011; x_wconf 90' lang='lat' dir='ltr'><strong>tice.</strong></span> <span class='ocrx_word' id='word_1_177' title='bbox 199 1952 265 2010; x_wconf 90' lang='lat' dir='ltr'><strong>huic</strong></span> <span class='ocrx_word' id='word_1_178' title='bbox 295 1951 425 2011; x_wconf 86' lang='lat' dir='ltr'><strong>secunda</strong></span> <span class='ocrx_word' id='word_1_179' title='bbox 447 1950 577 2024; x_wconf 91' lang='lat' dir='ltr'><strong>bonitas,</strong></span> <span class='ocrx_word' id='word_1_180' title='bbox 608 1951 763 2009; x_wconf 86' lang='lat' dir='ltr'><strong>novissima</strong></span> <span class='ocrx_word' id='word_1_181' title='bbox 785 1950 954 2010; x_wconf 83' lang='lat' dir='ltr'><strong>eutheristo.</strong></span> <span class='ocrx_word' id='word_1_182' title='bbox 985 1959 1146 2013; x_wconf 69' lang='lat' dir='ltr'><strong>semeonis</strong></span> 
     </span>
     <span class='ocr_line' id='line_1_22' title="bbox 102 2033 1102 2111; baseline -0.003 -18"><span class='ocrx_word' id='word_1_183' title='bbox 102 2035 165 2093; x_wconf 89' lang='lat' dir='ltr'><strong>eius</strong></span> <span class='ocrx_word' id='word_1_184' title='bbox 185 2035 252 2093; x_wconf 89' lang='lat' dir='ltr'><strong>vino</strong></span> <span class='ocrx_word' id='word_1_185' title='bbox 274 2049 443 2110; x_wconf 84' lang='lat' dir='ltr'><strong>proxumum</strong></span> <span class='ocrx_word' id='word_1_186' title='bbox 464 2041 567 2107; x_wconf 85' lang='lat' dir='ltr'><strong>gustu,</strong></span> <span class='ocrx_word' id='word_1_187' title='bbox 590 2033 691 2090; x_wconf 89' lang='lat' dir='ltr'><strong>colore</strong></span> <span class='ocrx_word' id='word_1_188' title='bbox 705 2033 815 2107; x_wconf 87' lang='lat' dir='ltr'><strong>rulum,</strong></span> <span class='ocrx_word' id='word_1_189' title='bbox 838 2050 896 2092; x_wconf 92' lang='lat' dir='ltr'><strong>nec</strong></span> <span class='ocrx_word' id='word_1_190' title='bbox 915 2035 977 2093; x_wconf 87' lang='lat' dir='ltr'><strong>sine</strong></span> <span class='ocrx_word' id='word_1_191' title='bbox 992 2033 1102 2111; x_wconf 82' lang='lat' dir='ltr'><strong>pingui.</strong></span> 
     </span>
     <span class='ocr_line' id='line_1_23' title="bbox 102 2114 1105 2196; baseline -0.003 -20"><span class='ocrx_word' id='word_1_192' title='bbox 102 2119 185 2196; x_wconf 85' lang='lat' dir='ltr'><strong>peius</strong></span> <span class='ocrx_word' id='word_1_193' title='bbox 205 2118 234 2176; x_wconf 94' lang='lat' dir='ltr'><strong>in</strong></span> <span class='ocrx_word' id='word_1_194' title='bbox 253 2133 343 2193; x_wconf 84' lang='lat' dir='ltr'><strong>grano</strong></span> <span class='ocrx_word' id='word_1_195' title='bbox 370 2115 447 2194; x_wconf 91' lang='lat' dir='ltr'><strong>quod</strong></span> <span class='ocrx_word' id='word_1_196' title='bbox 469 2114 561 2173; x_wconf 85' lang='lat' dir='ltr'><strong>levius</strong></span> <span class='ocrx_word' id='word_1_197' title='bbox 584 2123 672 2193; x_wconf 89' lang='lat' dir='ltr'><strong>atque</strong></span> <span class='ocrx_word' id='word_1_198' title='bbox 693 2115 822 2174; x_wconf 80' lang='lat' dir='ltr'><strong>viridius.</strong></span> <span class='ocrx_word' id='word_1_199' title='bbox 857 2132 954 2175; x_wconf 88' lang='lat' dir='ltr'><strong>ramus</strong></span> <span class='ocrx_word' id='word_1_200' title='bbox 976 2116 1105 2176; x_wconf 88' lang='lat' dir='ltr'><strong>crassior</strong></span> 
     </span>
     <span class='ocr_line' id='line_1_24' title="bbox 103 2197 1103 2280; baseline -0.001 -21"><span class='ocrx_word' id='word_1_201' title='bbox 103 2218 185 2280; x_wconf 93' lang='lat' dir='ltr'><strong>quam</strong></span> <span class='ocrx_word' id='word_1_202' title='bbox 201 2209 304 2274; x_wconf 79' lang='lat' dir='ltr'><strong>myrto.</strong></span> <span class='ocrx_word' id='word_1_203' title='bbox 333 2198 467 2258; x_wconf 91' lang='lat' dir='ltr'><strong>inciditur</strong></span> <span class='ocrx_word' id='word_1_204' title='bbox 481 2199 575 2272; x_wconf 84' lang='lat' dir='ltr'><strong>vitro,</strong></span> <span class='ocrx_word' id='word_1_205' title='bbox 590 2197 689 2277; x_wconf 88' lang='lat' dir='ltr'><strong>lapide</strong></span> <span class='ocrx_word' id='word_1_206' title='bbox 704 2200 839 2258; x_wconf 87' lang='lat' dir='ltr'><strong>osseisve</strong></span> <span class='ocrx_word' id='word_1_207' title='bbox 860 2198 998 2258; x_wconf 87' lang='lat' dir='ltr'><strong>cultellis.</strong></span> <span class='ocrx_word' id='word_1_208' title='bbox 1023 2201 1103 2260; x_wconf 90' lang='lat' dir='ltr'><strong>lerro</strong></span> 
     </span>
     <span class='ocr_line' id='line_1_25' title="bbox 102 2280 1103 2362; baseline -0.001 -18"><span class='ocrx_word' id='word_1_209' title='bbox 102 2284 178 2345; x_wconf 89' lang='lat' dir='ltr'><strong>laedi</strong></span> <span class='ocrx_word' id='word_1_210' title='bbox 195 2283 292 2344; x_wconf 85' lang='lat' dir='ltr'><strong>vitalia</strong></span> <span class='ocrx_word' id='word_1_211' title='bbox 310 2284 385 2358; x_wconf 88' lang='lat' dir='ltr'><strong>odit,</strong></span> <span class='ocrx_word' id='word_1_212' title='bbox 408 2281 545 2342; x_wconf 89' lang='lat' dir='ltr'><strong>emoritur</strong></span> <span class='ocrx_word' id='word_1_213' title='bbox 556 2284 702 2360; x_wconf 90' lang='lat' dir='ltr'><strong>protinus,</strong></span> <span class='ocrx_word' id='word_1_214' title='bbox 728 2283 831 2343; x_wconf 85' lang='lat' dir='ltr'><strong>eodem</strong></span> <span class='ocrx_word' id='word_1_215' title='bbox 847 2283 988 2362; x_wconf 90' lang='lat' dir='ltr'><strong>amputari</strong></span> <span class='ocrx_word' id='word_1_216' title='bbox 1001 2280 1103 2362; x_wconf 82' lang='lat' dir='ltr'><strong>su&#39;per·</strong></span> 
     </span>
    </p>

    <p class='ocr_par' dir='ltr' id='par_1_9' title="bbox 18 2365 1103 2446">
     <span class='ocr_line' id='line_1_26' title="bbox 18 2365 1103 2446; baseline -0.001 -18"><span class='ocrx_word' id='word_1_217' title='bbox 18 2397 19 2434; x_wconf 65' lang='lat' dir='ltr'><strong>t</strong></span> <span class='ocrx_word' id='word_1_218' title='bbox 67 2381 195 2428; x_wconf 70' lang='lat' dir='ltr'><strong>atvacua</strong></span> <span class='ocrx_word' id='word_1_219' title='bbox 219 2369 343 2446; x_wconf 89' lang='lat' dir='ltr'><strong>patiens.</strong></span> <span class='ocrx_word' id='word_1_220' title='bbox 383 2366 534 2426; x_wconf 87' lang='lat' dir='ltr'><strong>incidentis</strong></span> <span class='ocrx_word' id='word_1_221' title='bbox 559 2382 659 2425; x_wconf 90' lang='lat' dir='ltr'><strong>manus</strong></span> <span class='ocrx_word' id='word_1_222' title='bbox 688 2365 807 2442; x_wconf 68' lang='lat' dir='ltr'><strong>libratus</strong></span> <span class='ocrx_word' id='word_1_223' title='bbox 832 2367 935 2427; x_wconf 91' lang='lat' dir='ltr'><strong>artilici</strong></span> <span class='ocrx_word' id='word_1_224' title='bbox 959 2376 1103 2445; x_wconf 87' lang='lat' dir='ltr'><strong>tempera·</strong></span> 
     </span>
    </p>

    <p class='ocr_par' dir='ltr' id='par_1_10' title="bbox 102 2449 1147 2530">
     <span class='ocr_line' id='line_1_27' title="bbox 102 2449 1147 2530; baseline 0.002 -18"><span class='ocrx_word' id='word_1_225' title='bbox 102 2460 214 2529; x_wconf 88' lang='lat' dir='ltr'><strong>mento,</strong></span> <span class='ocrx_word' id='word_1_226' title='bbox 232 2469 269 2511; x_wconf 90' lang='lat' dir='ltr'><strong>ne</strong></span> <span class='ocrx_word' id='word_1_227' title='bbox 285 2452 352 2530; x_wconf 94' lang='lat' dir='ltr'><strong>quid</strong></span> <span class='ocrx_word' id='word_1_228' title='bbox 367 2451 441 2510; x_wconf 89' lang='lat' dir='ltr'><strong>ultra</strong></span> <span class='ocrx_word' id='word_1_229' title='bbox 457 2449 597 2509; x_wconf 87' lang='lat' dir='ltr'><strong>corticem</strong></span> <span class='ocrx_word' id='word_1_230' title='bbox 619 2450 721 2509; x_wconf 83' lang='lat' dir='ltr'><strong>violet.</strong></span> <span class='ocrx_word' id='word_1_231' title='bbox 750 2468 837 2510; x_wconf 89' lang='lat' dir='ltr'><strong>sucus</strong></span> <span class='ocrx_word' id='word_1_232' title='bbox 854 2470 870 2511; x_wconf 91' lang='lat' dir='ltr'><strong>e</strong></span> <span class='ocrx_word' id='word_1_233' title='bbox 888 2451 975 2529; x_wconf 82' lang='lat' dir='ltr'><strong>plaga</strong></span> <span class='ocrx_word' id='word_1_234' title='bbox 991 2457 1086 2510; x_wconf 90' lang='lat' dir='ltr'><strong>manat</strong></span> <span class='ocrx_word' id='word_1_235' title='bbox 1095 2459 1147 2514; x_wconf 84' lang='lat'><strong>116</strong></span> 
     </span>
    </p>

    <p class='ocr_par' dir='ltr' id='par_1_11' title="bbox 18 2534 1103 2616">
     <span class='ocr_line' id='line_1_28' title="bbox 18 2534 1103 2616; baseline -0.001 -24"><span class='ocrx_word' id='word_1_236' title='bbox 18 2585 19 2592; x_wconf 71' lang='grc'>,</span> <span class='ocrx_word' id='word_1_237' title='bbox 103 2554 187 2616; x_wconf 90' lang='lat' dir='ltr'><strong>quem</strong></span> <span class='ocrx_word' id='word_1_238' title='bbox 208 2536 426 2615; x_wconf 88' lang='lat' dir='ltr'><strong>opobalsamum</strong></span> <span class='ocrx_word' id='word_1_239' title='bbox 447 2541 567 2606; x_wconf 90' lang='lat' dir='ltr'><strong>vocant,</strong></span> <span class='ocrx_word' id='word_1_240' title='bbox 595 2535 745 2594; x_wconf 90' lang='lat' dir='ltr'><strong>suavitatis</strong></span> <span class='ocrx_word' id='word_1_241' title='bbox 775 2535 920 2611; x_wconf 82' lang='lat' dir='ltr'><strong>eximiae,</strong></span> <span class='ocrx_word' id='word_1_242' title='bbox 950 2534 1004 2595; x_wconf 90' lang='lat' dir='ltr'><strong>sed</strong></span> <span class='ocrx_word' id='word_1_243' title='bbox 1025 2534 1103 2594; x_wconf 90' lang='lat' dir='ltr'><strong>tenui</strong></span> 
     </span>
    </p>

    <p class='ocr_par' dir='ltr' id='par_1_12' title="bbox 103 2618 1104 2700">
     <span class='ocr_line' id='line_1_29' title="bbox 103 2618 1104 2700; baseline -0.005 -19"><span class='ocrx_word' id='word_1_244' title='bbox 103 2621 207 2700; x_wconf 85' lang='lat' dir='ltr'><strong>[gutta]</strong></span> <span class='ocrx_word' id='word_1_245' title='bbox 224 2621 354 2700; x_wconf 89' lang='lat' dir='ltr'><strong>ploratu,</strong></span> <span class='ocrx_word' id='word_1_246' title='bbox 374 2618 447 2679; x_wconf 88' lang='lat' dir='ltr'><strong>lanis</strong></span> <span class='ocrx_word' id='word_1_247' title='bbox 461 2635 552 2696; x_wconf 89' lang='lat' dir='ltr'><strong>parva</strong></span> <span class='ocrx_word' id='word_1_248' title='bbox 568 2619 716 2696; x_wconf 83' lang='lat' dir='ltr'><strong>colligitur</strong></span> <span class='ocrx_word' id='word_1_249' title='bbox 729 2619 757 2677; x_wconf 92' lang='lat' dir='ltr'><strong>in</strong></span> <span class='ocrx_word' id='word_1_250' title='bbox 770 2635 888 2678; x_wconf 91' lang='lat' dir='ltr'><strong>cornua.</strong></span> <span class='ocrx_word' id='word_1_251' title='bbox 915 2638 952 2694; x_wconf 83' lang='lat' dir='ltr'><strong>cr</strong></span> <span class='ocrx_word' id='word_1_252' title='bbox 966 2619 1012 2679; x_wconf 90' lang='lat' dir='ltr'><strong>his</strong></span> <span class='ocrx_word' id='word_1_253' title='bbox 1026 2631 1104 2677; x_wconf 81' lang='lat' dir='ltr'><strong>noro</strong></span> 
     </span>
    </p>

    <p class='ocr_par' dir='ltr' id='par_1_13' title="bbox 102 2703 1102 2780">
     <span class='ocr_line' id='line_1_30' title="bbox 102 2703 1102 2780; baseline -0.002 -18"><span class='ocrx_word' id='word_1_254' title='bbox 102 2705 181 2764; x_wconf 85' lang='lat' dir='ltr'><strong>fictili</strong></span> <span class='ocrx_word' id='word_1_255' title='bbox 197 2705 344 2780; x_wconf 86' lang='lat' dir='ltr'><strong>conditur,</strong></span> <span class='ocrx_word' id='word_1_256' title='bbox 360 2704 498 2764; x_wconf 87' lang='lat' dir='ltr'><strong>crassiori</strong></span> <span class='ocrx_word' id='word_1_257' title='bbox 513 2703 614 2762; x_wconf 88' lang='lat' dir='ltr'><strong>similis</strong></span> <span class='ocrx_word' id='word_1_258' title='bbox 624 2703 692 2762; x_wconf 91' lang='lat' dir='ltr'><strong>oleo</strong></span> <span class='ocrx_word' id='word_1_259' title='bbox 710 2710 739 2760; x_wconf 88' lang='lat' dir='ltr'><strong>et</strong></span> <span class='ocrx_word' id='word_1_260' title='bbox 752 2704 781 2761; x_wconf 93' lang='lat' dir='ltr'><strong>in</strong></span> <span class='ocrx_word' id='word_1_261' title='bbox 795 2711 889 2761; x_wconf 88' lang='lat' dir='ltr'><strong>musto</strong></span> <span class='ocrx_word' id='word_1_262' title='bbox 907 2703 1037 2762; x_wconf 89' lang='lat' dir='ltr'><strong>candida.</strong></span> <span class='ocrx_word' id='word_1_263' title='bbox 1055 2717 1102 2760; x_wconf 88' lang='lat' dir='ltr'><strong>rn-</strong></span> 
     </span>
    </p>

    <p class='ocr_par' dir='ltr' id='par_1_14' title="bbox 19 2783 1145 2865">
     <span class='ocr_line' id='line_1_31' title="bbox 19 2783 1145 2865; baseline 0.004 -23"><span class='ocrx_word' id='word_1_264' title='bbox 19 2829 26 2842; x_wconf 86' lang='lat'>.</span> <span class='ocrx_word' id='word_1_265' title='bbox 67 2788 187 2848; x_wconf 79' lang='lat' dir='ltr'><strong>calescit</strong></span> <span class='ocrx_word' id='word_1_266' title='bbox 201 2787 304 2848; x_wconf 91' lang='lat' dir='ltr'><strong>deinde</strong></span> <span class='ocrx_word' id='word_1_267' title='bbox 329 2789 472 2865; x_wconf 90' lang='lat' dir='ltr'><strong>simulque</strong></span> <span class='ocrx_word' id='word_1_268' title='bbox 486 2785 614 2845; x_wconf 87' lang='lat' dir='ltr'><strong>durescit</strong></span> <span class='ocrx_word' id='word_1_269' title='bbox 629 2805 646 2846; x_wconf 89' lang='lat' dir='ltr'><strong>e</strong></span> <span class='ocrx_word' id='word_1_270' title='bbox 662 2785 815 2845; x_wconf 87' lang='lat' dir='ltr'><strong>tralucido.</strong></span> <span class='ocrx_word' id='word_1_271' title='bbox 847 2785 1017 2845; x_wconf 80' lang='lat' dir='ltr'><strong>Alexandro</strong></span> <span class='ocrx_word' id='word_1_272' title='bbox 1030 2783 1145 2864; x_wconf 70' lang='lat' dir='ltr'><strong>lla-lli</strong></span> 
     </span>
    </p>

    <p class='ocr_par' dir='ltr' id='par_1_15' title="bbox 19 2859 1104 2948">
     <span class='ocr_line' id='line_1_32' title="bbox 19 2859 1104 2948; baseline -0.006 -16"><span class='ocrx_word' id='word_1_273' title='bbox 19 2923 20 2932; x_wconf 69' lang='grc'>,</span> <span class='ocrx_word' id='word_1_274' title='bbox 102 2887 159 2948; x_wconf 85' lang='lat' dir='ltr'><strong>gno</strong></span> <span class='ocrx_word' id='word_1_275' title='bbox 174 2889 224 2930; x_wconf 85' lang='lat' dir='ltr'><strong>res</strong></span> <span class='ocrx_word' id='word_1_276' title='bbox 244 2872 285 2931; x_wconf 92' lang='lat' dir='ltr'><strong>ibi</strong></span> <span class='ocrx_word' id='word_1_277' title='bbox 307 2859 428 2948; x_wconf 76' lang='lat' dir='ltr'><strong>gei-eote</strong></span> <span class='ocrx_word' id='word_1_278' title='bbox 455 2877 517 2928; x_wconf 89' lang='lat' dir='ltr'><strong>toto</strong></span> <span class='ocrx_word' id='word_1_279' title='bbox 538 2868 585 2929; x_wconf 84' lang='lat' dir='ltr'><strong>dio</strong></span> <span class='ocrx_word' id='word_1_280' title='bbox 606 2871 719 2929; x_wconf 86' lang='lat' dir='ltr'><strong>aestivo</strong></span> <span class='ocrx_word' id='word_1_281' title='bbox 735 2887 820 2929; x_wconf 92' lang='lat' dir='ltr'><strong>unam</strong></span> <span class='ocrx_word' id='word_1_282' title='bbox 841 2868 981 2929; x_wconf 88' lang='lat' dir='ltr'><strong>concham</strong></span> <span class='ocrx_word' id='word_1_283' title='bbox 998 2867 1104 2947; x_wconf 89' lang='lat' dir='ltr'><strong>inpleri</strong></span> 
     </span>
    </p>

    <p class='ocr_par' dir='ltr' id='par_1_16' title="bbox 19 2951 1104 3043">
     <span class='ocr_line' id='line_1_33' title="bbox 19 2951 1104 3043; baseline -0.004 -29"><span class='ocrx_word' id='word_1_284' title='bbox 19 3007 20 3043; x_wconf 56' lang='lat'><strong>,</strong></span> <span class='ocrx_word' id='word_1_285' title='bbox 102 2957 205 3014; x_wconf 91' lang='lat' dir='ltr'><strong>iustum</strong></span> <span class='ocrx_word' id='word_1_286' title='bbox 220 2967 297 3031; x_wconf 90' lang='lat' dir='ltr'><strong>erat,</strong></span> <span class='ocrx_word' id='word_1_287' title='bbox 320 2956 395 3015; x_wconf 90' lang='lat' dir='ltr'><strong>omni</strong></span> <span class='ocrx_word' id='word_1_288' title='bbox 410 2969 482 3012; x_wconf 84' lang='lat' dir='ltr'><strong>vero</strong></span> <span class='ocrx_word' id='word_1_289' title='bbox 507 2951 683 3014; x_wconf 76' lang='lat' dir='ltr'><strong>fecunditate</strong></span> <span class='ocrx_word' id='word_1_290' title='bbox 708 2970 731 3011; x_wconf 86' lang='lat' dir='ltr'><strong>e</strong></span> <span class='ocrx_word' id='word_1_291' title='bbox 744 2953 855 3013; x_wconf 85' lang='lat' dir='ltr'><strong>maiore</strong></span> <span class='ocrx_word' id='word_1_292' title='bbox 874 2952 960 3012; x_wconf 89' lang='lat' dir='ltr'><strong>horto</strong></span> <span class='ocrx_word' id='word_1_293' title='bbox 982 2953 1104 3028; x_wconf 84' lang='lat' dir='ltr'><strong>congios</strong></span> 
     </span>
    </p>

    <p class='ocr_par' dir='ltr' id='par_1_17' title="bbox 20 3033 1104 3115">
     <span class='ocr_line' id='line_1_34' title="bbox 20 3033 1104 3115; baseline -0.003 -19"><span class='ocrx_word' id='word_1_294' title='bbox 20 3089 21 3096; x_wconf 71' lang='grc'>,</span> <span class='ocrx_word' id='word_1_295' title='bbox 104 3054 207 3115; x_wconf 88' lang='lat' dir='ltr'><strong>senos,</strong></span> <span class='ocrx_word' id='word_1_296' title='bbox 225 3058 242 3098; x_wconf 91' lang='lat' dir='ltr'><strong>e</strong></span> <span class='ocrx_word' id='word_1_297' title='bbox 259 3043 369 3099; x_wconf 88' lang='lat' dir='ltr'><strong>minore</strong></span> <span class='ocrx_word' id='word_1_298' title='bbox 387 3035 534 3114; x_wconf 82' lang='lat' dir='ltr'><strong>singulos,</strong></span> <span class='ocrx_word' id='word_1_299' title='bbox 554 3055 618 3097; x_wconf 88' lang='lat' dir='ltr'><strong>cum</strong></span> <span class='ocrx_word' id='word_1_300' title='bbox 633 3045 664 3096; x_wconf 90' lang='lat' dir='ltr'><strong>et</strong></span> <span class='ocrx_word' id='word_1_301' title='bbox 674 3033 763 3115; x_wconf 93' lang='lat' dir='ltr'><strong>duplo</strong></span> <span class='ocrx_word' id='word_1_302' title='bbox 775 3036 989 3115; x_wconf 86' lang='lat' dir='ltr'><strong>rependebatur</strong></span> <span class='ocrx_word' id='word_1_303' title='bbox 1001 3052 1104 3112; x_wconf 91' lang='lat' dir='ltr'><strong>argen-</strong></span> 
     </span>
    </p>

    <p class='ocr_par' dir='ltr' id='par_1_18' title="bbox 20 3116 1105 3204">
     <span class='ocr_line' id='line_1_35' title="bbox 20 3116 1105 3204; baseline -0.006 -21"><span class='ocrx_word' id='word_1_304' title='bbox 20 3167 21 3204; x_wconf 63' lang='lat'><strong>,</strong></span> <span class='ocrx_word' id='word_1_305' title='bbox 102 3133 169 3182; x_wconf 90' lang='lat' dir='ltr'><strong>tum.</strong></span> <span class='ocrx_word' id='word_1_306' title='bbox 185 3141 260 3183; x_wconf 92' lang='lat' dir='ltr'><strong>nunc</strong></span> <span class='ocrx_word' id='word_1_307' title='bbox 271 3124 355 3183; x_wconf 92' lang='lat' dir='ltr'><strong>etiam</strong></span> <span class='ocrx_word' id='word_1_308' title='bbox 365 3119 540 3199; x_wconf 88' lang='lat' dir='ltr'><strong>singularum</strong></span> <span class='ocrx_word' id='word_1_309' title='bbox 549 3121 682 3182; x_wconf 89' lang='lat' dir='ltr'><strong>arborum</strong></span> <span class='ocrx_word' id='word_1_310' title='bbox 696 3120 807 3199; x_wconf 85' lang='lat' dir='ltr'><strong>largior</strong></span> <span class='ocrx_word' id='word_1_311' title='bbox 817 3137 902 3181; x_wconf 88' lang='lat' dir='ltr'><strong>vena.</strong></span> <span class='ocrx_word' id='word_1_312' title='bbox 917 3129 968 3179; x_wconf 66' lang='lat' dir='ltr'><strong>ter*</strong></span> <span class='ocrx_word' id='word_1_313' title='bbox 975 3116 1105 3179; x_wconf 88' lang='lat' dir='ltr'><strong>omnibus</strong></span> 
     </span>
    </p>

    <p class='ocr_par' dir='ltr' id='par_1_19' title="bbox 20 3203 1148 3286">
     <span class='ocr_line' id='line_1_36' title="bbox 20 3203 1148 3286; baseline -0.001 -18"><span class='ocrx_word' id='word_1_314' title='bbox 20 3261 23 3276; x_wconf 95' lang='grc'>,</span> <span class='ocrx_word' id='word_1_315' title='bbox 69 3209 263 3286; x_wconf 73' lang='lat' dir='ltr'><strong>aspernatum</strong></span> <span class='ocrx_word' id='word_1_316' title='bbox 282 3205 454 3281; x_wconf 88' lang='lat' dir='ltr'><strong>aestatibus,</strong></span> <span class='ocrx_word' id='word_1_317' title='bbox 481 3209 584 3280; x_wconf 88' lang='lat' dir='ltr'><strong>postea</strong></span> <span class='ocrx_word' id='word_1_318' title='bbox 602 3204 765 3284; x_wconf 87' lang='lat' dir='ltr'><strong>deputatur.</strong></span> <span class='ocrx_word' id='word_1_319' title='bbox 801 3203 839 3265; x_wconf 82' lang='lat' dir='ltr'><strong>ll&#39;t</strong></span> <span class='ocrx_word' id='word_1_320' title='bbox 855 3213 998 3265; x_wconf 86' lang='lat' dir='ltr'><strong>sarmenta</strong></span> <span class='ocrx_word' id='word_1_321' title='bbox 1013 3206 1086 3283; x_wconf 82' lang='lat' dir='ltr'><strong>quo-¹</strong></span> <span class='ocrx_word' id='word_1_322' title='bbox 1096 3213 1148 3270; x_wconf 82' lang='lat' dir='ltr'><strong>no</strong></span> 
     </span>
    </p>

    <p class='ocr_par' dir='ltr' id='par_1_20' title="bbox 105 3286 1103 3370">
     <span class='ocr_line' id='line_1_37' title="bbox 105 3286 1103 3370; baseline -0.007 -18"><span class='ocrx_word' id='word_1_323' title='bbox 105 3309 159 3370; x_wconf 88' lang='lat' dir='ltr'><strong>que</strong></span> <span class='ocrx_word' id='word_1_324' title='bbox 187 3293 216 3352; x_wconf 90' lang='lat' dir='ltr'><strong>in</strong></span> <span class='ocrx_word' id='word_1_325' title='bbox 236 3308 335 3351; x_wconf 87' lang='lat' dir='ltr'><strong>merce</strong></span> <span class='ocrx_word' id='word_1_326' title='bbox 359 3299 432 3350; x_wconf 84' lang='lat' dir='ltr'><strong>suut.</strong></span> <span class='ocrx_word' id='word_1_327' title='bbox 464 3286 555 3351; x_wconf 60' lang='lat' dir='ltr'><strong>fidc&#39;c</strong></span> <span class='ocrx_word' id='word_1_328' title='bbox 570 3289 626 3350; x_wconf 90' lang='lat' dir='ltr'><strong>llS.</strong></span> <span class='ocrx_word' id='word_1_329' title='bbox 652 3289 808 3366; x_wconf 88' lang='lat' dir='ltr'><strong>amputatio</strong></span> <span class='ocrx_word' id='word_1_330' title='bbox 825 3291 890 3368; x_wconf 90' lang='lat' dir='ltr'><strong>ipsa</strong></span> <span class='ocrx_word' id='word_1_331' title='bbox 912 3287 1103 3366; x_wconf 88' lang='lat' dir='ltr'><strong>surculusque</strong></span> 
     </span>
    </p>

    <p class='ocr_par' dir='ltr' id='par_1_21' title="bbox 21 3373 1103 3460">
     <span class='ocr_line' id='line_1_38' title="bbox 21 3373 1103 3460; baseline -0.006 -24"><span class='ocrx_word' id='word_1_332' title='bbox 21 3443 23 3460; x_wconf 26' lang='lat'><strong>³</strong></span> <span class='ocrx_word' id='word_1_333' title='bbox 103 3376 221 3437; x_wconf 84' lang='lat' dir='ltr'><strong>veniere</strong></span> <span class='ocrx_word' id='word_1_334' title='bbox 237 3377 310 3436; x_wconf 91' lang='lat' dir='ltr'><strong>intra</strong></span> <span class='ocrx_word' id='word_1_335' title='bbox 327 3375 453 3454; x_wconf 93' lang='lat' dir='ltr'><strong>quintum</strong></span> <span class='ocrx_word' id='word_1_336' title='bbox 472 3373 605 3434; x_wconf 83' lang='lat' dir='ltr'><strong>devictae</strong></span> <span class='ocrx_word' id='word_1_337' title='bbox 629 3389 740 3433; x_wconf 89' lang='lat' dir='ltr'><strong>annum.</strong></span> <span class='ocrx_word' id='word_1_338' title='bbox 770 3373 1001 3448; x_wconf 72' lang='lat' dir='ltr'><strong>xylobalsamum</strong></span> <span class='ocrx_word' id='word_1_339' title='bbox 1016 3387 1103 3431; x_wconf 85' lang='lat' dir='ltr'><strong>voca·</strong></span> 
     </span>
    </p>
   </div>
   <div class='ocr_carea' id='block_1_3' title="bbox 104 3451 1101 3602">
    <p class='ocr_par' dir='ltr' id='par_1_22' title="bbox 104 3451 1101 3602">
     <span class='ocr_line' id='line_1_39' title="bbox 104 3451 1101 3602; baseline -0.007 -81"><span class='ocrx_word' id='word_1_340' title='bbox 104 3469 149 3522; x_wconf 91' lang='lat' dir='ltr'><strong>tur</strong></span> <span class='ocrx_word' id='word_1_341' title='bbox 165 3470 194 3521; x_wconf 90' lang='lat' dir='ltr'><strong>et</strong></span> <span class='ocrx_word' id='word_1_342' title='bbox 210 3461 344 3541; x_wconf 90' lang='lat' dir='ltr'><strong>coquitur</strong></span> <span class='ocrx_word' id='word_1_343' title='bbox 357 3459 386 3519; x_wconf 92' lang='lat' dir='ltr'><strong>in</strong></span> <span class='ocrx_word' id='word_1_344' title='bbox 400 3458 554 3537; x_wconf 88' lang='lat' dir='ltr'><strong>unguentis</strong></span> <span class='ocrx_word' id='word_1_345' title='bbox 565 3451 619 3537; x_wconf 86' lang='lat' dir='ltr'><strong>pro</strong></span> <span class='ocrx_word' id='word_1_346' title='bbox 634 3473 707 3518; x_wconf 88' lang='lat' dir='ltr'><strong>suco</strong></span> <span class='ocrx_word' id='word_1_347' title='bbox 721 3457 798 3537; x_wconf 87' lang='lat' dir='ltr'><strong>ipso.</strong></span> <span class='ocrx_word' id='word_1_348' title='bbox 827 3454 955 3602; x_wconf 62' lang='lat' dir='ltr'><strong>pippicis</strong></span> <span class='ocrx_word' id='word_1_349' title='bbox 969 3453 1101 3516; x_wconf 88' lang='lat' dir='ltr'><strong>etiamad</strong></span> 
     </span>
    </p>
   </div>
   <div class='ocr_carea' id='block_1_4' title="bbox 0 0 1277 3842">
    <p class='ocr_par' dir='ltr' id='par_1_23' title="bbox 0 0 1277 3842">
     <span class='ocr_line' id='line_1_40' title="bbox 0 0 1277 3842; baseline 0 0"><span class='ocrx_word' id='word_1_350' title='bbox 0 0 1277 3842; x_wconf 95' lang='lat' dir='ltr'><strong> </strong></span> 
     </span>
    </p>
   </div>
  </div>
 </body>
</html>
