2542 3842
348 189 427 236 aar.
445 143 536 237 urar.
559 179 877 259 x11.3-t.(t-1s.)
1051 183 1110 246 tta
1141 181 1145 195 '
1166 135 1168 141 ι

17 397 18 406 ,
113 363 176 406 eam
197 344 337 404 aestivant
357 352 491 422 pastores
509 363 628 423 opacam
650 348 761 426 pariter
776 355 805 406 et
823 347 956 407 munitam
971 347 1052 409 vallo
1067 368 1112 410 ar·

112 430 207 504 boris,
232 429 340 488 decora
359 430 461 505 specie
477 429 576 489 subter
596 431 716 490 intuenti
735 430 879 509 proculve
892 430 1036 493 fornicato
1053 450 1112 494 arn·
1145 467 1149 470 ·

112 514 181 574 bitu.
222 512 391 592 superiores
409 513 537 572 eiusdem
552 514 622 573 rami
643 517 673 574 in
695 515 844 574 excelsum
862 515 984 575 emicant
1000 517 1108 578 silvosa
1119 529 1155 584 ιι

111 597 304 671 multitudine,
329 605 411 657 vasto
425 599 524 656 matris
546 613 689 676 corpore,
711 608 742 657 ut
759 613 807 658 Lx
821 599 932 678 'passus
952 601 1113 679 pleraeque

90 681 186 746 sorbe
206 679 359 756 colligant,
383 679 482 740 umbra
505 695 577 741 vero
599 681 664 742 bina
686 683 776 742 stadia
800 684 941 762 operiant.
978 684 1112 745 loliorum

112 764 232 826 latitudo
247 764 346 842 peltae
358 764 486 840 effigiem
497 765 691 827 Amazonicae
706 765 804 826 habet.
838 784 873 826 ea
889 767 976 827 causa
989 769 1112 829 lrncturn

111 851 243 924 integens
264 865 401 908 crescere
423 848 573 927 prohibet,
595 867 737 928 rarusque
758 858 874 910 estnec
896 850 981 911 labae
1002 854 1110 930 magni-

111 932 235 992 tudinem
261 931 424 1006 excedens,
452 933 514 992 sed·
529 951 583 1012 per
608 933 678 995 iolla
700 933 936 994 solibuscoctus
962 936 1111 1015 praedulci

16 1038 24 1059 ι
112 1033 219 1094 sapore
245 1016 346 1094 dignas
370 1017 510 1076 miraculo
541 1016 662 1077 arboris.
711 1017 851 1095 gignitur'
866 1019 944 1077 circa
965 1019 1112 1080 Acesinen
1146 1053 1150 1060 ·

79 1117 242 1161 romanume
258 1117 378 1160 amnem.

173 1185 202 1246 6.
227 1183 309 1263 (tt.)
335 1183 430 1244 Maior
450 1184 522 1260 alia,
548 1200 634 1262 pomo
657 1193 688 1244 et
707 1187 847 1246 suavitate
869 1185 1154 1264 praecellentior,24

39 1295 42 1300 ·
112 1285 169 1348 quo
191 1270 338 1346 sapientes
360 1267 493 1328 Indorum
517 1270 624 1328 vivont.
669 1268 769 1328 iolinm
789 1270 850 1328 alas
870 1272 963 1328 avium
986 1271 1111 1329 imitatur
1146 1341 1149 1347 ,

17 1403 18 1438 ,
112 1352 290 1430 longitudine
311 1353 394 1412 triam
411 1351 585 1428 cubitorum,
608 1351 757 1413 latitudine
772 1353 866 1412 doum.
901 1353 1024 1412 lructam
1045 1370 1110 1413 cor·

17 1489 19 1524 ,
111 1437 169 1496 tice
187 1436 273 1494 mittit
295 1435 490 1499 admirabilem
509 1438 571 1496 suci
587 1435 740 1496 dulcedine
755 1445 785 1505 et
799 1443 887 1498 tuate
903 1437 1112 1515 mopnitsdine

17 1571 18 1588 ξ
79 1529 213 1579 sentuno
229 1528 385 1618 quaterpos
401 1521 493 1581 satiet.
527 1521 624 1580 arbori
639 1537 743 1580 nomen
760 1521 862 1599 palae,
880 1536 967 1598 pomo
983 1521 1109 1580 arienae

17 1651 18 1692 ,
112 1603 242 1682 pluruma
266 1605 362 1662 estin
388 1603 539 1680 Sydracis,
562 1605 777 1682 expeditionum
799 1604 957 1664 Alexandri
977 1606 1109 1663 termino.

111 1685 164 1746 Est
178 1697 207 1746 et
228 1686 282 1746 alia
296 1687 395 1746 similis
411 1688 493 1763 hnic,
516 1687 628 1748 dulcior
643 1706 741 1768 pomo,
763 1687 816 1748 sed
833 1687 1045 1747 interaneorum
1059 1702 1110 1759 ιιι-

112 1771 229 1831 letudini
249 1769 384 1830 iniesta.
402 1773 533 1832 edixerat
552 1773 720 1866 Alexander
738 1789 776 1832 ne
798 1773 861 1852 quis
877 1773 997 1849 agminis
1018 1773 1062 1831 ari
1080 1772 1110 1831 id

76 1855 405 2034 ropomgindgngigeirreirta
421 1939 555 1999 arborum
570 1939 747 2000 Macedones
765 1955 922 1997 narravere
942 1941 1051 1999 maiore
1070 1958 1107 1998 ex
1118 1910 1161 2003 th
1218 1996 1221 2004 ,

112 2028 194 2098 parte
225 2021 287 2078 sine
316 2021 484 2081 nominibus
532 2021 585 2081 list
616 2032 646 2082 et
673 2021 838 2080 terebintho
867 2022 969 2081 similis
999 2031 1108 2097 cetera,

111 2119 198 2180 pomo
223 2103 399 2179 amygdalis,
428 2105 538 2163 minore
563 2114 670 2164 tantum
695 2104 906 2180 magnitudine,
931 2105 1110 2184 praecipuae

112 2187 275 2262 saeviatis,
303 2188 330 2244 in
355 2186 466 2246 Bactris
484 2190 591 2266 utique.
630 2189 704 2248 hanc
724 2187 814 2266 aliqui
830 2187 1017 2248 'terebinthon
1040 2205 1109 2248 esse

112 2271 223 2350 proprii
251 2271 368 2347 generis
398 2273 492 2348 potius
523 2289 606 2350 quam
633 2271 757 2330 similem
782 2271 814 2330 ei
833 2279 1014 2349 putaverunt.
1056 2273 1109 2332 sed

16 2407 19 2447 ἦ
56 2353 187 2414 scande
207 2355 298 2414 restis
320 2355 412 2414 lineas
434 2355 541 2415 iaciunt
562 2352 642 2416 ioiila
661 2370 744 2414 moro
766 2354 883 2430 simiis,
908 2354 1021 2430 calqce'
1029 2357 1110 2434 pomi

112 2438 305 2514 cynorrhoda.
338 2446 437 2499 serum
453 2456 515 2499 eam
531 2440 559 2499 in
574 2440 700 2518 campis,
721 2456 778 2498 nec
793 2447 839 2498 est
851 2440 963 2544 gratior
977 2437 1109 2498 villarum

132 2531 296 2602 respectus
411 2533 413 2538 ·

111 2540 131 2604 p
175 2609 202 2667 7.
222 2607 305 2686 (14.)
332 2607 415 2667 illita
438 2605 535 2669 indiae
554 2608 661 2668 sterilis
682 2616 885 2686 praeterquam
904 2607 1023 2686 oleastri
1044 2606 1102 2666 irn·
1114 2615 1149 2671 Ab

17 2757 18 2768 ,
113 2697 184 2750 etos
222 2693 329 2768 passim
344 2708 416 2752 vero
432 2709 506 2768 qaae
520 2693 611 2770 piper
625 2693 744 2768 gignnm
764 2689 894 2770 iunipiris
908 2692 1016 2748 ιιιιιίι
1032 2691 1111 2750 simii

17 2779 18 2856 }
77 2789 103 2832 sc
113 2773 173 2846 les,
196 2789 366 2853 quamquam
382 2777 409 2833 in
425 2775 520 2834 tmnte
534 2773 656 2835 Caucasi
670 2775 783 2834 solibus
798 2774 934 2851 opposita
952 2774 1031 2850 gigni
1045 2784 1107 2833 tan·

113 2865 171 2916 turn
185 2873 235 2915 eas
253 2858 340 2936 aliqui
351 2858 509 2917 tradidere.
550 2860 692 2918 seminar
712 2857 836 2937 iunipiro
858 2857 963 2916 distant
977 2857 1112 2934 parvolis

17 2945 18 2950 ’
112 2940 233 3017 siliquis,
246 2943 347 3019 quales
359 2942 387 3000 in
398 2940 538 3019 phasiolis
550 2942 690 3003 videmus.
715 2941 770 3002 hae
782 2942 948 3020 priusquam
960 2939 1109 3000 dehiscant
1120 2953 1135 2967 ⁸

17 3017 18 3026 ’
112 3023 270 3101 decerptae
285 3033 456 3104 tostaeque
454 3023 518 3083 sole
531 3023 732 3104 iaciuntqood
745 3033 866 3085 vocator
880 3025 1106 3104 piperiongum,
1150 3019 1154 3063 ;

17 3087 19 3124 '
111 3106 246 3186 paulatim
261 3124 333 3168 vero
345 3108 530 3169 dehiscentes
545 3110 706 3170 maturitate
729 3109 884 3168 ostendunt
897 3108 1047 3169 candidum
1063 3108 1107 3186 pi

16 3229 30 3297 t'
77 3207 180 3270 asper,
208 3192 284 3270 qaod
306 3192 411 3253 deinde
430 3201 535 3253 tostam
556 3193 667 3254 seimus
688 3193 790 3254 colore
811 3194 951 3272 saneque
972 3199 1105 3252 mutatur.

110 3293 209 3336 verum
226 3285 255 3336 ιι
269 3277 313 3336 his
332 3294 382 3338 sua
397 3277 498 3336 iniuria
518 3286 563 3336 est
572 3286 690 3357 ,atque
706 3277 782 3337 caeli
798 3277 969 3355 intemperie
983 3275 1104 3337 carban-
1106 3277 1149 3338 ii

16 3348 19 3367 '
113 3359 208 3422 colant
228 3361 354 3440 ilantque
370 3363 478 3422 semina
494 3379 578 3422 cassa
593 3372 623 3422 et
639 3363 733 3422 mania
743 3361 854 3444 ,quad
867 3368 973 3420 vocant
987 3360 1106 3438 bregroa

16 3424 36 3549 :f
112 3446 154 3506 sic
169 3445 303 3508 indorum
326 3447 422 3526 lingna
443 3445 622 3523 siqniilcante
641 3455 791 3506 mortnaar.
834 3445 892 3522 hec
913 3446 1142 3523 erromnlqe'«¹

882 3527 948 3589 tt*
