2542 3842
320 174 400 221 unu.
415 174 507 221 mer.
522 174 597 221 vm.
614 170 734 225 45-48.
753 162 906 240 (to-tt.)
1067 161 1106 221 77

105 339 164 404 tor,
181 329 285 387 suiset
302 328 366 405 ipsa
382 328 550 406 insignibus,
570 346 741 408 quamquam
757 330 837 404 aliis,
859 346 1034 407 semperque
1055 344 1106 389 eo·

106 415 173 474 oen
194 413 241 471 die
264 421 293 470 et
314 413 434 471 inveniri
453 424 568 484 eamet
590 414 733 491 exstingui
753 414 875 473 trudunt
911 412 1036 490 Memphi
1061 421 1107 473 cst

107 498 192 557 locus
214 498 242 555 in
260 494 327 556 Nilo
348 513 432 573 quem
453 516 469 557 a
491 498 583 574 ligura
605 507 712 557 uocant
732 497 858 557 Phialam
880 497 1008 557 omnibus
1025 497 1106 555 annis

106 581 147 640 ibi
169 598 285 639 auream
305 588 435 657 pateram
460 592 684 659 argenteamque
712 592 879 658 mergentes
904 580 1007 641 diebus
1033 597 1106 658 quos

78 664 215 726 cbabent
231 664 333 723 natalis
347 665 429 743 Apis.
460 675 572 745 septem
587 666 615 725 bi
634 675 707 739 sunt,
723 667 881 744 mirumque
897 665 1038 725 neminem
1053 682 1107 742 per

106 743 162 808 ebs
177 767 194 808 a
207 748 363 807 crocodilis
375 751 484 827 attingi,
499 760 604 809 octavo
620 760 688 828 post
701 752 800 811 boram
815 751 871 812 diei
887 758 996 809 sertam
1009 749 1106 812 redire

106 833 213 893 beluae
229 832 381 895 leuitatem,
539 875 542 879 -

172 919 222 976 47.
240 916 324 995 (72.)
352 916 455 995 llagna
477 928 507 977 et
530 919 631 996 pecori
654 918 748 994 gratia
769 917 817 976 vel
844 920 872 977 in
899 918 1087 996 placamentis
1099 927 1147 982 ret
1255 981 1258 995 ,

107 1002 227 1061 deorum
250 1002 298 1060 vel
312 1002 340 1059 in
355 1019 409 1060 usu
429 1003 579 1062 vellerum.
610 1012 642 1060 ut
662 1002 755 1061 boves
773 1002 881 1061 nictum
896 1002 1040 1062 hominum
1055 1018 1104 1061 eu·

68 1086 209 1149 recolunt
228 1086 265 1144 ita
286 1102 441 1164 corporum
456 1087 546 1146 tutela
568 1088 671 1164 pecori
692 1085 822 1145 debetur.
851 1071 1002 1162 §enecatio
1022 1084 1105 1145 bimis

105 1171 252 1245 utrimque
266 1169 303 1228 ad
315 1185 448 1229 novenos
461 1188 561 1245 annos,
576 1169 744 1247 quibusdam
762 1177 791 1227 et
806 1170 841 1229 ad
856 1170 1014 1229 decumum.
1047 1170 1104 1246 pri·
1209 1224 1215 1229 .

106 1254 226 1331 miparis
242 1255 368 1312 minores
384 1255 471 1314 ictus.
502 1255 594 1313 coitus
610 1254 741 1313 omnibus
762 1252 798 1313 ab
818 1255 924 1313 arcturi
941 1270 1059 1327 occasu,
1076 1252 1106 1313 id

106 1346 155 1397 est
169 1357 194 1397 a.
204 1337 289 1397 d.111.
305 1337 369 1396 idus
386 1337 475 1397 llaias
490 1338 526 1397 ad
540 1338 654 1416 aquilae
671 1354 807 1397 occasum
822 1350 855 1396 x.
872 1338 929 1397 bal.
947 1337 1103 1413 Augustas.

105 1431 211 1499 gerunt
221 1421 445 1499 partumdi'ebus
455 1423 790 1500 centumquinquaginta.
807 1430 910 1499 postea
920 1422 1107 1499 conoe'ptiin·¹

68 1506 206 1572 15ralidi.
241 1506 348 1565 cordos
363 1506 506 1565 vocabant
520 1508 628 1584 antiqui
647 1514 713 1584 post
730 1506 758 1565 id
775 1514 888 1583 tempus
903 1514 996 1565 natos.
1024 1505 1105 1565 multi

107 1588 245 1648 hibernos
266 1605 357 1666 agnos
388 1590 556 1667 praeierunt
575 1591 688 1663 vernis,
716 1591 848 1667 quonian
875 1591 967 1666 magis
992 1590 1107 1649 intersit
1173 1616 1175 1629 ν

34 1742 45 1757 ⁴
107 1682 173 1731 ante
190 1674 341 1732 solstitium
354 1692 436 1752 quam
450 1682 516 1733 ante
530 1674 659 1743 brumam
675 1670 774 1733 firmos
797 1691 863 1733 esse
881 1674 1034 1750 solumque
1048 1674 1105 1732 boc

107 1758 211 1817 animal
232 1758 340 1817 utiliter
360 1758 458 1817 bruma
480 1760 570 1818 nasci.
600 1760 683 1818 arieti
699 1758 829 1817 naturale
843 1776 933 1834 agnas
946 1757 1088 1833 fastidire,
1096 1765 1147 1820 188

107 1849 255 1901 senectam
273 1844 368 1901 orium
384 1844 557 1918 sonsectari,
583 1845 691 1921 etipse
714 1850 832 1901 senecta
847 1842 966 1918 melior,
991 1842 1106 1901 mutilus

67 1949 98 1989 no
108 1942 226 2003 quoque
241 1926 347 1983 utilior.
378 1927 489 1987 ferocia
507 1929 569 1985 eius
587 1927 737 1985 cohibetur
747 1943 842 1991 ,cornu
856 1927 934 1985 iuxta
948 1943 1047 1985 aurem
1063 1934 1105 1985 te·

15 2007 16 2012 ’
107 2009 235 2069 rebrato.
267 2008 372 2067 dextro
387 2019 463 2068 teste
480 2010 644 2087 praeligato
660 2010 779 2068 feminas
796 2018 929 2083 generat,
946 2009 1032 2068 laeuo
1047 2026 1105 2069 raa-

107 2095 158 2153 ris.
192 2093 314 2150 tonitrua
330 2092 467 2152 solitariis
481 2092 583 2151 ouibus
600 2092 717 2151 abortus
732 2092 865 2150 inierunt.
887 2091 1045 2151 remedium
1060 2101 1106 2152 est

108 2193 292 2251 congregare
314 2194 383 2251 eas,
406 2184 438 2234 ut
468 2186 553 2235 coetu
584 2177 724 2234 inventur.
761 2175 903 2252 aquilonis
919 2174 987 2235 batn
1001 2176 1088 2235 maris
1097 2185 1147 2240 189

109 2258 225 2335 concipi
246 2258 359 2334 dicunt,
380 2261 468 2319 austri
491 2258 627 2334 feminas,
650 2267 737 2336 atque
759 2261 789 2317 in
803 2276 842 2317 eo
857 2276 968 2336 genere
985 2260 1105 2317 arietum

68 2360 240 2406 mmaxume
263 2352 431 2421 spectantur
452 2360 520 2419 ora,
536 2344 603 2422 quia
627 2344 709 2402 ouius
733 2342 841 2403 coloris
864 2342 917 2403 sub
939 2342 1036 2417 lingua
1056 2340 1105 2401 ha·

108 2428 201 2487 brere
214 2444 304 2485 venas
323 2428 385 2486 eius
401 2436 431 2486 et
445 2428 577 2487 lanicium
594 2428 624 2485 in
640 2428 701 2487 fetu
717 2436 777 2501 est,
802 2428 980 2503 verbumque,
998 2427 1024 2485 si
1038 2425 1104 2503 plu·

107 2529 157 2570 res
169 2510 262 2569 fuere.
280 2520 309 2570 et
319 2513 436 2571 mutatio
452 2529 588 2590 aquarum
600 2520 745 2589 potusque
757 2513 858 2570 uariat.
882 2509 1105 2569 Orium'summa

108 2611 218 2673 genera
241 2594 313 2670 duo,
336 2604 443 2655 tectum
460 2606 490 2654 et
511 2596 688 2670 colonicam,
704 2594 775 2655 illud
790 2595 922 2668 mollius,
941 2594 996 2671 boc
1012 2595 1039 2653 in
1055 2610 1104 2671 pa·

16 2718 20 2730 .
109 2694 181 2737 scuo
200 2678 370 2756 delicatius,
391 2682 500 2758 quippe
520 2698 583 2738 cunr
606 2688 714 2739 tectum
732 2678 812 2737 rubis
833 2685 978 2737 vescetur.
1008 2678 1103 2755 operi-

68 2770 205 2822 someuta
220 2764 248 2822 ei
263 2780 301 2821 ex
315 2763 449 2823 Arabicis
465 2765 629 2842 praecipua.

172 2843 223 2905 48.
241 2846 323 2926 (73.)
346 2846 422 2905 Lana
437 2856 530 2905 autem
546 2846 843 2922 laudatissimaApula
859 2855 888 2903 ct
903 2862 980 2922 quae
991 2844 1023 2903 in
1034 2842 1088 2905 lte·
1095 2854 1148 2908 190

109 2930 148 2990 lia
170 2927 275 2989 Graeci
296 2931 414 3007 pecoris
440 2929 619 3007 appellatur,
636 2930 706 2989 alibi
727 2928 835 2987 Italica.
873 2930 987 2987 tertium
1009 2927 1105 2987 locum

109 3012 243 3073 Milesiae
261 3030 334 3073 oves
348 3015 487 3091 optinent.
517 3012 631 3090 Apulae
648 3012 754 3071 breves
769 3012 840 3072 villo
856 3029 911 3071 nec
926 3013 980 3071 nisi
998 3028 1103 3089 paenu-

109 3098 147 3156 lis
160 3096 305 3156 celebres.
335 3098 412 3157 eirca
433 3096 586 3156 Tarentum
607 3094 817 3173 Canusiumque
848 3114 982 3157 summam
1002 3093 1104 3155 nobili·

70 3188 200 3239 estatem
215 3182 334 3255 habent,
359 3182 387 3237 in
408 3180 477 3239 Asia
495 3198 566 3239 vero
587 3180 691 3239 eodem
710 3198 820 3256 genere
836 3179 1008 3240 Laodiceae.
1039 3177 1105 3237 alba

110 3261 346 3342 Circumpadanis
360 3264 437 3323 nulla
455 3264 633 3341 praefertur,
649 3282 706 3323 nec
724 3264 797 3324 libra
814 3274 953 3325 centenos
976 3278 1103 3325 nummos

109 3346 148 3406 ad
166 3346 222 3406 boc
235 3350 300 3407 aevi
318 3348 446 3414 excessit
461 3347 527 3406 ulla.
550 3364 622 3406 oves
636 3365 693 3408 non
709 3349 814 3425 ubique
828 3348 991 3421 tondentur,
1008 3347 1146 3411 duratlsl

111 3430 281 3508 quibusdam
291 3431 402 3492 inlocis
412 3431 541 3492 vellendi
550 3448 623 3491 mos.
635 3432 765 3493 colorum
774 3433 983 3512 pluragenera,
995 3430 1103 3511 quippe
