2542 3842
334 206 414 251 nnn.
430 204 520 251 nnsn.
536 204 609 249 vm.
621 200 740 253 at-ao.
756 192 908 272 (et—38.)
1080 197 1120 257 59

120 358 366 439 praedivinatione
382 357 504 435 quadam
513 357 549 416 ad
561 374 647 435 quem
659 374 767 416 summo
780 368 865 418 auctu
879 376 914 418 eo
930 378 1003 419 anno
1019 378 1119 437 egres·

120 462 202 503 surus
219 452 264 503 est
278 442 370 502 Nilus.
402 460 456 499 nec
474 442 550 500 aliud
565 441 667 499 animal
682 459 719 499 ex
732 443 842 501 minore
859 445 970 526 origine
988 446 1015 503 in
1030 447 1118 506 maio·

119 547 180 588 rem
201 528 309 587 crescit
332 526 563 601 magnitudinem.
600 534 629 583 et
651 525 792 625 unguibus
814 537 907 587 autem
930 538 1054 589 armatus
1075 540 1119 589 ιιι

120 621 221 673 contra
236 612 328 671 omnis
343 612 417 669 ictus
434 618 500 677 cute
515 610 631 668 invicta
656 609 749 668 dies
741 629 768 668 m
793 620 870 671 terra
886 614 964 690 agit,
981 615 1075 674 noctis
1090 600 1140 673 in

96 716 203 776 taqua,
220 696 332 773 teporis
350 690 502 772 utrumque
516 693 639 755 ratione.
670 693 745 752 hunc
766 704 891 755 saturum
915 695 980 755 cibo
997 699 1161 775 piscium9o

118 791 148 841 et
163 789 282 858 semper
299 778 452 838 esculento
474 795 527 837 ore
549 779 577 837 in
591 778 677 837 litore
699 794 800 838 somno
823 779 917 839 datum
939 798 1029 858 parva
1045 784 1117 858 avis,

118 883 194 944 quae
209 864 349 924 trochilos
364 862 405 922 ibl
418 871 548 937 vocatur,
561 880 614 921 rex
629 863 721 921 avium
734 865 761 921 in
776 863 980 938 ltalia,1nvitat
995 866 1030 925 ad
1039 865 1118 924 hian-

118 952 184 1010 dum
206 948 301 1027 pabuli
324 948 368 1006 sui
382 948 491 1024 gratia,
516 964 550 1004 os
572 948 691 1023 primum
713 948 774 1007 eius
790 948 921 1008 adsultim
944 966 1117 1027 repurgans,

118 1051 186 1093 mox
202 1034 294 1092 dentis
311 1040 340 1091 et
355 1033 431 1091 intus
445 1030 538 1090 lancis
554 1047 670 1127 quamne
683 1031 718 1089 ad
734 1030 806 1091 hanc
830 1032 968 1091 scabendi
990 1033 1117 1093 dulcedi·

82 1138 107 1179 ιι
117 1135 182 1177 nem
199 1134 282 1194 qnam
297 1104 428 1174 maxume
444 1114 604 1193 biantis,1n
619 1132 674 1191 qua
692 1114 843 1193 voluptate
864 1132 965 1175 somno
984 1134 1117 1194 pressum

104 1204 304 1300 'conspicatus
324 1200 498 1260 ichneumon
519 1217 573 1276 per
595 1197 713 1257 casdem
734 1198 827 1258 laucis
846 1208 876 1259 nt
896 1200 984 1259 telum
1000 1200 1116 1277 aliquod

116 1287 249 1345 inmissus
266 1284 360 1344 crodit
374 1284 479 1343 alvom.

181 1369 265 1449 (38.)
289 1367 396 1428 Similis
409 1366 570 1442 crocodilo,
583 1366 636 1425 sed
652 1367 744 1424 minor
759 1366 844 1425 etiam
857 1367 1058 1442 ichneumone,
1071 1378 1115 1427 est
1125 1377 1156 1431 91

117 1456 146 1513 in
169 1452 236 1512 Nilo
257 1462 340 1511 natus
365 1452 497 1525 scincos,
522 1460 623 1510 contra
643 1468 755 1509 venena
776 1452 950 1528 praecipuus
970 1452 1115 1526 antidotia,

83 1558 106 1599 ιι
116 1540 184 1597 item
198 1538 235 1596 ad
250 1536 476 1596 inflammandam
491 1536 616 1594 virorum
632 1552 778 1593 venerem.
806 1553 905 1593 verum
921 1537 949 1594 in
964 1535 1115 1595 crocodilo

115 1623 207 1681 maior
223 1631 286 1682 erat
307 1621 398 1700 pestis
416 1636 500 1697 qnam
514 1628 544 1678 ut
566 1635 623 1677 nno
640 1629 719 1678 esset
742 1620 805 1677 eius
828 1618 912 1678 hoste
930 1628 1030 1679 natura
1047 1636 1114 1679 con·

116 1715 204 1766 tenta.
237 1707 335 1783 ltaque
352 1714 380 1763 et
396 1703 523 1781 delphini
538 1704 697 1762 inmeantes
708 1701 787 1777 Nilo,
805 1720 925 1780 quorum
940 1704 1028 1764 dorso
1045 1713 1113 1763 tam·

117 1808 201 1868 quam
215 1789 251 1849 ad
264 1788 339 1848 hunc
354 1806 434 1846 usum
446 1787 593 1848 cultellata
604 1789 679 1847 inest
692 1788 787 1865 pinna,
801 1786 953 1863 abigentes
966 1805 1018 1847 eos
1031 1805 1114 1866 prae-

117 1875 181 1934 dam
199 1892 234 1933 ac
247 1873 327 1932 velut
341 1874 370 1930 in
387 1889 438 1931 suo
454 1880 560 1931 tantum
579 1889 661 1930 amne
677 1872 834 1947 regnantis,
856 1871 984 1950 alloquin
999 1874 1114 1949 inpares

80 1958 225 2019 mviribns
241 1958 296 2035 ipsi
318 1966 381 2017 astu
402 1957 572 2016 interimunt.
604 1955 711 2015 callent
727 1956 801 2013 enim
821 1956 849 2014 in
864 1955 922 2015 hoc
938 1964 1041 2015 cuncta
1056 1958 1113 2015 ani·

116 2041 211 2115 malla,
229 2042 380 2119 sciuntque
396 2057 454 2097 uon
474 2057 526 2098 sua
540 2039 627 2098 modo
649 2038 799 2098 commoda
821 2057 921 2097 verum
942 2050 971 2098 et
990 2040 1114 2099 hostium

116 2125 250 2199 adversa,
267 2133 372 2184 norunt
385 2141 437 2182 sua
453 2124 528 2197 tela,
543 2132 648 2181 norunt
667 2122 839 2181 occasiones
862 2125 1010 2199 partisque
1031 2123 1113 2183 dissi·

116 2209 244 2269 dentium
258 2208 383 2268 inbellis.
407 2208 436 2265 in
451 2216 553 2265 ventre
571 2206 665 2265 mollis
682 2215 727 2265 est
744 2207 896 2283 tenuisque
922 2208 994 2265 cutis
1010 2224 1112 2266 croco-

115 2293 185 2352 dilo.
216 2293 282 2352 ideo
295 2311 328 2351 se
344 2301 374 2351 ut
388 2292 480 2351 territi
494 2299 626 2367 mergunt
641 2289 767 2367 delphini
784 2289 999 2367 subeuntesque
1018 2291 1112 2351 alvom

79 2396 106 2437 ιι
116 2378 167 2437 llla
185 2386 285 2436 secant
301 2378 393 2454 spina.
426 2377 493 2452 qniu
513 2385 541 2435 et
556 2393 629 2451 gens
645 2374 787 2433 hominnm
804 2384 849 2433 est
864 2374 930 2434 huic
944 2374 1048 2434 beluae
1061 2374 1108 2434 ad·
1121 2386 1154 2438 92

115 2477 203 2521 versa
218 2462 246 2518 in
262 2463 327 2539 ipso
342 2458 410 2518 Nilo
425 2477 442 2518 a
458 2457 575 2533 Tentyri
591 2458 683 2517 insula
704 2461 731 2517 in
753 2476 806 2536 qua
823 2459 932 2519 habitat
955 2458 1111 2539 appellata.

115 2562 250 2603 mensura
271 2562 370 2603 eorum
385 2560 490 2621 parva,
515 2544 567 2602 sed
589 2545 753 2622 praesentia
775 2544 858 2602 animi
877 2546 905 2602 in
927 2544 983 2602 hoc
1006 2552 1111 2603 tantum

115 2647 169 2688 usu
184 2629 264 2687 mira.
283 2627 419 2688 terribilis
432 2628 506 2687 haec
518 2637 618 2687 contra
628 2627 765 2704 fugientis
777 2627 862 2687 belua
875 2636 930 2700 cst,
942 2627 1032 2703 fugax
1044 2644 1111 2686 con·

115 2721 159 2770 tra
174 2713 331 2789 sequentis.
361 2712 512 2772 adversum
528 2712 642 2771 ire-soli
658 2712 687 2771 hi
702 2712 817 2789 audent,
841 2712 888 2788 qui
904 2718 933 2768 et
945 2710 1049 2770 llumini
1068 2713 1107 2770 in·
1119 2719 1154 2773 93

79 2804 226 2870 sonatant,
249 2796 396 2893 dorsoque
420 2796 604 2874 equitantium
629 2796 716 2854 modo
736 2795 852 2874 inpositi
870 2793 1012 2853 hiantibus
1032 2814 1111 2854 resu-

112 2882 181 2959 pino
200 2880 294 2961 capite
310 2880 346 2939 ad
360 2896 486 2937 morsum
501 2878 627 2937 addita
620 2898 648 2937 m
662 2897 696 2938 os
712 2879 805 2953 clava,
822 2895 838 2936 a
855 2878 956 2937 dextra
975 2896 1010 2937 ae
1028 2879 1112 2939 laeva

113 2974 250 3024 tenentes
273 2973 403 3024 extrema
427 2964 489 3021 eins
510 2964 668 3040 utrimque,
692 2972 720 3021 ut
742 2960 864 3020 irenis'
856 2972 1005 3021 interram
1025 2972 1112 3038 agunt
1170 3016 1172 3024 .

114 3050 257 3126 captivos,
274 3065 308 3107 ac
323 3065 399 3106 voce
416 3048 501 3107 etiam
515 3045 579 3105 sola
601 3048 718 3105 territos
735 3054 841 3144 coguut
857 3062 994 3105 evomere
1010 3063 1110 3105 recen-

113 3134 152 3194 tia
173 3150 299 3211 corpora
321 3132 357 3191 ad
379 3131 563 3209 sepulturam.
597 3132 693 3207 itaque
715 3130 762 3189 uni
784 3122 812 3187 ei
835 3130 945 3191 insulae
970 3128 1111 3189 crocodili

78 3231 104 3274 ιι
114 3235 171 3276 non
186 3218 305 3290 adnant,
322 3216 489 3292 olfactuque
504 3216 567 3273 eins
582 3216 700 3290 generis
721 3214 881 3289 hominum,
905 3224 936 3273 ut
950 3212 1111 3288 Psyllorum

114 3310 284 3377 serpentes,
317 3299 460 3376 fugantur.
506 3297 635 3357 llebetes
660 3299 762 3359 oculos
789 3296 845 3357 hoc
874 3297 977 3357 animal
1006 3297 1154 3359 dicitur9a
1244 3330 1245 3333 ι

113 3383 221 3443 habere
250 3386 278 3443 in
303 3401 393 3462 aqua,
424 3392 506 3443 extra
537 3385 668 3443 acerrimi
694 3385 789 3457 visus,
816 3392 1007 3461 quattuorque
1033 3399 1111 3439 men-

113 3484 164 3527 ses
178 3466 279 3530 bienna
304 3485 421 3545 semper
440 3466 534 3527 inedia
547 3470 707 3527 tramittere
733 3468 762 3557 iu
788 3484 889 3545 specu.
921 3464 1033 3544 quidam
1053 3464 1111 3525 hoc
