2542 3842
169 139 226 201 160
383 195 389 205 „
542 122 851 199 o.rr.1rtissouan1

165 304 370 383 Peloponneso
384 302 439 366 sita
455 310 529 378 suut,
545 309 720 382 utraqueex
733 310 816 381 parte
832 300 954 362 velutin
969 299 1163 362 umerisllel·

165 388 249 463 ladis,
265 387 373 465 Pagaei
388 394 417 447 et
432 387 553 465 amplius
568 385 828 463 Aegosthenenses
843 384 998 465 contributi
1009 382 1162 461 Megaren-

165 470 255 531 sibus.
285 472 313 530 in
331 488 382 532 ora
400 479 494 531 autem
509 479 609 549 portus
625 467 805 545 Schoenos,„
817 468 925 546 oppida
941 467 1045 543 Sidus,
1063 465 1162 527 Crem·

164 572 267 628 myon,
285 555 418 615 Scironia
440 572 510 614 saxa
533 552 573 612 vl
590 552 620 612 M
641 551 836 629 longitudine,
861 549 1011 626 Geranea,
1032 549 1162 627 Megara,

122 651 157 704 24
166 636 295 697 Eleusin.
321 637 404 697 luere
421 645 450 695 et
465 633 582 710 Oenea,
598 634 810 695 Probalinthos.
832 652 908 693 nunc
923 642 987 693 sunt
1002 633 1038 693 ab
1053 631 1186 696 Isthmos

164 719 213 779 LV
228 719 259 778 M
272 738 350 798 pass.
384 719 521 781 Piraeeus
536 726 566 777 et
580 716 704 777 Phalera
721 728 822 795 portus
838 716 865 775 V
879 715 908 775 M
925 734 1003 794 pass.
1019 734 1100 775 muro
1117 736 1162 777 re·

165 802 335 864 cedentibus
358 802 480 862 Athenis
502 800 598 860 iuncti.
633 797 725 861 libera
750 800 961 873 haeccivitas,
984 816 1041 859 nec
1066 800 1164 876 indiga

164 886 248 946 ullius
268 885 410 963 praeconi
432 881 563 960 amplius.
589 890 667 941 tanta
690 881 806 941 claritas
826 881 986 959 superbuit.
1017 881 1049 941 ln
1062 880 1164 943 Attica

163 970 259 1030 lantes
285 965 439 1043 Cephisia,
469 963 590 1039 Larino,
623 960 767 1024 Callirroe
794 962 1019 1039 Enneacrunos,
1048 975 1163 1025 montes

163 1050 325 1123 Brilessus,
342 1048 520 1125 Aegaleos,
538 1046 664 1122 lcarius,
682 1045 851 1122 Hymettos,
869 1044 1062 1123 Lycabettus,
1078 1048 1161 1108 locus
1172 1068 1198 1108 ro

163 1133 258 1193 llisos.
283 1150 299 1192 a
315 1132 437 1192 Piraeeo
453 1130 529 1191 xlv
544 1127 573 1190 M
588 1148 666 1210 pass.
693 1131 810 1189 Sunium
824 1132 1068 1208 promontorium,
1086 1131 1161 1191 Tho·

162 1218 249 1277 ricos'
267 1214 512 1294 promontorium,
538 1214 825 1288 Potamos,.Steria,
848 1213 993 1288 Brauron,
1018 1214 1162 1290 quondam

164 1299 281 1377 oppida,
300 1298 444 1358 Rhamnus
460 1315 569 1376 pagus,
586 1298 670 1357 locus
684 1295 851 1371 Marathon,
867 1312 985 1374 campus
1001 1295 1159 1372 Thriasius,

164 1382 300 1460 oppidum
315 1379 413 1440 Melita
429 1390 459 1439 et
474 1379 589 1456 Oropus
604 1381 632 1439 in
648 1379 772 1439 conlinio
787 1378 938 1438 Boeotiae.

120 1476 155 1527 25
224 1463 307 1541 (12.)
325 1460 412 1521 Cuius
428 1462 593 1535 Anthedon,
612 1460 786 1535 Onchestos,
803 1461 950 1539 Thespiae
968 1460 1091 1520 liberum
1108 1478 1160 1539 op·
1172 1484 1199 1524 15

163 1547 270 1626 pidum,
286 1544 432 1619 lebadea,
449 1561 505 1603 nec
523 1544 664 1603 cedentes
675 1543 798 1603 Athenis
814 1544 945 1605 claritate
958 1562 1033 1621 quae
1051 1561 1161 1621 cogno-

161 1631 300 1687 minantur
321 1627 462 1687 Boeotiae
486 1624 623 1701 Thebae,
648 1627 767 1686 duorum
787 1628 929 1686 numinum
952 1625 1049 1686 hiberi
1074 1637 1162 1706 atque

161 1710 306 1784 Herculis,
324 1718 355 1768 ut
369 1709 484 1783 volunt,
508 1710 610 1787 patria.
643 1719 671 1768 et
687 1709 776 1770 Musis
792 1710 888 1769 natale
903 1710 931 1767 in
948 1725 1067 1768 nemore
1082 1709 1161 1770 Heli-

163 1793 244 1853 conis
260 1792 420 1868 adsignant.
450 1790 531 1851 datur
547 1801 576 1850 et
592 1791 638 1851 his
658 1791 767 1852 Thebis
782 1793 871 1852 saltus
887 1790 1054 1867 Cithaeron,
1071 1794 1162 1852 amnis

162 1875 300 1934 Ismenus.
332 1874 489 1935 Praeterea
505 1874 602 1933 fontes
619 1876 648 1932 iu
665 1873 981 1952 Boeotia-Oedipodis,
997 1874 1160 1950 Psamatbe,
1171 1894 1213 1933 ao·

161 1957 267 2031 Dirce,
283 1954 448 2034 Epicrane,
466 1956 627 2031 Arethusa,
644 1956 848 2034 Hippocrene,
864 1958 1035 2036 Aganippe,
1052 1955 1160 2034 Garga·

163 2039 239 2116 phie.
257 2048 371 2099 montes
383 2048 465 2100 extra
478 2040 644 2117 praedictos
655 2037 831 2115 Mycalesus,
847 2040 995 2115 Hedylius,
1007 2040 1159 2099 Acontius.

119 2116 271 2200 toreli'qua
289 2123 397 2200 oppida
419 2123 493 2183 inter
510 2120 686 2200 Megaricam
709 2132 739 2183 et
755 2121 871 2184 Thebas
887 2122 1081 2197 Eleutheros,
1103 2121 1160 2182 lla-

161 2206 270 2280 liartus,
287 2204 433 2280 Plataeae,
449 2205 573 2281 Pherae,
589 2206 753 2285 Aspledon,
769 2205 855 2281 Hyle,
871 2204 990 2281 Thisbe,
1003 2204 1158 2281 Erythrae,

161 2286 272 2360 Clissa,
292 2283 409 2364 Copae,
433 2289 510 2347 iuxta
529 2285 685 2365 Cophinum
701 2306 811 2349 amnem
827 2287 942 2347 hamiae
959 2297 988 2345 et
1004 2287 1156 2363 Anichiae,
1170 2301 1197 2341 2⁵

160 2368 296 2442 Medeon,
312 2369 472 2443 Phlygcne,
489 2367 671 2445 Acraephia,
690 2367 840 2443 Coronea,
857 2366 1038 2428 Chaeronea.
1067 2370 1095 2427 in
1108 2387 1160 2429 ora

160 2458 255 2508 autem
269 2448 343 2507 inira
359 2449 474 2507 Thebas
492 2445 618 2523 Ocalee,
634 2448 765 2523 Heleon,
782 2450 905 2521 Scolos,
924 2450 1089 2525 Schoenos,
1106 2451 1159 2511 Pe·

159 2540 238 2604 teon,
256 2528 356 2603 Hyrie,
372 2528 550 2603 Mycalesos,
562 2528 702 2604 lreseum,
719 2530 851 2605 Pteleon,
866 2528 1012 2605 Olyarum,
1025 2530 1160 2607 Tanagra

87 2676 93 2686 ,
160 2611 236 2672 liber
251 2612 392 2687 populus,
419 2620 448 2669 et
464 2612 492 2669 in
507 2612 579 2687 ipsis
593 2611 725 2671 faucibus
739 2611 840 2689 Euripi
856 2629 941 2689 quem
955 2613 1026 2671 lacit
1042 2613 1159 2675 obiecta

159 2694 252 2753 insula
267 2691 387 2753 Euboea
407 2693 489 2753 Aulis
511 2693 741 2770 capactsnobilts
761 2702 855 2772 portu.
886 2694 1014 2754 Boeotos
1031 2694 1195 2769 Hyantasao

117 2776 311 2853 hiantiquitus
334 2776 445 2835 dixere.
474 2774 563 2853 Locri
582 2776 688 2835 deinde
709 2775 900 2855 Epicnemidii
922 2779 1159 2852 cognominantur

160 2859 228 2917 olim
242 2856 368 2934 heleges
387 2856 540 2935 appellati,
557 2876 612 2936 per
627 2875 701 2936 quos
719 2860 808 2919 amnis
827 2857 970 2937 Cephisus
984 2860 1114 2919 defertur
1130 2862 1158 2919 in
1237 2903 1245 2911 -

159 2957 248 2999 mare.
276 2939 383 3018 oppida
400 2938 497 3018 Opus,
515 2941 636 3000 undeet
654 2942 733 3002 sinus
748 2941 899 3019 Opuntius,
916 2938 1024 3016 Cynos.
1054 2942 1156 3002 Phoci·

160 3020 204 3079 dis
226 3022 255 3079 in
276 3022 360 3079 litore
385 3041 469 3081 unum
495 3022 643 3099 Daphnus.
672 3024 811 3082 introrsus
836 3033 930 3083 autem
950 3022 1031 3082 Laris
1054 3024 1156 3084 Elatea

131 3111 190 3161 eet
209 3102 323 3179 in'ripa
349 3102 484 3181 Cephisi,
512 3113 543 3163 ut
569 3105 706 3179 diximus,
733 3106 846 3179 Lilaea,
872 3105 1064 3184 Delphosque
1090 3124 1191 3166 ver-as

160 3200 210 3242 sae
227 3179 342 3241 Cnemis
365 3194 394 3242 et
403 3184 586 3263 Hyampolis.
602 3200 713 3247 ‘rursus
729 3187 884 3247 locrorum
899 3204 967 3263 ora,
988 3188 1017 3246 in
1032 3206 1088 3265 qua
1101 3187 1153 3247 La·

159 3282 273 3339 rymna,
302 3264 471 3340 Thronium,
498 3268 575 3328 iuxta
600 3269 679 3345 quod
702 3268 843 3345 Boagrius
869 3272 959 3329 amnis
981 3271 1110 3330 deiertur
1126 3272 1154 3328 in

159 3364 247 3407 mare.
275 3347 381 3424 oppida
404 3346 563 3426 Narycum,
580 3347 692 3428 Alope,
714 3351 864 3430 Scarphia.
895 3360 998 3429 postea
1015 3349 1153 3412 Maliacus
