2542 3842
180 133 220 189 44
524 140 554 185 o.
571 140 666 185 aurun
683 138 831 185 saeuum

279 220 292 245 .

76 299 79 311 '
181 312 322 372 spernens
337 278 464 369 resdgia
478 292 600 351 bominis
614 294 679 349 riso
694 248 851 351 transferre
866 292 970 351 dieitur
986 296 1117 371 protinus
1134 314 1180 355 ca·
1253 283 1255 356 l

180 379 266 439 tulos.
299 395 422 457 quonam
437 378 522 436 modo
540 374 658 453 agnito?
680 376 727 434 nbi
749 386 814 435 ante
837 386 998 453 conspecto
1021 378 1072 437 illo
1095 397 1180 457 quern

181 459 281 521 timet‘l
309 464 414 521 etenim
441 461 507 521 talis
523 460 613 518 silvas
642 462 766 519 minume
789 460 965 537 frequentari
989 472 1099 521 certum
1126 472 1179 521 est.

181 564 251 606 suae
263 548 400 605 mirentur
413 548 503 621 ipsam
522 544 627 619 vestigi
643 547 796 605 raritatem.
821 545 873 604 sed
890 546 963 605 unde
976 547 1068 605 sciunt
1080 548 1180 609 timen-

179 631 245 691 dum
257 627 345 689 esse?
358 633 443 689 immo
454 646 526 687 vero
538 646 589 687 cnr
600 627 648 686 vel
658 629 748 705 ipsius
762 637 950 707 conspectum
963 639 1086 708 paveant
1098 639 1177 690 tauto
1190 657 1201 692 5

179 714 305 789 viribus,
337 714 546 791 magnitudine,
564 711 736 770 'velocitate
766 710 1015 788 praestantiores?
1050 715 1179 779 nimirum

179 797 253 857 baec
268 808 314 857 est
329 808 428 857 natanta
444 815 550 870 rernm,
569 796 643 855 baec
660 797 788 873 potentia
805 798 883 871 eius,
901 798 1084 857 saevissimas
1102 799 1178 857 lera-

180 900 241 941 rnm
270 898 475 958 maxumeque
505 898 659 957 numquam,
675 880 783 939 vidisse
815 881 891 957 quod
919 881 1045 943 debeant
1077 884 1178 942 timere

181 975 210 1025 et
226 968 320 1025 statim
334 966 509 1041 intellegere
524 966 638 1023 comsit
654 964 815 1023 timendum.

94 1084 103 1096 ·
140 1062 171 1113 11
248 1052 276 1109 5.
298 1050 452 1128 Elephanti
469 1050 611 1125 gregatim
626 1066 744 1125 semper
752 1048 957 1124 ingrediuntur.
982 1048 1059 1109 ducit
1076 1068 1179 1126 agmen
1189 1074 1211 1112 ro

180 1151 326 1194 muamus
342 1143 419 1206 natu,
435 1136 516 1209 cogit
533 1143 628 1193 aetate
649 1150 813 1211 proxumus.
843 1150 952 1192 amnem
968 1135 1111 1192 transituri
1129 1137 1178 1192 mi-

180 1235 282 1277 uumos
303 1220 505 1296 praemittunt,
530 1236 567 1275 ne
587 1218 723 1275 maiorum
750 1218 883 1293 ingressu
908 1226 1048 1279 atterente
1065 1219 1178 1277 alveum

180 1311 294 1362 crescat
319 1304 426 1378 gurgiti
449 1301 578 1361 altitudo.
606 1301 757 1377 Antipater
769 1310 870 1359 auctor
888 1310 932 1359 est
947 1302 1019 1360 duos
1032 1301 1177 1361 Antiocho

181 1388 245 1461 regi
267 1388 294 1443 in
310 1386 425 1444 bellicis
450 1385 549 1443 usibus
572 1384 700 1443 celebris
725 1386 809 1443 etiam
835 1386 1053 1461 cognominibus
1075 1386 1176 1444 fuisse.

181 1470 285 1530 etenim
303 1486 412 1527 novere
429 1486 472 1528 ea.
504 1478 584 1526 certe
599 1467 684 1541 Cato,
701 1486 764 1525 cnm
780 1470 983 1544 imperatorum
996 1470 1110 1528 nomina
1128 1488 1175 1527 an·
1189 1492 1212 1531 15

180 1551 292 1611 nalibns
308 1552 475 1624 detraxerit,
493 1570 556 1609 enm
571 1553 619 1627 qui
636 1551 793 1609 fortissime
814 1551 972 1627 proeliatus
990 1564 1068 1611 esset
1084 1555 1112 1611 in
1124 1553 1176 1611 Pu·

139 1644 172 1698 12
180 1637 243 1693 nica
258 1637 333 1707 acie,
350 1636 453 1693 Surum
467 1633 581 1692 tradidit
595 1642 727 1691 vocatum
744 1634 837 1692 altero
853 1633 937 1692 dente
952 1637 1089 1705 mutilato.
1119 1638 1178 1694 An·

180 1716 278 1777 tiocbo
308 1718 409 1776 vadum
430 1717 551 1775 dominis
577 1717 739 1793 experienti
762 1718 855 1774 renuit
876 1717 966 1789 Aiax,
989 1720 1096 1795 alioqui
1120 1720 1180 1779 dux

179 1800 300 1875 agminis
315 1817 442 1877 semper.
469 1809 528 1857 tum
541 1802 750 1877 pronuntiatum
767 1801 828 1857 eius
844 1801 908 1858 iore
923 1802 1112 1877 principatum
1130 1806 1180 1883 qui

178 1885 340 1958 transisset,
358 1902 514 1962 ausumque
527 1883 690 1942 Patroclum
705 1883 742 1941 ob
759 1884 787 1942 id
800 1884 927 1961 phaleris
943 1887 1099 1961 argenteis,
1119 1905 1177 1964 qno
1188 1907 1212 1945 ro

180 1985 312 2027 maxume
328 1968 464 2046 gaudent,
492 1977 521 2026 et
538 1968 652 2044 reliquo
676 1970 751 2027 omni
768 1970 888 2045 primatu
907 1968 1031 2028 donavit.
1059 1967 1112 2028 ille
1130 1973 1178 2049 qul

178 2052 331 2113 notabatur
347 2053 441 2111 inedia
457 2061 577 2111 mortem
594 2053 766 2128 ignominiae
784 2052 928 2129 praetulit.
955 2054 1041 2112 miros
1053 2070 1178 2133 namque

179 2137 273 2213 pudor
288 2145 344 2211 est,
359 2139 514 2214 victusque
529 2154 632 2194 vocem
648 2136 721 2213 sugit
735 2138 865 2210 victoris,
882 2145 988 2196 terram
1016 2154 1050 2195 ac
1070 2138 1177 2196 verbe-

138 2226 231 2282 13‘nas
255 2223 387 2299 porrigit.
418 2221 530 2297 pudore
551 2238 700 2296 numquam
724 2222 776 2278 nisi
800 2220 827 2277 in
853 2220 949 2279 abdito
977 2230 1098 2295 coeunt,
1114 2238 1177 2279 mas

179 2306 386 2384 quinquennis,
403 2304 507 2361 femina
529 2303 676 2361 decennis.
710 2305 794 2362 initur
816 2312 909 2361 autern
929 2304 1044 2363 biennio
1068 2304 1173 2381 quinis,
1187 2328 1213 2367 25

92 2389 104 2409 ‘
180 2397 212 2447 nt
226 2390 330 2458 lerunt,
349 2388 489 2460 cuiusque
505 2387 569 2443 euni
584 2386 703 2461 diebus,
726 2404 781 2445 uec
799 2386 935 2463 amplius,
954 2397 1038 2446 sexto
1058 2386 1176 2466 perlon-

180 2471 283 2530 duntur
296 2486 395 2541 amne,
411 2485 468 2526 non
486 2477 552 2526 ante
565 2470 690 2528 reduces
708 2469 743 2527 ad
759 2487 871 2545 agmen.
897 2488 952 2530 nec
968 2470 1107 2530 adulteria
1122 2488 1176 2529 no·

178 2570 261 2624 vere,
277 2551 392 2611 nullave
407 2561 527 2629 propter
539 2552 659 2609 feminas
673 2553 748 2609 inter
762 2570 795 2610 se
811 2553 923 2629 proelia
947 2556 1053 2613 ceteris
1069 2556 1176 2613 anima·

178 2635 254 2693 libus
270 2635 449 2713 pernicialia,
467 2652 522 2693 nec
537 2636 603 2713 quia
618 2634 694 2693 desit
709 2634 766 2693 illis
779 2638 884 2694 amoris
900 2638 954 2712 vis,
978 2656 1101 2715 namque
1117 2646 1175 2696 tra·

178 2716 254 2777 ditur'
271 2737 342 2780 unus
358 2736 472 2778 amasse
487 2719 628 2796 quandam
645 2719 674 2775 in
692 2718 828 2795 Aegypto
851 2722 978 2798 corollas
999 2721 1209 2787 vendentemru

177 2816 228 2876 ac,
249 2822 287 2862 ne
301 2805 367 2882 quis
386 2804 547 2881 vulgariter
568 2801 692 2861 electam
713 2812 809 2880 putet,
832 2806 903 2863 mire
923 2814 1033 2880 gratam
1060 2804 1174 2864 Aristo·

136 2892 171 2945 14
181 2884 266 2961 phari
282 2886 475 2947 celeberrimo
491 2889 518 2945 in
540 2894 602 2945 arte
616 2888 809 2962 grammatica.
832 2887 904 2947 alius
919 2886 1103 2949 lllenandrum
1119 2888 1175 2963 Sy·

177 2985 346 3029 racusanum
357 2971 520 3049 incipientis
535 2972 668 3028 inventae
684 2972 711 3028 in
727 2972 855 3029 exercitu
873 2970 1041 3046 Ptolemaei,
1058 2970 1175 3031 deside·

177 3053 248 3111 dnm
263 3055 336 3128 eins,
355 3056 489 3131 quotiens
505 3071 562 3113 non
577 3054 706 3129 videret,
730 3055 824 3114 inedia
840 3062 970 3114 testatus.
998 3065 1028 3115 et
1043 3072 1174 3133 ungnen-

177 3137 276 3195 tariam
298 3137 438 3213 mandam
458 3138 593 3197 dilectam
615 3136 683 3196 lnba
704 3137 797 3195 tradit.
823 3140 945 3197 omnium
968 3140 1072 3197 amoris
1088 3139 1209 3207 luerem

178 3228 345 3294 argumenta
359 3220 491 3294 gaudum
509 3222 545 3279 ad
564 3228 751 3297 conspectum
765 3219 976 3299 blanditiaeque
995 3222 1173 3297 inconditae,

177 3302 327 3377 stipesque
339 3317 411 3378 quas
432 3303 557 3378 populus
572 3302 702 3361 dedisset
716 3313 848 3362 servatae
865 3314 892 3363 et
904 3306 932 3363 in
948 3308 1036 3364 sinum
1050 3304 1173 3365 effusae.

135 3387 235 3442 leaeo
254 3386 354 3446 mirum
373 3400 442 3442 esee
459 3401 584 3442 amorem
601 3383 705 3461 quibus
727 3388 763 3444 sit
782 3388 928 3448 memoria.
958 3389 1033 3448 idem
1048 3390 1188 3468 namque
