2542 3842
130 273 136 283 t
220 221 222 226 ·
284 188 290 197 ’
355 214 437 261 nar.
453 212 545 260 mse.
561 212 635 259 vm.
659 206 779 261 ee-rso.
799 201 953 279 (ot—on)
1094 200 1139 263 oe

142 376 198 443 tes,
214 367 289 427 lraec
304 376 387 427 erant
399 366 536 437 iidissirna
551 366 656 427 auxilia
671 384 726 426 uec
741 366 947 445 stipendiorum
961 368 1066 447 indiga.
1093 382 1140 431 ea·
1246 358 1261 405 ,l

143 469 196 511 nes
213 451 374 511 defendere
390 448 513 511 Ginnabris
532 452 626 510 caesis
642 450 742 510 domus
764 468 862 509 eorum
880 452 1018 529 plaustris
1032 455 1139 531 111)οά-
1260 476 1261 483 ¹

143 545 198 596 tas.
225 536 305 596 canis
328 536 431 595 Iasone
451 534 540 610 Lycio
560 534 714 593 interiecto
734 534 830 593 cibum
853 552 960 613 capere
974 537 1066 597 noluit
1080 540 1140 597 inc-

143 621 248 697 diaque
264 628 449 697 consumptus
471 625 540 678 est·
557 620 583 677 is
604 634 676 677 vero
701 620 746 677 oui
769 634 872 677 nomen
893 618 1019 694 Hyrcani
1043 622 1140 682 reddit

117 702 231 764 olluris
246 720 372 763 accenso
383 705 463 780 regis
478 701 639 777 Lysimachi
657 719 732 779 rogo
747 704 845 763 iniecit
860 720 893 761 se
907 703 1046 780 tannae,
1063 707 1138 765 slmi-

143 788 269 865 literque
282 788 419 847 Hieronis
433 788 521 863 regis.
543 785 685 845 Memorat
702 795 730 845 et
746 786 863 861 Pyrrum
879 784 997 847 Gelonis
1009 790 1121 863 tyranni
1131 801 1181 857 144

145 887 245 931 canem
262 872 420 932 ··Philistus.
457 880 632 930 memoratur
653 879 682 929 et
702 869 869 931 Nicomedis
888 870 1037 946 Bitlryniae
1059 876 1137 949 regis

144 972 236 1015 uxore
251 958 317 1026 eius¹
329 954 467 1031 consingi
482 956 609 1014 lacerata
623 964 744 1032 propter
759 955 942 1014 lasciviorem
957 971 1020 1015 cum
1036 961 1137 1019 merito

143 1041 248 1098 iocum.
279 1040 354 1117 apud
373 1056 427 1098 nos
450 1038 614 1097 Volcatium
635 1038 762 1097 nobilem
778 1040 826 1116 qui
844 1037 1018 1099 Cascellium
1038 1042 1082 1099 ius
1098 1044 1137 1101 oi·

110 1146 136 1187 1o
145 1124 203 1181 vile
221 1123 318 1183 docuit
337 1133 494 1183 asturcone
513 1140 531 1181 e
546 1120 712 1181 suburbano
726 1121 903 1198 redeuntem,
921 1138 984 1182 curn
997 1124 1137 1205 advespe-

144 1209 278 1282 ravisset,
295 1209 374 1267 oanis
392 1225 408 1267 a
429 1214 596 1282 grassatore
620 1206 756 1283 defendit.
787 1208 854 1265 item
876 1205 1005 1268 Caelium
1022 1218 1136 1268 senam·

142 1308 204 1350 rem
219 1308 338 1367 aegrum
353 1290 517 1350 Placentiae
536 1289 572 1349 ab
586 1291 700 1349 armatis
717 1306 898 1367 oppressum,
924 1308 978 1351 nec
991 1294 1070 1378 prius
1086 1292 1136 1353 ille

141 1376 311 1434 volneratus
333 1383 379 1433 est
397 1392 480 1453 quarn
505 1392 577 1433 cane
602 1374 783 1451 interempto.
815 1375 866 1434 sed
882 1377 1074 1452 superomnia
1089 1378 1179 1440 inito

144 1466 245 1518 nostro
261 1474 334 1518 aevo
351 1459 423 1517 actis
438 1458 538 1535 populi
555 1457 676 1517 llomani
696 1466 829 1517 testatum
845 1458 943 1537 Appio
960 1459 1042 1518 lunio
1058 1461 1136 1521 et‘l'.

110 1544 216 1607 csilio
235 1558 323 1618 coss,
355 1558 418 1601 cum
433 1541 709 1601 animadverteretur
727 1554 765 1600 ex
780 1557 866 1623 eausa
880 1541 1004 1601 Neronis
1023 1540 1137 1604 osma-

144 1627 200 1685 nici
217 1626 257 1685 lull
280 1628 308 1684 in
323 1624 424 1684 Titium
444 1625 578 1685 Sabinum
593 1634 623 1684 et
644 1626 760 1685 servitia
776 1628 855 1701 eius,
878 1628 960 1685 ultien
976 1642 1016 1686 ex·
1031 1628 1137 1688 lris‘ea·
1178 1628 1180 1633 ’

144 1728 208 1769 nem
221 1728 280 1779 nec
297 1711 325 1768 in
347 1728 469 1769 carcere
485 1709 563 1787 abigi
578 1712 708 1787 polluisse
725 1726 780 1768 nec
796 1726 811 1769 a
829 1724 955 1788 corpore
974 1714 1138 1771 recessisse

143 1793 250 1852 abiecti
280 1796 307 1852 in
335 1793 473 1869 gradibus
499 1795 659 1869 gemitoriis
691 1802 818 1853 maestos
849 1794 982 1853 edentem
1013 1796 1139 1856 ulalatus

142 1892 246 1954 magua
260 1878 362 1954 pericli
377 1877 498 1936 Romani
519 1892 637 1953 corona,
656 1896 693 1936 ex
715 1894 771 1955 qna
792 1893 855 1937 oum
873 1878 1028 1955 mildamei
1044 1880 1139 1938 ellium
1188 1892 1192 1903 ’

16 1960 22 1971 ‘
109 1960 320 2034 roobiecisset,
344 1960 380 2020 ad
403 1978 437 2019 os
457 1960 584 2020 deiuncti
606 1962 717 2020 tulisse.
749 1962 887 2021 mnatarit
904 1962 979 2021 idem
989 1963 1139 2022 “cadauere

143 2047 173 2102 in
189 2042 315 2103 Tiberim
332 2044 448 2102 abiecto
464 2052 623 2103 sustentare
640 2052 775 2119 concurs,
799 2045 890 2102 ellusa
910 2046 1139 2109 multitudidettd
1247 2052 1248 2058 ’

144 2128 330 2207 spectandam
347 2127 477 2186 animalis
498 2126 591 2185 iidem.
627 2128 689 2186 Soli
708 2127 849 2186 domiuum
864 2136 975 2186 novere
988 2131 1181 2205 etiarn-146

143 2220 201 2270 tum
217 2227 345 2289 quoque,
364 2212 391 2269 si
407 2218 528 2288 repente
541 2212 649 2285 veniat,
668 2211 853 2286 intellegunt:
874 2211 930 2269 soll
945 2214 1058 2285 nomina
1077 2229 1139 2289 sua,

144 2295 201 2353 soli
223 2311 327 2353 vocem
347 2289 532 2353 domesticam
553 2302 722 2370 agnoscunt.
768 2296 870 2353 itinera
898 2296 1027 2373 quamuis
1053 2297 1155 2373 longa-

107 2402 134 2442 25
145 2378 313 2453 meminere,
331 2395 387 2437 nec
400 2377 452 2437 ulli
468 2386 586 2457 praeter
605 2379 748 2438 hominem
768 2372 903 2438 rn‘emoria
919 2380 1018 2439 mdior.
1051 2380 1139 2457 impe·

143 2472 191 2521 tns
210 2479 309 2520 eorum
328 2471 358 2521 et
379 2463 498 2522 saevitia
515 2463 659 2538 mitigatur
679 2463 714 2521 ab
737 2463 852 2522 homine
868 2463 1038 2522 eonsld'ente
1052 2463 1137 2521 numi.

144 2544 277 2604 Pluruma
292 2547 349 2605 alia
365 2548 393 2604 in
404 2546 449 2605 lnis
464 2564 581 2624 quoque
595 2549 654 2607 vita
666 2549 783 2622 invenit,
796 2547 848 2606 sed
863 2550 891 2605 ln
903 2557 1008 2607 venatu
1020 2547 1122 2606 soller-
1132 2554 1181 2612 147

143 2631 184 2687 tia
200 2638 230 2687 et
244 2632 388 2706 sagacitas
405 2633 560 2709 praecipua
579 2641 631 2689 est.
661 2640 804 2691 scrutatur
825 2628 949 2706 vestigia
970 2638 1055 2708 atque
1070 2642 1137 2709 per·

146 2712 291 2789 sequitur,
322 2714 503 2773 comitantem
535 2714 570 2773 ad
597 2716 688 2775 ieram
706 2716 904 2792 inquisitorem
927 2712 991 2771 loro
1012 2712 1139 2791 trahens,

109 2820 137 2860 30
148 2809 203 2873 qua
218 2796 281 2874 visa
293 2811 376 2873 quarn
394 2796 483 2856 silens
500 2807 529 2856 et
545 2798 659 2857 occulta
675 2799 727 2857 sed
744 2813 827 2875 qnam
843 2798 1011 2873 significans
1023 2798 1142 2871 demen-¹

46 2927 49 2934 .
146 2879 247 2938 stratio
265 2888 310 2938 est
322 2880 413 2939 cauda
425 2882 554 2958 primum,
573 2882 676 2941 deinde
689 2890 795 2939 rostro.
830 2880 1003 2957 ergo'etlam
1022 2890 1140 2942 senecta

145 2963 245 3021 fessos
269 2980 434 3040 caecosque
454 2982 489 3024 ac
511 2964 614 3023 debilis
638 2965 700 3023 sinu
731 2965 826 3023 lerunt
844 2974 949 3023 ventos
971 2970 1001 3023 et
1021 2964 1141 3025 odorem

147 3048 288 3125 captantis
307 3047 565 3127 protendentlsqns
579 3058 673 3107 rostra
688 3048 725 3107 ad
740 3048 854 3108 cubilia.
887 3047 1048 3125 ll‘tlgrilrus
1067 3056 1119 3107 eos
1131 3060 1183 3115 148

145 3128 209 3189 Indi
223 3130 324 3190 volunt
339 3132 464 3209 concipi,
481 3140 510 3191 et
525 3132 606 3191 olid
620 3132 648 3189 in
663 3128 742 3191 sil'vis
755 3132 848 3191 coitus
862 3142 996 3211 tempore
1014 3132 1142 3208 adligant

108 3213 278 3277 ssieminas.
309 3214 402 3295 primo
419 3223 448 3274 et
463 3216 591 3276 secundo
613 3213 682 3274 ietu'
700 3217 782 3274 nimis
803 3216 911 3275 leroois
933 3222 1032 3295 putant
1049 3215 1140 3293 gigni,

54 3324 59 3342 x
146 3297 235 3355 tertio
251 3298 363 3357 demum
380 3298 524 3358 educant
540 3300 597 3359 hoe
612 3299 687 3358 idern
704 3316 725 3358 e
735 3300 810 3377 lupis
830 3299 914 3376 Galli,
942 3313 1061 3378 quorum
1076 3316 1142 3374 gre·

146 3394 201 3455 ges
217 3397 297 3440 sunm
315 3381 436 3460 quisque
447 3382 595 3443 ductorem
611 3384 756 3442 eoanibus
773 3391 801 3442 et
814 3384 916 3443 ducem
931 3383 1047 3442 habent.
1064 3382 1143 3441 ilium

145 3464 177 3521 in
192 3475 296 3526 uenatu
315 3468 499 3542 comitantur,
516 3467 557 3526 illi
573 3476 684 3545 parent.
712 3486 833 3545 namque
854 3469 928 3526 inter
950 3484 983 3525 se
1005 3472 1144 3527 exercent
