2542 3842
391 159 470 206 uun.
487 107 578 207 mrsu.
597 159 643 206 vr.
660 155 704 210 aa.
724 148 872 230 (oa-35.)
1058 147 1119 210 253

1 292 3 333 ³
120 309 299 390 temporibus
317 309 390 370 duce
412 309 443 368 P.
464 309 600 369 Petronio
623 298 653 369 et
673 311 738 389 ipso
755 313 898 388 equestris
914 314 1020 375 ordinis
1036 334 1120 393 prae·

120 396 202 456 fecto
212 394 351 472 Aegypti
395 395 430 451 is
436 393 543 470 oppida
558 410 658 452 corum
676 396 853 472 expugnavit
868 411 942 472 quae
960 397 1023 456 sola
1040 399 1119 458 inue-

2 480 3 545 ζ
120 481 213 538 nimus
233 495 291 554 quo
308 477 436 536 dicemus
451 475 566 534 ordine:
593 475 732 553 Pselcim,
756 477 875 551 Primin,
897 477 1041 556 Bocchin,
1063 481 1119 542 Fo-
1190 525 1192 532 ,

121 579 199 636 rum,
224 559 368 632 Cabusin,
391 559 551 633 Attemam,
571 559 729 634 Stadasim,
751 559 800 618 ubi
822 559 903 618 Nilus
927 565 1120 642 praecipitans
1200 561 1201 568 '

97 663 155 704 sse
171 644 289 720 fragore
306 642 431 702 auditum
447 641 559 701 adcolis
575 642 677 701 aufert
712 643 827 720 diripuit
843 651 873 701 et
887 642 1007 720 Napata.
1041 647 1163 712 lou-182

121 729 240 805 gissime
255 735 349 784 autem
366 742 382 784 a
397 726 494 799 Syene
512 741 688 802 progressus
704 734 748 784 est
765 723 970 792 DCCCCLXX
981 728 1038 787 mil.
1056 748 1120 808 p·as

121 828 214 869 snum.
257 827 313 868 nec
338 816 433 867 tamen
459 825 536 867 arma
562 808 690 868 Romana
712 808 752 868 ibi
771 809 953 868 solitudinem
978 810 1120 888 lecerunt,

121 893 332 981 Aegyptiorum
347 890 433 950 bellis
451 891 546 950 attrita
562 899 607 949 est
620 890 775 969 Aethiopia
789 892 916 951 vicissim
932 895 1120 970 imperitando

123 962 356 1052 seruiendoque,
380 974 459 1032 clara
480 981 510 1032 et
524 981 630 1051 potens
644 974 728 1032 etiam
745 975 886 1052 usquead
905 975 1028 1036 Troiana
1043 978 1121 1038 bella

87 1073 114 1115 ro
123 1058 277 1118 Memnone
301 1066 452 1132 regnante
498 1063 529 1114 et
543 1056 646 1129 Syriae
667 1057 850 1134 imperitasse
874 1076 936 1116 eam
962 1069 1121 1138 nostroque

123 1141 201 1201 litori
217 1149 313 1201 aetate
329 1140 408 1216 regis
425 1136 537 1216 Cephei
552 1145 632 1217 patet
646 1138 847 1199 Andromedae
863 1141 978 1200 sabulis.
1015 1144 1164 1213 Similil83

122 1225 211 1284 modo
234 1223 320 1283 etde
346 1239 481 1284 mensura
504 1221 567 1280 eius
589 1223 669 1282 varia
690 1222 863 1299 prodidere,
888 1225 994 1301 primus
1018 1225 1122 1287 Dalion

122 1307 198 1366 ultra
212 1306 335 1366 Meroen
357 1305 446 1380 longe
470 1303 641 1379 subvectus,
663 1321 731 1364 ruox
747 1304 937 1365 Aristocreon
958 1317 987 1366 et
1007 1307 1121 1384 Basilis,

124 1390 289 1450 Simonides
305 1390 398 1447 minor
413 1387 499 1446 etiam
516 1387 709 1465 quinquennio
729 1389 758 1446 in
776 1387 876 1448 Meroe
897 1399 1038 1465 moratus,
1060 1408 1122 1450 cum

86 1483 113 1526 ιι
127 1473 164 1532 de
177 1472 333 1550 Aethiopia
348 1470 500 1530 scriberet.
534 1487 598 1529 nam
610 1469 812 1530 Timosthenes
830 1472 963 1532 classium
980 1473 1122 1533 Philadel-

125 1555 176 1634 phi
188 1555 357 1633 praeiectus
375 1555 437 1612 sine
453 1569 586 1612 mensura
598 1552 708 1611 dierum
723 1552 773 1612 LX
794 1573 810 1614 a
823 1556 919 1630 Syene
935 1555 1077 1615 Meroen
1069 1566 1124 1616 rter

125 1638 267 1718 prodidit,
290 1635 500 1697 Eratosthenes
516 1633 652 1694 DGXXV
672 1637 742 1710 ιιι11.,
765 1637 964 1698 Artemidorus
983 1637 1034 1698 bo
1052 1640 1121 1716 mil,

125 1720 258 1780 Sebosus
283 1719 319 1779 ab
341 1719 470 1797 Aegypti
492 1713 628 1792 extremis
654 1735 745 1785 LXVI.
766 1718 871 1791 LXXV
894 1722 952 1780 nril.
975 1741 1154 1799 passuum,¹

125 1804 203 1863 unde
221 1819 362 1880 proxume
376 1801 528 1861 dicti*
465 1818 520 1866 xri
540 1800 614 1860 LM.
648 1821 749 1862 verum
764 1804 854 1862 omnis
875 1803 948 1863 haec
966 1805 1042 1865 linita
1056 1825 1106 1866 ιιιι·
1095 1814 1165 1870 -184

87 1903 114 1944 ιι
126 1904 181 1964 per
199 1885 353 1963 disputatio
375 1893 441 1958 est,
460 1885 592 1963 quoniam
608 1902 625 1944 a
642 1886 740 1960 Syene
758 1883 953 1945 DGGCerXl
968 1888 1045 1948 milia
1062 1888 1120 1948 Ne·

1 1981 8 2029 t
124 1969 205 2028 ronis
220 1968 424 2064 exploratores
447 1969 649 2028 renuntiavere
669 1968 713 2027 bis
733 1969 840 2027 modis:
868 1987 883 2028 a
902 1969 999 2043 Syene
1016 1971 1123 2031 Hieran

125 2067 294 2124 sycaminon
307 2049 383 2110 Lllll
397 2048 455 2108 mil.
467 2068 559 2128 pass,
581 2049 648 2108 inde
669 2049 756 2109 Tama
772 2046 876 2109 LXXII
891 2052 949 2115 mil.
963 2069 1053 2129 pass,
1076 2073 1122 2111 re-

2 2130 4 2135 ’
123 2135 242 2211 gionem
259 2131 452 2206 Euonymiton
472 2130 648 2208 Aethiopum
666 2133 782 2208 primam
799 2129 894 2206 CXX,
916 2070 1034 2192 Acipnam
1049 2131 1124 2194 bllll

124 2215 196 2290 mil,
209 2212 351 2275 Pittaram
357 2213 439 2274 XXV
440 2212 626 2289 ,Tergedum
636 2210 700 2271 cvl
715 2213 801 2273 milia
831 2213 950 2272 insulam
969 2214 1124 2291 Gagauden

2 2314 3 2317 ’
89 2298 462 2357 asesseinmediotractu.
496 2296 865 2373 indeprimumvisasavis
881 2298 1021 2374 psittacos
1037 2307 1072 2356 et
1088 2298 1123 2358 ab

2 2420 3 2425 κ
123 2380 233 2455 altera,
256 2397 330 2459 qnae
344 2388 465 2439 vocatur
479 2379 620 2452 Articula,
643 2379 745 2438 animal
761 2379 930 2457 sphingion,
955 2380 1123 2456 aTergedo

2 2522 3 2533 ,
123 2462 352 2540 cynocephalos.
383 2461 570 2540 indeNapata
584 2460 690 2520 LXXX
703 2462 789 2521 milia.
812 2464 948 2541 oppidum
964 2464 993 2523 id
1005 2479 1124 2541 parvom

123 2547 200 2623 inter
214 2545 362 2622 praedicta
378 2544 481 2604 solum.
505 2544 545 2604 ab'
558 2561 595 2604 eo
607 2545 643 2604 ad
659 2544 779 2606 insulam
791 2545 912 2606 Meroen
928 2544 1054 2606 cccix
1067 2545 1105 2604 M.
1118 2554 1165 2613 185

124 2627 232 2686 herbas
251 2628 330 2687 circa
345 2626 465 2688 Meroen
480 2627 593 2687 demum
609 2629 776 2703 viridiores,
799 2628 934 2689 silvarum
951 2629 1059 2706 aliquid
1075 2628 1141 2688 ad·.

89 2710 257 2788 soparnisse
279 2718 309 2768 et
324 2709 538 2770 rhinocerotum
561 2709 837 2787 elephantorumque
857 2712 989 2787 vestigia
1032 2713 1125 2790 ipsum

124 2792 262 2877 oppidum
276 2791 398 2852 Meroen
411 2792 447 2851 ab
467 2794 582 2852 introitu
604 2793 715 2853 insulae
735 2793 842 2853 abesse
856 2791 933 2852 LXX
954 2794 1013 2853 mil.
1036 2811 1124 2872 pass,

123 2870 261 2951 iuxtaque
274 2873 359 2934 aliam
374 2875 493 2934 insulam
509 2875 589 2935 Tadu
604 2877 708 2936 dextro
725 2874 912 2934 subeuntibus
928 2875 1024 2949 alveo,
1051 2893 1124 2952 quae

123 2965 238 3035 portura
260 2956 382 3017 iaceret.
416 2957 546 3017 aedilicia
569 2959 670 3056 oppidi
695 2975 796 3036 panca.
830 2974 953 3033 regnare
976 2957 1167 3021 teminamrao

125 3035 278 3116 casagen,
301 3041 379 3117 quod
401 3056 506 3099 nomen
528 3040 654 3100 multis
646 3057 700 3100 ram
719 3041 799 3099 annis
814 3039 850 3099 ad
872 3041 988 3127 regipas
1004 3042 1122 3099 transiit.

2 3144 4 3157 ·
89 3121 276 3182 asdelnbrum
289 3121 453 3183 Hammonis
471 3131 500 3180 et
513 3123 554 3180 ibi
574 3123 743 3197 religiosum
765 3130 794 3180 et
812 3131 873 3181 toto
895 3130 989 3192 tractu
1004 3122 1123 3182 sacella.

1 3244 5 3265 .
125 3212 227 3263 cetero
251 3222 315 3264 curn
336 3206 496 3283 potirentur
520 3220 616 3263 rerum
632 3204 812 3281 Aethiopes,
836 3205 926 3264 insula
947 3224 982 3265 ea
1004 3223 1125 3280 magnae

125 3287 264 3362 claritatis
278 3287 339 3347 luit.
364 3288 479 3362 tradunt
493 3295 664 3345 armatorum
677 3283 748 3345 CCL
763 3287 821 3345 mil.
835 3287 905 3348 dare
922 3289 1045 3361 solitam,
1058 3289 1123 3346 arti·

125 3368 211 3429 licum
225 3368 279 3429 llll
294 3368 324 3428 M
334 3369 424 3429 alere.
445 3386 535 3445 reges
546 3367 720 3448 Aethiopum
732 3367 808 3429 XLV
820 3379 849 3430 et
864 3370 949 3430 hodie
968 3370 1121 3430 truduntur.
