2542 3842
159 172 219 235 116
493 184 525 233 c.
547 184 644 233 rursu
665 182 815 231 sacuam

138 339 385 417 aequinoctium,
407 337 513 399 molles
534 356 620 414 vere,
643 340 744 416 saepia
760 337 890 398 omnibus
909 336 1065 397 mensibus.
1098 353 1155 396 ova

156 425 219 486 eius
232 422 343 499 glutino
360 423 509 483 atramenti
524 421 559 481 ad
577 424 707 499 speciem
722 439 796 481 urae
812 419 996 481 cohaerentia
1009 420 1155 481 masculus
1219 437 1225 467 ¹

115 514 167 570 163
175 506 362 584 prosequitur
377 505 492 581 addaiu,
508 506 580 565 alias
592 506 786 565 sterilescunt.
812 505 915 583 Polypi
931 506 1025 565 hiem
1037 512 1155 579 coeunt,

156 590 270 667 pariunt
292 607 362 647 vere
383 605 438 649 ova
454 589 544 649 tortili
564 588 674 648 vibrata
693 591 845 667 pampino,
871 597 949 651 tauta
977 587 1154 649 iocunditate

158 681 188 731 ut
213 672 418 732 multitudinem
445 689 564 733 ovorum
591 673 684 731 occisi
703 689 761 731 non
785 673 927 750 recipiant
952 688 1025 732 caro
1050 672 1182 750 capitiss

158 772 215 833 quo
232 764 425 833 praegnantes
442 757 544 816 tulere.
576 774 610 816 ea
629 756 785 816 excludunt
801 757 1040 835 quinquagesimo
1058 756 1120 831 die,
1137 774 1154 814 e

116 848 167 905 164
174 838 277 917 quibus
292 840 378 899 multa
396 848 517 918 propter
530 857 678 899 numerum
692 840 874 899 intercidunt
904 840 1048 900 Locustae
1064 848 1093 897 et
1107 857 1153 901 re·

156 924 236 1003 liqna
250 924 388 983 tenuioris
404 933 520 983 crustae
535 931 644 1001 ponunt
659 940 714 983 ova
729 941 818 1001 super
834 940 901 1000 ova,
917 933 1005 1001 atque
1021 926 1061 983 ita
1074 924 1153 983 incu-
1170 940 1178 947 ·

156 1006 234 1067 bant.
270 1007 394 1084 polypus
415 1007 520 1067 femina
538 1008 674 1067 modoin
692 1009 756 1067 oris
778 1008 880 1083 sedet,
900 1008 987 1067 modo
1001 1025 1154 1067 caremam

157 1089 319 1151 cancellato
329 1090 530 1151 bracchiorum
541 1090 661 1169 inplexu
671 1091 787 1152 claudit.
803 1092 903 1169 saepia
915 1093 944 1152 iu
951 1101 1068 1152 terreno
1079 1091 1153 1169 parit
1163 1112 1188 1152 ιο

157 1175 232 1235 inter
253 1164 425 1235 harundines
448 1184 495 1235 aut
516 1174 608 1235 sicubi
629 1184 717 1236 enata
745 1175 827 1251 alga,
849 1175 977 1237 excludit
998 1176 1097 1253 quinto
1120 1192 1155 1235 ac

157 1257 279 1319 decumo
291 1256 348 1317 die.
375 1258 521 1335 lolligines
533 1261 561 1319 in
576 1258 635 1319 alto
652 1268 788 1319 conserta
802 1271 858 1318 ora
876 1262 963 1321 edunt
976 1267 1006 1320 ut
1023 1260 1152 1337 saepiae.

157 1358 317 1420 purpurae,
334 1344 458 1403 murices
475 1344 665 1421 eiusdemque
681 1345 800 1419 generis
816 1361 888 1403 vere
905 1344 1027 1422 pariunt.
1045 1343 1154 1414 ,echini
1211 1380 1217 1391 .

157 1442 213 1485 ova
230 1425 393 1503 pleniluniis
415 1425 520 1487 habent
542 1426 653 1502 hieme,
677 1435 707 1485 et
730 1426 852 1487 cocleae
878 1427 999 1487 hiberno
1020 1436 1154 1506 tempore

157 1518 320 1569 naseuntur.
725 1560 729 1566 .
993 1518 996 1525 '
1164 1535 1188 1574 rs

115 1602 166 1657 165
224 1592 307 1668 (75.)
331 1590 469 1671 'l'orpedo
485 1602 649 1670 octogenos
667 1593 743 1652 fetus
759 1592 870 1655 habeus
885 1595 1040 1669 iuvenitur,
1059 1610 1154 1671 eaque

156 1678 229 1735 iutra
251 1692 283 1732 se
300 1676 375 1752 parit
391 1692 447 1735 ova
462 1676 649 1753 praemollia,
671 1677 699 1735 in
714 1676 800 1736 alium
822 1676 917 1737 locum
940 1680 1014 1738 uteri
1030 1678 1152 1737 transie-

156 1774 224 1817 reus
240 1766 326 1835 atque
343 1758 383 1817 ihi
406 1759 574 1819 excludens.
607 1760 693 1820 simili
705 1760 792 1819 modo
806 1761 901 1820 omnia
915 1778 990 1839 quae
1005 1761 1152 1837 curtilagi-

122 1859 146 1893 ο
156 1857 212 1899 nea
226 1841 446 1918 appellavimus.
476 1845 514 1903 ita
529 1844 559 1903 lit
576 1852 605 1902 ut
623 1843 688 1903 sola
703 1844 824 1921 piscium
838 1852 867 1902 et
882 1845 983 1904 animal
998 1846 1111 1923 pariant
1124 1854 1154 1903 et

157 1941 213 2005 ora
228 1925 399 2002 eouoipiant.
432 1927 608 1988 silurusrnas
623 1926 703 1986 solus
716 1927 839 1985 omnium
853 1928 928 1989 edita
943 1929 1069 1989 custodit
1086 1946 1151 2003 ora,
1161 1954 1186 1992 so

34 2062 38 2077 ,
156 2025 247 2086 saepe
263 2017 293 2067 et
312 2010 519 2089 quinquagenis
535 2010 655 2085 diebus,
670 2028 706 2070 ue
722 2010 902 2073 absumantur
915 2011 953 2072 ab
968 2012 1042 2071 aliis.
1073 2021 1152 2073 cete-

156 2108 207 2153 rae
223 2091 345 2153 feminae
362 2095 390 2154 in
409 2095 503 2155 triduo
520 2094 691 2173 excludunt,
707 2097 732 2153 si
743 2113 804 2154 mas
821 2096 936 2172 attigit.⁴

115 2180 165 2239 166
223 2175 306 2256 (76.)
328 2176 407 2237 Αονο
423 2180 484 2239 sive
502 2179 607 2239 belone
624 2197 696 2238 unus
713 2180 832 2257 piscium
847 2179 1016 2239 dehiscente
1032 2190 1152 2259 propter
1222 2234 1227 2243 .

155 2258 362 2321 multitudinem
380 2270 462 2321 utero
485 2265 568 2341 parit.
599 2270 712 2340 apertu
727 2263 868 2324 coalescit
882 2263 1003 2339 volnus,
1024 2266 1103 2342 quod
1122 2274 1152 2324 et

155 2345 184 2403 in
200 2345 298 2404 caecis
318 2345 503 2420 serpentibus
524 2348 647 2407 tradunt.
681 2344 745 2405 llius
761 2348 886 2420 marinus
903 2348 1025 2407 interra
1044 2347 1188 2409 scrobeas

157 2426 266 2487 effosso
281 2427 355 2501 parit
370 2442 425 2485 ova
440 2437 469 2485 et
481 2446 582 2489 rursus
600 2428 695 2487 obruit
709 2438 798 2505 terra,
814 2431 962 2491 tricesimo
975 2431 1022 2491 die
1037 2432 1152 2491 refossa

156 2510 250 2587 aperit
266 2506 412 2586 ictumque
431 2511 575 2589 inaquam
591 2512 678 2571 ducit.
987 2569 993 2574 .
1072 2576 1078 2583 ,

221 2588 270 2647 52.
294 2591 379 2671 (77.)
405 2592 536 2668 Erythini
555 2604 583 2655 et
601 2595 728 2656 ehennae
746 2596 848 2657 volvas
862 2596 972 2657 habere
993 2598 1151 2673 cuduntur,

157 2674 205 2752 qui
226 2674 346 2735 trochos
365 2678 528 2755 appellatur
548 2698 565 2739 a
586 2678 705 2739 Graecis
726 2680 839 2757 ipsese
859 2681 940 2741 inire.
976 2679 1152 2761 Aquatilium

115 2760 121 2773 ’
157 2756 280 2817 omnium
295 2759 371 2819 ictus
386 2762 461 2821 inter
475 2760 553 2821 initia
567 2764 631 2822 risu
647 2772 755 2823 carent.
1161 2787 1188 2829 ao

116 2847 165 2905 161
230 2842 279 2903 53.
303 2840 386 2922 (78.)
417 2845 491 2905 heri
512 2847 632 2923 piscium
646 2847 861 2908 memorandum
881 2867 974 2929 nuper
988 2848 1157 2926 exemplum

157 2928 333 3004 accepimus.
376 2927 559 3007 Pausilypum
583 2930 653 2991 villa
687 2941 732 2991 est
755 2928 927 3010 Campaniae
955 2932 1024 2992 haut
1049 2932 1155 3011 procul
1254 2931 1255 2982 l

154 3006 289 3087 Neapoli.
328 3010 356 3071 iu
381 3029 417 3070 ea
437 3015 465 3073 in
486 3010 620 3073 Caesaris
644 3016 762 3093 piscinis
786 3014 949 3076 al’ollione
969 3014 1064 3081 Vedio
1084 3034 1173 3077 con·-

155 3092 260 3152 iectum
282 3094 394 3169 piscem
416 3098 628 3174 sexagesimum
650 3106 717 3177 post
736 3116 839 3158 aunum
861 3101 1030 3178 exspirasse
1050 3098 1154 3161 s'cribit

135 3251 137 3255 Ι
155 3172 293 3235 Annaeus
308 3177 438 3255 Seneca,
455 3180 567 3241 duobus
584 3181 650 3241 aliis
665 3180 835 3259 aequalibus
850 3183 913 3243 eius
928 3202 966 3242 ex
981 3184 1190 3260 eodemgems

155 3275 227 3317 nere
250 3267 319 3317 tunc
337 3261 510 3324 virentibus.
547 3282 620 3341 quae
644 3266 751 3325 mentio
773 3265 945 3343 piscinarum
966 3267 1101 3329 admonet
1120 3276 1154 3327 ut

155 3339 350 3497 b'fflffllm
376 3344 501 3405 dicamus
529 3346 582 3407 hae
606 3346 641 3407 de
665 3366 699 3407 re
720 3350 885 3427 priusquam
907 3350 1100 3428 digrediamur
1114 3350 1153 3411 ab

264 3442 271 3481 ι
293 3442 336 3483 us.
