2542 3842
356 181 436 227 unu.
453 181 544 230 mrsu.
561 183 636 228 xm.
657 182 683 232 1.
700 181 728 232 u.
745 173 850 252 (2-3)
1048 171 1110 234 233

21 353 26 406 ι’
111 338 167 397 utri
182 335 256 410 mel,
274 335 343 396 salis
356 333 473 410 dorum,
489 335 682 414 omphacium,
697 339 763 413 agni
776 338 860 412 tolia,
874 353 1023 417 panacem.
1048 338 1107 398 Er·
1117 349 1153 406 st

21 453 25 492 1
111 430 194 482 terna
210 423 304 480 omnia
324 427 354 478 et
369 418 538 496 prodigiosa
555 422 764 482 cinnamomino
775 423 877 499 pecua.
909 421 1032 483 adicitur
1051 424 1109 482 c'm

21 537 24 576 Ι
109 521 195 564 namo
210 503 373 564 balaninum
391 503 498 578 oleum,
516 503 764 579 xylobalsamum,
783 506 926 580 calamus,
942 507 1035 583 iunci,
1046 505 1109 569 bul·

20 621 23 662 1
103 591 183 650 ‘sumi
195 589 320 663 semina,
335 603 447 660 murra,
462 587 521 646 mul
541 587 702 648 odoratam.
735 597 943 665 ungnentorum
958 589 1109 654 bucerus

20 689 21 746 ξ
87 673 262 732 usiasirnum.
294 672 387 748 pratia
402 671 430 730 ei
446 669 666 732 aXxxxvud
680 670 709 730 X
724 681 797 735 ccc.
816 670 972 733 Nardinum
986 674 1050 734 sira
1065 673 1109 735 io·

110 757 207 816 liatum
223 764 337 816 constat
356 755 509 832 omphacio
525 764 574 815 sut
589 755 740 830 balanino,
757 757 866 829 iunco,
882 765 982 830 costo,
1004 757 1108 832 nardo,

110 855 239 913 autumo,
256 857 370 913 murra,
393 837 534 900 balsamo.
563 837 596 898 lu
613 838 672 898 boc
690 857 802 914 genere
824 841 980 899 eonrcnict
1006 841 1153 906 moni-lu

110 925 189 983 nisse
201 922 354 984 barbarum
372 939 445 1000 quae
460 922 578 982 nardum
591 921 719 984 lodicum
732 924 909 984 imitarentur
921 923 1039 1001 specics
1055 941 1108 984 no·

109 1025 175 1068 vum
199 1025 215 1066 a
237 1006 321 1066 uobis
341 1022 412 1066 ‘csso
434 1006 534 1066 dictas.
567 1014 645 1066 tanta
664 1007 783 1069 materia
805 1006 984 1066 adulterandi
1006 1016 1061 1066 art.
1076 1006 1152 1094 „Q

76 1108 101 1148 m
111 1093 205 1152 omnia
219 1098 315 1150 autem
332 1091 460 1150 acutiora
477 1089 547 1150 buut
562 1099 662 1164 costo,
678 1107 807 1164 amomo,
825 1107 900 1166 quae
912 1108 1044 1150 maxume
1056 1110 1107 1152 na·

110 1175 151 1234 ris
171 1175 292 1248 luriunt,
315 1174 459 1234 crassiora
478 1191 574 1236 murra
591 1175 801 1252 suaviumque,
826 1174 988 1234 madioiuaa
1011 1183 1107 1236 autem
1235 1177 1240 1184 ’

111 1259 225 1318 utiliora
242 1273 346 1331 croco,
361 1258 501 1318 acorrima
516 1275 570 1334 per
584 1275 617 1316 sa
633 1274 755 1317 amomo.
780 1257 841 1317 hoc
857 1267 887 1317 ut
907 1258 1009 1334 capitis
1024 1258 1106 1320 dolo*

110 1360 161 1402 ras
179 1342 256 1402 iuuit.
287 1341 401 1419 quidam
417 1342 486 1401 satis
509 1339 615 1400 habeut
630 1341 811 1419 adspergere
828 1358 904 1419 qnae
919 1350 986 1400 sunt
1001 1343 1108 1418 pretio

111 1427 223 1485 sissima
239 1426 349 1486 ueteris
363 1425 509 1498 decoctis,
524 1425 661 1502 iupubdio
672 1433 843 1501 paroentes,
858 1424 912 1484 sed
927 1442 985 1484 nou
1001 1433 1047 1484 est
1060 1443 1109 1484 ea·

77 1526 102 1566 uu
112 1510 177 1570 dem
191 1511 235 1568 vis
257 1509 311 1568 uisi
326 1526 379 1568 una
393 1509 536 1569 decoctis.
565 1506 662 1568 llurra
683 1516 714 1568 ct
730 1526 784 1585 pur
794 1526 829 1566 sc
843 1515 1019 1584 uguentum
1038 1509 1108 1568 lucit
1119 1516 1153 1571 17

112 1593 173 1652 sinc
189 1593 274 1666 olco,
292 1601 382 1654 stacte
402 1592 563 1667 dumtaxat,
581 1591 690 1668 alioqui
705 1593 819 1653 nimiam
833 1591 1048 1653 amaritudinum
1061 1592 1109 1652 ad·

111 1676 177 1736 tert.
204 1677 324 1754 cyprino
335 1675 428 1736 uirida
439 1675 480 1750 lit,
497 1677 594 1736 susino
607 1677 809 1750 unguinssum,
822 1673 973 1736 blandesio
986 1676 1108 1751 nigrum,

111 1760 232 1822 rhodino
250 1760 416 1836 candidum,
431 1775 526 1821 msurru
547 1759 695 1838 pallidum.
724 1757 807 1823 llaec
825 1767 891 1818 sunt
910 1760 1045 1836 andqnau
1066 1760 1108 1818 ia·

111 1845 253 1906 vectionis
266 1861 375 1920 genera
392 1852 421 1904 at
432 1852 536 1921 postea
549 1843 728 1904 cilicinarum
738 1843 823 1904 lurta.
848 1839 923 1902 uuna
937 1842 1050 1902 dicetur
1059 1860 1108 1902 ro·

76 1929 204 1989 aomulus
219 1929 282 2003 ipsa
299 1927 466 1990 deliciarum
482 1937 512 1986 et
525 1945 631 1988 summa
646 1928 802 1986 auotoritas
816 1926 870 1986 rei.
1008 1971 1012 1980 .

175 2009 203 2068 2.
220 2008 300 2085 Ergo
315 2010 416 2084 regala
432 2019 605 2084 unguentum
625 2009 819 2086 appellatura,
840 2009 975 2084 quoniam
988 2007 1107 2068 Partho·
1116 2017 1154 2071 18

111 2111 184 2158 rum,
201 2093 321 2167 regibus
345 2094 384 2152 ita
409 2100 601 2168 temperatur,
633 2100 747 2153 condat
770 2090 978 2164 myrobalano,
1012 2099 1107 2167 costo,

112 2193 241 2248 amomo,
266 2177 396 2236 cinnamo
413 2191 550 2249 comaco,
572 2174 771 2247 cardamomo,
795 2173 876 2235 nardi
896 2175 996 2254 spica,
1015 2191 1108 2249 maro,

112 2275 221 2332 murra,
238 2260 334 2330 cada,
351 2267 486 2333 styrace,
502 2258 624 2331 ladano,
647 2257 854 2334 opobalsamo,
876 2256 988 2317 calamo
1008 2260 1108 2318 muco·

79 2360 170 2420 suque
188 2342 298 2417 Syriis,
315 2341 475 2416 oenanthe,
493 2341 686 2415 malobathro,
703 2339 861 2414 ruricium,
876 2355 979 2417 cypro,
995 2341 1108 2418 asualsr

110 2426 179 2498 tho,
206 2441 334 2502 panace,
358 2441 463 2500 croco,
487 2427 605 2502 cypiro,
627 2439 778 2499 amaraco,
799 2424 878 2498 loto,
901 2423 1005 2496 mallo,
1029 2425 1106 2483 rino.

111 2509 239 2586 nihilque
254 2511 316 2570 aius
329 2510 374 2568 rei
396 2526 483 2568 causa
503 2510 531 2568 iu
546 2507 627 2568 ltalia
646 2509 769 2569 victrice
781 2509 922 2581 omnium,
944 2508 973 2569 iu
988 2503 1107 2584 uuam

50 2583 61 2634 s
109 2610 182 2660 uero
199 2601 258 2652 tota
271 2600 387 2670 praeter
403 2593 464 2653 irim
475 2591 621 2666 Illyricam
637 2600 668 2652 ut
678 2591 797 2654 uurdum
814 2589 1106 2666 Gallicumgiguitur.

110 2690 174 2736 nam
193 2677 288 2736 uinum
309 2685 338 2736 et
360 2692 428 2737 rosa
450 2685 480 2738 et
499 2676 583 2750 myrti
603 2674 675 2735 iulia
696 2675 851 2751 oleumque
868 2675 1028 2735 communia
1042 2674 1107 2734 iura
1192 2722 1210 2730 -

76 2774 101 2816 so
112 2758 234 2820 omnium
247 2767 387 2820 terrarum
400 2759 612 2835 intellegantur.

173 2840 226 2919 (3)
247 2842 339 2902 Siccis
356 2841 494 2902 odoribus
514 2848 649 2904 coustant
664 2857 739 2918 quse
761 2841 939 2918 diapasmata
958 2844 1152 2904 vocantur-19
1176 2842 1180 2858 ¹

110 2940 174 2986 uam
187 2923 300 2984 faecem
319 2926 458 3000 unguenti
472 2943 584 3001 magma
606 2923 765 3002 appellant.
801 2925 877 3003 intur
899 2924 990 2984 omnis
1006 2934 1108 3002 poton·

110 3007 236 3070 tissimus
254 3007 327 3070 odor
341 3009 469 3085 quiaquia
492 3009 648 3072 novissimo
667 3006 788 3069 additur.
825 3016 970 3083 unguenta
989 3017 1108 3085 optumo

111 3089 1108 3166 serranturiualabastrismdoresiuuleo,quoddiuturnitaticomm

77 3182 189 3236 autunto
207 3173 304 3237 utilius
320 3176 592 3251 comsummatus,
613 3184 646 3236 ut
660 3192 699 3235 ex
720 3174 890 3250 amygdalis.
920 3183 951 3232 et
971 3176 1034 3252 ipss
1056 3189 1107 3234 uu·

112 3266 217 3334 guenta
236 3266 380 3316 vetustata
407 3258 537 3318 meliora.
575 3259 620 3318 sol
641 3258 771 3316 inimicus
792 3257 853 3331 bis,
874 3257 1060 3336 quamobrem
1077 3259 1108 3322 is

111 3339 211 3403 umbra
234 3339 398 3404 couduutur·
415 3340 661 3418 plumbeisvssia.
691 3341 920 3416 experimontum
946 3357 1046 3402 eorum
1065 3342 1106 3400 iu·
1219 3374 1223 3380 =

112 3441 197 3486 usum
213 3441 299 3488 muuu
316 3426 442 3504 capitur,
459 3443 495 3487 ne
512 3441 653 3487 oamouae
670 3423 760 3502 umus
775 3423 858 3484 calor
870 3425 963 3486 vitiat.
1105 3436 1108 3443 “
