<?xml version="1.0" encoding="UTF-8"?>
<!DOCTYPE html PUBLIC "-//W3C//DTD XHTML 1.0 Transitional//EN"
    "http://www.w3.org/TR/xhtml1/DTD/xhtml1-transitional.dtd">
<html xmlns="http://www.w3.org/1999/xhtml" xml:lang="en" lang="en">
 <head>
  <title>
</title>
<meta http-equiv="Content-Type" content="text/html;charset=utf-8" />
  <meta name='ocr-system' content='tesseract 3.04.00' />
  <meta name='ocr-capabilities' content='ocr_page ocr_carea ocr_par ocr_line ocrx_word'/>
</head>
<body>
  <div class='ocr_page' id='page_1' title='image "./cplinisecundina25plingoog_0517.png"; bbox 0 0 2542 3842; ppageno 0'>
   <div class='ocr_carea' id='block_1_1' title="bbox 333 180 1122 261">
    <p class='ocr_par' dir='ltr' id='par_1_1' title="bbox 333 180 1122 261">
     <span class='ocr_line' id='line_1_1' title="bbox 333 180 1122 261; baseline 0.009 -25"><span class='ocrx_word' id='word_1_1' title='bbox 333 190 413 238; x_wconf 74' lang='lat' dir='ltr'>uun.</span> <span class='ocrx_word' id='word_1_2' title='bbox 430 190 522 239; x_wconf 82' lang='grc' dir='ltr'>ιιιιι.</span> <span class='ocrx_word' id='word_1_3' title='bbox 537 190 586 237; x_wconf 85' lang='lat' dir='ltr'>x1.</span> <span class='ocrx_word' id='word_1_4' title='bbox 605 186 728 243; x_wconf 73' lang='lat' dir='ltr'>tte—et.</span> <span class='ocrx_word' id='word_1_5' title='bbox 752 180 904 261; x_wconf 76' lang='lat' dir='ltr'>(al-ae).</span> <span class='ocrx_word' id='word_1_6' title='bbox 1063 182 1122 243; x_wconf 80' lang='lat' dir='ltr'>tte</span> 
     </span>
    </p>
   </div>
   <div class='ocr_carea' id='block_1_2' title="bbox 71 342 1222 3029">
    <p class='ocr_par' dir='ltr' id='par_1_2' title="bbox 114 342 1163 674">
     <span class='ocr_line' id='line_1_2' title="bbox 172 342 1163 425; baseline 0.008 -22.049"><span class='ocrx_word' id='word_1_7' title='bbox 172 344 262 424; x_wconf 74' lang='lat'>(45.)</span> <span class='ocrx_word' id='word_1_8' title='bbox 280 342 395 404; x_wconf 82' lang='lat' dir='ltr'>Cornua</span> <span class='ocrx_word' id='word_1_9' title='bbox 415 344 511 404; x_wconf 85' lang='lat' dir='ltr'>multis</span> <span class='ocrx_word' id='word_1_10' title='bbox 528 344 644 424; x_wconf 74' lang='lat' dir='ltr'>pridem</span> <span class='ocrx_word' id='word_1_11' title='bbox 659 355 689 406; x_wconf 89' lang='lat' dir='ltr'>et</span> <span class='ocrx_word' id='word_1_12' title='bbox 702 346 868 425; x_wconf 60' lang='lat' dir='ltr'>montilium</span> <span class='ocrx_word' id='word_1_13' title='bbox 884 356 916 409; x_wconf 89' lang='lat' dir='ltr'>et</span> <span class='ocrx_word' id='word_1_14' title='bbox 929 347 1163 418; x_wconf 70' lang='lat' dir='ltr'>marinorumno</span> 
     </span>
     <span class='ocr_line' id='line_1_3' title="bbox 116 420 1119 511; baseline 0.006 -22"><span class='ocrx_word' id='word_1_15' title='bbox 116 438 150 490; x_wconf 86' lang='lat' dir='ltr'>et</span> <span class='ocrx_word' id='word_1_16' title='bbox 164 420 343 507; x_wconf 78' lang='lat' dir='ltr'>serpentium</span> <span class='ocrx_word' id='word_1_17' title='bbox 364 429 452 488; x_wconf 82' lang='lat' dir='ltr'>variis</span> <span class='ocrx_word' id='word_1_18' title='bbox 467 428 534 489; x_wconf 78' lang='lat' dir='ltr'>dats</span> <span class='ocrx_word' id='word_1_19' title='bbox 548 440 614 490; x_wconf 85' lang='lat' dir='ltr'>sunt</span> <span class='ocrx_word' id='word_1_20' title='bbox 633 430 745 507; x_wconf 88' lang='lat' dir='ltr'>modis,</span> <span class='ocrx_word' id='word_1_21' title='bbox 764 431 818 491; x_wconf 87' lang='lat' dir='ltr'>aed</span> <span class='ocrx_word' id='word_1_22' title='bbox 839 448 915 511; x_wconf 85' lang='lat' dir='ltr'>qnae</span> <span class='ocrx_word' id='word_1_23' title='bbox 931 432 995 493; x_wconf 84' lang='lat' dir='ltr'>iure</span> <span class='ocrx_word' id='word_1_24' title='bbox 1009 449 1119 495; x_wconf 84' lang='lat' dir='ltr'>eornua</span> 
     </span>
     <span class='ocr_line' id='line_1_4' title="bbox 114 511 1119 612; baseline 0.006 -41"><span class='ocrx_word' id='word_1_25' title='bbox 114 512 318 590; x_wconf 74' lang='lat' dir='ltr'>intellegantur</span> <span class='ocrx_word' id='word_1_26' title='bbox 334 511 543 612; x_wconf 73' lang='lat' dir='ltr'>quadripedum</span> <span class='ocrx_word' id='word_1_27' title='bbox 560 521 668 575; x_wconf 84' lang='lat' dir='ltr'>tentem</span> <span class='ocrx_word' id='word_1_28' title='bbox 684 515 797 593; x_wconf 71' lang='lat' dir='ltr'>generi</span> <span class='ocrx_word' id='word_1_29' title='bbox 842 514 1025 577; x_wconf 70' lang='lat' dir='ltr'>mnemon</span> <span class='ocrx_word' id='word_1_30' title='bbox 1041 518 1119 585; x_wconf 84' lang='lat' dir='ltr'>enim</span> 
     </span>
     <span class='ocr_line' id='line_1_5' title="bbox 114 582 1117 674; baseline 0.006 -17"><span class='ocrx_word' id='word_1_31' title='bbox 114 606 144 657; x_wconf 87' lang='lat' dir='ltr'>et</span> <span class='ocrx_word' id='word_1_32' title='bbox 163 595 266 674; x_wconf 82' lang='lat' dir='ltr'>Cipum</span> <span class='ocrx_word' id='word_1_33' title='bbox 288 597 373 656; x_wconf 83' lang='lat' dir='ltr'>etiam</span> <span class='ocrx_word' id='word_1_34' title='bbox 392 597 421 656; x_wconf 88' lang='lat' dir='ltr'>iu</span> <span class='ocrx_word' id='word_1_35' title='bbox 440 582 520 657; x_wconf 81' lang='lat' dir='ltr'>Latio</span> <span class='ocrx_word' id='word_1_36' title='bbox 542 596 664 659; x_wconf 85' lang='lat' dir='ltr'>historia</span> <span class='ocrx_word' id='word_1_37' title='bbox 684 597 835 660; x_wconf 77' lang='lat' dir='ltr'>fabulosos</span> <span class='ocrx_word' id='word_1_38' title='bbox 858 616 937 661; x_wconf 84' lang='lat' dir='ltr'>reor.</span> <span class='ocrx_word' id='word_1_39' title='bbox 971 618 1027 661; x_wconf 86' lang='lat' dir='ltr'>neu</span> <span class='ocrx_word' id='word_1_40' title='bbox 1048 600 1117 663; x_wconf 76' lang='lat' dir='ltr'>almi</span> 
     </span>
    </p>

    <p class='ocr_par' dir='ltr' id='par_1_3' title="bbox 71 680 1222 3029">
     <span class='ocr_line' id='line_1_6' title="bbox 89 680 1118 782; baseline 0.003 -41"><span class='ocrx_word' id='word_1_41' title='bbox 89 684 205 741; x_wconf 76' lang='lat' dir='ltr'>omniur</span> <span class='ocrx_word' id='word_1_42' title='bbox 218 689 337 741; x_wconf 81' lang='lat' dir='ltr'>naturae</span> <span class='ocrx_word' id='word_1_43' title='bbox 349 680 478 741; x_wconf 83' lang='lat' dir='ltr'>lesoiuia.</span> <span class='ocrx_word' id='word_1_44' title='bbox 509 681 577 741; x_wconf 87' lang='lat' dir='ltr'>lusit</span> <span class='ocrx_word' id='word_1_45' title='bbox 591 682 752 744; x_wconf 82' lang='lat' dir='ltr'>animalium</span> <span class='ocrx_word' id='word_1_46' title='bbox 766 684 864 760; x_wconf 79' lang='lat' dir='ltr'>armis,</span> <span class='ocrx_word' id='word_1_47' title='bbox 878 685 987 782; x_wconf 77' lang='lat' dir='ltr'>sparsit</span> <span class='ocrx_word' id='word_1_48' title='bbox 1000 684 1098 746; x_wconf 85' lang='lat' dir='ltr'>baeo</span> <span class='ocrx_word' id='word_1_49' title='bbox 1089 703 1118 745; x_wconf 94' lang='grc' dir='ltr'>ιιι</span> 
     </span>
     <span class='ocr_line' id='line_1_7' title="bbox 113 765 1116 846; baseline 0.006 -21"><span class='ocrx_word' id='word_1_50' title='bbox 113 782 225 839; x_wconf 86' lang='lat' dir='ltr'>ramos,</span> <span class='ocrx_word' id='word_1_51' title='bbox 240 772 272 824; x_wconf 84' lang='lat' dir='ltr'>ut</span> <span class='ocrx_word' id='word_1_52' title='bbox 287 781 456 840; x_wconf 71' lang='lat' dir='ltr'>uersuum,</span> <span class='ocrx_word' id='word_1_53' title='bbox 477 765 541 827; x_wconf 85' lang='lat' dir='ltr'>eliis</span> <span class='ocrx_word' id='word_1_54' title='bbox 556 767 700 845; x_wconf 81' lang='lat' dir='ltr'>simplicia</span> <span class='ocrx_word' id='word_1_55' title='bbox 715 766 831 843; x_wconf 77' lang='lat' dir='ltr'>tribuit,</span> <span class='ocrx_word' id='word_1_56' title='bbox 853 776 886 829; x_wconf 89' lang='lat' dir='ltr'>nt</span> <span class='ocrx_word' id='word_1_57' title='bbox 898 768 928 827; x_wconf 91' lang='lat' dir='ltr'>in</span> <span class='ocrx_word' id='word_1_58' title='bbox 944 768 1049 829; x_wconf 84' lang='lat' dir='ltr'>eodem</span> <span class='ocrx_word' id='word_1_59' title='bbox 1063 788 1116 846; x_wconf 70' lang='lat' dir='ltr'>ge·</span> 
     </span>
     <span class='ocr_line' id='line_1_8' title="bbox 112 846 1116 932; baseline 0.004 -23"><span class='ocrx_word' id='word_1_60' title='bbox 112 866 184 909; x_wconf 87' lang='lat' dir='ltr'>uere</span> <span class='ocrx_word' id='word_1_61' title='bbox 200 846 389 911; x_wconf 80' lang='lat' dir='ltr'>subulonibus</span> <span class='ocrx_word' id='word_1_62' title='bbox 410 866 447 909; x_wconf 86' lang='lat' dir='ltr'>ex</span> <span class='ocrx_word' id='word_1_63' title='bbox 469 861 639 927; x_wconf 74' lang='lat' dir='ltr'>argumento</span> <span class='ocrx_word' id='word_1_64' title='bbox 655 851 757 925; x_wconf 80' lang='lat' dir='ltr'>dietis,</span> <span class='ocrx_word' id='word_1_65' title='bbox 781 851 903 913; x_wconf 84' lang='lat' dir='ltr'>oliorum</span> <span class='ocrx_word' id='word_1_66' title='bbox 922 851 996 914; x_wconf 86' lang='lat' dir='ltr'>ludit</span> <span class='ocrx_word' id='word_1_67' title='bbox 1009 853 1039 913; x_wconf 88' lang='lat' dir='ltr'>in</span> <span class='ocrx_word' id='word_1_68' title='bbox 1055 854 1116 932; x_wconf 87' lang='lat' dir='ltr'>pnl-</span> 
     </span>
     <span class='ocr_line' id='line_1_9' title="bbox 110 932 1158 1013; baseline 0.008 -20"><span class='ocrx_word' id='word_1_69' title='bbox 110 950 182 1009; x_wconf 91' lang='lat' dir='ltr'>mas,</span> <span class='ocrx_word' id='word_1_70' title='bbox 201 932 365 1013; x_wconf 78' lang='lat' dir='ltr'>digitosque</span> <span class='ocrx_word' id='word_1_71' title='bbox 381 932 476 995; x_wconf 86' lang='lat' dir='ltr'>emisit</span> <span class='ocrx_word' id='word_1_72' title='bbox 489 951 526 993; x_wconf 87' lang='lat' dir='ltr'>ex</span> <span class='ocrx_word' id='word_1_73' title='bbox 542 935 588 1011; x_wconf 87' lang='lat' dir='ltr'>iis,</span> <span class='ocrx_word' id='word_1_74' title='bbox 603 936 680 996; x_wconf 89' lang='lat' dir='ltr'>uude</span> <span class='ocrx_word' id='word_1_75' title='bbox 695 934 896 1013; x_wconf 65' lang='lat' dir='ltr'>platroerutae</span> <span class='ocrx_word' id='word_1_76' title='bbox 908 944 1025 997; x_wconf 81' lang='lat' dir='ltr'>vocant.</span> <span class='ocrx_word' id='word_1_77' title='bbox 1047 937 1158 1003; x_wconf 68' lang='lat' dir='ltr'>deind</span> 
     </span>
     <span class='ocr_line' id='line_1_10' title="bbox 112 1016 1116 1096; baseline 0.005 -20"><span class='ocrx_word' id='word_1_78' title='bbox 112 1017 152 1077; x_wconf 88' lang='lat' dir='ltr'>dit</span> <span class='ocrx_word' id='word_1_79' title='bbox 167 1032 280 1077; x_wconf 89' lang='lat' dir='ltr'>ramosa</span> <span class='ocrx_word' id='word_1_80' title='bbox 294 1016 426 1095; x_wconf 79' lang='lat' dir='ltr'>capreis,</span> <span class='ocrx_word' id='word_1_81' title='bbox 444 1018 497 1077; x_wconf 87' lang='lat' dir='ltr'>sed</span> <span class='ocrx_word' id='word_1_82' title='bbox 513 1036 618 1096; x_wconf 82' lang='lat' dir='ltr'>parva,</span> <span class='ocrx_word' id='word_1_83' title='bbox 633 1037 691 1079; x_wconf 86' lang='lat' dir='ltr'>neo</span> <span class='ocrx_word' id='word_1_84' title='bbox 702 1018 775 1083; x_wconf 73' lang='lat' dir='ltr'>iecit</span> <span class='ocrx_word' id='word_1_85' title='bbox 788 1019 922 1082; x_wconf 83' lang='lat' dir='ltr'>deeidua.</span> <span class='ocrx_word' id='word_1_86' title='bbox 959 1021 1116 1085; x_wconf 73' lang='lat' dir='ltr'>murelum</span> 
     </span>
     <span class='ocr_line' id='line_1_11' title="bbox 77 1101 1116 1180; baseline 0.006 -21"><span class='ocrx_word' id='word_1_87' title='bbox 77 1102 139 1161; x_wconf 82' lang='lat' dir='ltr'>rein</span> <span class='ocrx_word' id='word_1_88' title='bbox 156 1101 314 1161; x_wconf 86' lang='lat' dir='ltr'>anirautum</span> <span class='ocrx_word' id='word_1_89' title='bbox 329 1102 450 1163; x_wconf 83' lang='lat' dir='ltr'>arietum</span> <span class='ocrx_word' id='word_1_90' title='bbox 465 1103 585 1179; x_wconf 75' lang='lat' dir='ltr'>generi,</span> <span class='ocrx_word' id='word_1_91' title='bbox 600 1120 656 1163; x_wconf 83' lang='lat' dir='ltr'>eeu</span> <span class='ocrx_word' id='word_1_92' title='bbox 674 1112 790 1163; x_wconf 81' lang='lat' dir='ltr'>caestus</span> <span class='ocrx_word' id='word_1_93' title='bbox 804 1103 902 1180; x_wconf 82' lang='lat' dir='ltr'>duret,</span> <span class='ocrx_word' id='word_1_94' title='bbox 930 1103 1037 1166; x_wconf 78' lang='lat' dir='ltr'>nfesta</span> <span class='ocrx_word' id='word_1_95' title='bbox 1053 1114 1116 1170; x_wconf 76' lang='lat' dir='ltr'>ltn-</span> 
     </span>
     <span class='ocr_line' id='line_1_12' title="bbox 110 1185 1113 1265; baseline 0.005 -22"><span class='ocrx_word' id='word_1_96' title='bbox 110 1186 161 1261; x_wconf 81' lang='lat' dir='ltr'>ris,</span> <span class='ocrx_word' id='word_1_97' title='bbox 177 1218 218 1231; x_wconf 72' lang='grc'>«-</span> <span class='ocrx_word' id='word_1_98' title='bbox 232 1187 261 1245; x_wconf 93' lang='lat' dir='ltr'>in</span> <span class='ocrx_word' id='word_1_99' title='bbox 276 1187 333 1246; x_wconf 88' lang='lat' dir='ltr'>hou</span> <span class='ocrx_word' id='word_1_100' title='bbox 348 1185 465 1265; x_wconf 81' lang='lat' dir='ltr'>quidem</span> <span class='ocrx_word' id='word_1_101' title='bbox 479 1204 589 1263; x_wconf 74' lang='lat' dir='ltr'>genere</span> <span class='ocrx_word' id='word_1_102' title='bbox 602 1195 636 1246; x_wconf 84' lang='lat' dir='ltr'>et</span> <span class='ocrx_word' id='word_1_103' title='bbox 645 1185 760 1247; x_wconf 84' lang='lat' dir='ltr'>leminis</span> <span class='ocrx_word' id='word_1_104' title='bbox 772 1186 886 1263; x_wconf 81' lang='lat' dir='ltr'>tribuit,</span> <span class='ocrx_word' id='word_1_105' title='bbox 903 1189 932 1249; x_wconf 90' lang='lat' dir='ltr'>iu</span> <span class='ocrx_word' id='word_1_106' title='bbox 943 1188 1041 1250; x_wconf 83' lang='lat' dir='ltr'>multis</span> <span class='ocrx_word' id='word_1_107' title='bbox 1053 1198 1113 1249; x_wconf 89' lang='lat' dir='ltr'>tao-</span> 
     </span>
     <span class='ocr_line' id='line_1_13' title="bbox 110 1267 1222 1349; baseline 0.008 -21"><span class='ocrx_word' id='word_1_108' title='bbox 110 1277 169 1329; x_wconf 93' lang='lat' dir='ltr'>tum</span> <span class='ocrx_word' id='word_1_109' title='bbox 182 1267 325 1345; x_wconf 86' lang='lat' dir='ltr'>maribus,</span> <span class='ocrx_word' id='word_1_110' title='bbox 344 1303 386 1317; x_wconf 89' lang='lat'><em>-</em></span> <span class='ocrx_word' id='word_1_111' title='bbox 401 1271 566 1349; x_wconf 84' lang='lat' dir='ltr'>rupioaprls</span> <span class='ocrx_word' id='word_1_112' title='bbox 586 1270 615 1329; x_wconf 91' lang='lat' dir='ltr'>iu</span> <span class='ocrx_word' id='word_1_113' title='bbox 630 1270 747 1331; x_wconf 86' lang='lat' dir='ltr'>dorsum</span> <span class='ocrx_word' id='word_1_114' title='bbox 764 1270 891 1347; x_wconf 75' lang='lat' dir='ltr'>edunto,</span> <span class='ocrx_word' id='word_1_115' title='bbox 916 1272 1007 1333; x_wconf 82' lang='lat' dir='ltr'>damis</span> <span class='ocrx_word' id='word_1_116' title='bbox 1021 1272 1051 1331; x_wconf 91' lang='lat' dir='ltr'>in</span> <span class='ocrx_word' id='word_1_117' title='bbox 1063 1272 1114 1336; x_wconf 76' lang='lat' dir='ltr'>ed·</span> <span class='ocrx_word' id='word_1_118' title='bbox 1215 1332 1222 1345; x_wconf 84' lang='grc'><strong><em>,</em></strong></span> 
     </span>
     <span class='ocr_line' id='line_1_14' title="bbox 109 1353 1114 1433; baseline 0.004 -22"><span class='ocrx_word' id='word_1_119' title='bbox 109 1370 235 1429; x_wconf 82' lang='lat' dir='ltr'>versum,</span> <span class='ocrx_word' id='word_1_120' title='bbox 250 1362 352 1417; x_wconf 85' lang='lat' dir='ltr'>ereoto</span> <span class='ocrx_word' id='word_1_121' title='bbox 368 1363 464 1415; x_wconf 81' lang='lat' dir='ltr'>eutem</span> <span class='ocrx_word' id='word_1_122' title='bbox 477 1370 672 1433; x_wconf 76' lang='lat' dir='ltr'>rugarumque</span> <span class='ocrx_word' id='word_1_123' title='bbox 686 1353 792 1415; x_wconf 69' lang='lat' dir='ltr'>ambitu</span> <span class='ocrx_word' id='word_1_124' title='bbox 807 1364 944 1417; x_wconf 80' lang='lat' dir='ltr'>eumerus</span> <span class='ocrx_word' id='word_1_125' title='bbox 958 1365 989 1417; x_wconf 88' lang='lat' dir='ltr'>et</span> <span class='ocrx_word' id='word_1_126' title='bbox 1002 1356 1031 1416; x_wconf 88' lang='lat' dir='ltr'>in</span> <span class='ocrx_word' id='word_1_127' title='bbox 1046 1356 1114 1417; x_wconf 80' lang='lat' dir='ltr'>leve</span> 
     </span>
     <span class='ocr_line' id='line_1_15' title="bbox 109 1436 1119 1519; baseline 0.007 -23"><span class='ocrx_word' id='word_1_128' title='bbox 109 1436 253 1514; x_wconf 80' lang='lat' dir='ltr'>fastigium</span> <span class='ocrx_word' id='word_1_129' title='bbox 267 1447 401 1515; x_wconf 82' lang='lat' dir='ltr'>exaonta,</span> <span class='ocrx_word' id='word_1_130' title='bbox 419 1446 450 1497; x_wconf 94' lang='lat' dir='ltr'>ut</span> <span class='ocrx_word' id='word_1_131' title='bbox 464 1437 541 1513; x_wconf 73' lang='lat' dir='ltr'>lyras</span> <span class='ocrx_word' id='word_1_132' title='bbox 558 1438 710 1513; x_wconf 76' lang='lat' dir='ltr'>deserent,</span> <span class='ocrx_word' id='word_1_133' title='bbox 727 1439 941 1518; x_wconf 83' lang='lat' dir='ltr'>strepsioeroti,</span> <span class='ocrx_word' id='word_1_134' title='bbox 958 1456 1045 1519; x_wconf 81' lang='lat' dir='ltr'>quern</span> <span class='ocrx_word' id='word_1_135' title='bbox 1063 1440 1119 1503; x_wconf 83' lang='lat' dir='ltr'>ad-.</span> 
     </span>
     <span class='ocr_line' id='line_1_16' title="bbox 75 1520 1154 1601; baseline 0.008 -24"><span class='ocrx_word' id='word_1_136' title='bbox 75 1520 211 1581; x_wconf 74' lang='lat' dir='ltr'>ledonem</span> <span class='ocrx_word' id='word_1_137' title='bbox 226 1522 327 1583; x_wconf 76' lang='lat' dir='ltr'>dirius</span> <span class='ocrx_word' id='word_1_138' title='bbox 343 1521 488 1601; x_wconf 82' lang='lat' dir='ltr'>appellat,</span> <span class='ocrx_word' id='word_1_139' title='bbox 512 1521 630 1586; x_wconf 88' lang='lat' dir='ltr'>mobilia</span> <span class='ocrx_word' id='word_1_140' title='bbox 645 1522 764 1598; x_wconf 85' lang='lat' dir='ltr'>eadem,</span> <span class='ocrx_word' id='word_1_141' title='bbox 786 1532 818 1583; x_wconf 92' lang='lat' dir='ltr'>nt</span> <span class='ocrx_word' id='word_1_142' title='bbox 833 1523 927 1598; x_wconf 80' lang='lat' dir='ltr'>auris,</span> <span class='ocrx_word' id='word_1_143' title='bbox 946 1522 1091 1601; x_wconf 68' lang='lat' dir='ltr'>Pbrygiae</span> <span class='ocrx_word' id='word_1_144' title='bbox 1104 1532 1154 1590; x_wconf 71' lang='lat'>125</span> 
     </span>
     <span class='ocr_line' id='line_1_17' title="bbox 110 1605 1112 1685; baseline 0.001 -20"><span class='ocrx_word' id='word_1_145' title='bbox 110 1608 261 1683; x_wconf 87' lang='lat' dir='ltr'>armentis,</span> <span class='ocrx_word' id='word_1_146' title='bbox 285 1605 515 1684; x_wconf 67' lang='lat' dir='ltr'>Trogodytarum</span> <span class='ocrx_word' id='word_1_147' title='bbox 536 1608 564 1667; x_wconf 90' lang='lat' dir='ltr'>iu</span> <span class='ocrx_word' id='word_1_148' title='bbox 589 1616 696 1667; x_wconf 85' lang='lat' dir='ltr'>terram</span> <span class='ocrx_word' id='word_1_149' title='bbox 721 1607 857 1681; x_wconf 75' lang='lat' dir='ltr'>derceto,</span> <span class='ocrx_word' id='word_1_150' title='bbox 882 1624 940 1685; x_wconf 79' lang='lat' dir='ltr'>qun</span> <span class='ocrx_word' id='word_1_151' title='bbox 966 1606 1005 1667; x_wconf 85' lang='lat' dir='ltr'>de</span> <span class='ocrx_word' id='word_1_152' title='bbox 1023 1625 1112 1669; x_wconf 77' lang='lat' dir='ltr'>eausa</span> 
     </span>
     <span class='ocr_line' id='line_1_18' title="bbox 109 1688 1114 1771; baseline 0.005 -23"><span class='ocrx_word' id='word_1_153' title='bbox 109 1688 226 1768; x_wconf 76' lang='lat' dir='ltr'>obliqua</span> <span class='ocrx_word' id='word_1_154' title='bbox 242 1694 361 1752; x_wconf 82' lang='lat' dir='ltr'>nerviae</span> <span class='ocrx_word' id='word_1_155' title='bbox 376 1700 543 1771; x_wconf 76' lang='lat' dir='ltr'>pumuntur,</span> <span class='ocrx_word' id='word_1_156' title='bbox 552 1691 619 1751; x_wconf 88' lang='lat' dir='ltr'>aliis</span> <span class='ocrx_word' id='word_1_157' title='bbox 632 1690 757 1767; x_wconf 69' lang='lat' dir='ltr'>singula,</span> <span class='ocrx_word' id='word_1_158' title='bbox 772 1700 803 1751; x_wconf 87' lang='lat' dir='ltr'>et</span> <span class='ocrx_word' id='word_1_159' title='bbox 814 1690 890 1751; x_wconf 87' lang='lat' dir='ltr'>bueo</span> <span class='ocrx_word' id='word_1_160' title='bbox 903 1690 1000 1753; x_wconf 83' lang='lat' dir='ltr'>medio</span> <span class='ocrx_word' id='word_1_161' title='bbox 1016 1693 1114 1770; x_wconf 76' lang='lat' dir='ltr'>eapite</span> 
     </span>
     <span class='ocr_line' id='line_1_19' title="bbox 108 1774 1153 1854; baseline 0.003 -21"><span class='ocrx_word' id='word_1_162' title='bbox 108 1782 155 1833; x_wconf 89' lang='lat' dir='ltr'>aut</span> <span class='ocrx_word' id='word_1_163' title='bbox 170 1774 298 1851; x_wconf 89' lang='lat' dir='ltr'>naribus,</span> <span class='ocrx_word' id='word_1_164' title='bbox 315 1785 345 1837; x_wconf 91' lang='lat' dir='ltr'>ot</span> <span class='ocrx_word' id='word_1_165' title='bbox 359 1775 492 1837; x_wconf 57' lang='lat' dir='ltr'>diximus,</span> <span class='ocrx_word' id='word_1_166' title='bbox 525 1776 580 1835; x_wconf 87' lang='lat' dir='ltr'>iam</span> <span class='ocrx_word' id='word_1_167' title='bbox 595 1774 712 1854; x_wconf 82' lang='lat' dir='ltr'>quidem</span> <span class='ocrx_word' id='word_1_168' title='bbox 723 1774 789 1835; x_wconf 85' lang='lat' dir='ltr'>aliia</span> <span class='ocrx_word' id='word_1_169' title='bbox 802 1775 838 1836; x_wconf 90' lang='lat' dir='ltr'>ad</span> <span class='ocrx_word' id='word_1_170' title='bbox 854 1776 999 1837; x_wconf 74' lang='lat' dir='ltr'>incursum</span> <span class='ocrx_word' id='word_1_171' title='bbox 1013 1774 1153 1851; x_wconf 58' lang='lat' dir='ltr'>roien-⁸133·</span> 
     </span>
     <span class='ocr_line' id='line_1_20' title="bbox 109 1858 1112 1937; baseline 0.004 -20"><span class='ocrx_word' id='word_1_172' title='bbox 109 1868 161 1931; x_wconf 87' lang='lat' dir='ltr'>ste,</span> <span class='ocrx_word' id='word_1_173' title='bbox 176 1858 241 1919; x_wconf 84' lang='lat' dir='ltr'>aliis</span> <span class='ocrx_word' id='word_1_174' title='bbox 256 1860 291 1920; x_wconf 90' lang='lat' dir='ltr'>ad</span> <span class='ocrx_word' id='word_1_175' title='bbox 308 1862 405 1937; x_wconf 83' lang='lat' dir='ltr'>iulum,</span> <span class='ocrx_word' id='word_1_176' title='bbox 422 1858 487 1920; x_wconf 84' lang='lat' dir='ltr'>eliis</span> <span class='ocrx_word' id='word_1_177' title='bbox 501 1859 622 1935; x_wconf 86' lang='lat' dir='ltr'>aduuou,</span> <span class='ocrx_word' id='word_1_178' title='bbox 639 1859 704 1920; x_wconf 87' lang='lat' dir='ltr'>aliis</span> <span class='ocrx_word' id='word_1_179' title='bbox 718 1858 859 1935; x_wconf 82' lang='lat' dir='ltr'>redonus,</span> <span class='ocrx_word' id='word_1_180' title='bbox 873 1859 940 1923; x_wconf 82' lang='lat' dir='ltr'>aliis</span> <span class='ocrx_word' id='word_1_181' title='bbox 955 1859 992 1921; x_wconf 90' lang='lat' dir='ltr'>ad</span> <span class='ocrx_word' id='word_1_182' title='bbox 1006 1860 1112 1923; x_wconf 73' lang='lat' dir='ltr'>lautum</span> 
     </span>
     <span class='ocr_line' id='line_1_21' title="bbox 73 1941 1112 2022; baseline 0.001 -20"><span class='ocrx_word' id='word_1_183' title='bbox 73 1962 100 2004; x_wconf 84' lang='lat' dir='ltr'>m</span> <span class='ocrx_word' id='word_1_184' title='bbox 109 1941 239 2019; x_wconf 91' lang='lat' dir='ltr'>pluribus</span> <span class='ocrx_word' id='word_1_185' title='bbox 253 1944 357 2019; x_wconf 88' lang='lat' dir='ltr'>modis,</span> <span class='ocrx_word' id='word_1_186' title='bbox 375 1945 488 2022; x_wconf 83' lang='lat' dir='ltr'>supina,</span> <span class='ocrx_word' id='word_1_187' title='bbox 506 1960 656 2019; x_wconf 77' lang='lat' dir='ltr'>convexa,</span> <span class='ocrx_word' id='word_1_188' title='bbox 675 1960 829 2017; x_wconf 79' lang='lat' dir='ltr'>conuersa,</span> <span class='ocrx_word' id='word_1_189' title='bbox 845 1946 941 2006; x_wconf 75' lang='lat' dir='ltr'>omia</span> <span class='ocrx_word' id='word_1_190' title='bbox 955 1945 984 2005; x_wconf 91' lang='lat' dir='ltr'>in</span> <span class='ocrx_word' id='word_1_191' title='bbox 996 1961 1112 2005; x_wconf 78' lang='lat' dir='ltr'>moero</span> 
     </span>
     <span class='ocr_line' id='line_1_22' title="bbox 108 2025 1111 2105; baseline 0.007 -22"><span class='ocrx_word' id='word_1_192' title='bbox 108 2042 173 2083; x_wconf 91' lang='lat' dir='ltr'>nem</span> <span class='ocrx_word' id='word_1_193' title='bbox 185 2026 345 2103; x_wconf 72' lang='lat' dir='ltr'>migrantia.</span> <span class='ocrx_word' id='word_1_194' title='bbox 367 2029 396 2086; x_wconf 89' lang='lat' dir='ltr'>iu</span> <span class='ocrx_word' id='word_1_195' title='bbox 408 2025 531 2105; x_wconf 85' lang='lat' dir='ltr'>quodum</span> <span class='ocrx_word' id='word_1_196' title='bbox 543 2044 656 2104; x_wconf 73' lang='lat' dir='ltr'>genere</span> <span class='ocrx_word' id='word_1_197' title='bbox 669 2042 724 2105; x_wconf 90' lang='lat' dir='ltr'>pro</span> <span class='ocrx_word' id='word_1_198' title='bbox 737 2025 869 2086; x_wconf 76' lang='lat' dir='ltr'>nauibus</span> <span class='ocrx_word' id='word_1_199' title='bbox 882 2026 919 2087; x_wconf 90' lang='lat' dir='ltr'>ad</span> <span class='ocrx_word' id='word_1_200' title='bbox 935 2025 1111 2090; x_wconf 77' lang='lat' dir='ltr'>manendum</span> 
     </span>
     <span class='ocr_line' id='line_1_23' title="bbox 108 2109 1110 2188; baseline 0.003 -21"><span class='ocrx_word' id='word_1_201' title='bbox 108 2122 225 2186; x_wconf 85' lang='lat' dir='ltr'>eorpus.</span> <span class='ocrx_word' id='word_1_202' title='bbox 254 2110 366 2171; x_wconf 86' lang='lat' dir='ltr'>ooeleis</span> <span class='ocrx_word' id='word_1_203' title='bbox 379 2109 416 2171; x_wconf 85' lang='lat' dir='ltr'>ed</span> <span class='ocrx_word' id='word_1_204' title='bbox 430 2110 697 2186; x_wconf 76' lang='lat' dir='ltr'>praetemptandum</span> <span class='ocrx_word' id='word_1_205' title='bbox 709 2110 776 2183; x_wconf 91' lang='lat' dir='ltr'>iter,</span> <span class='ocrx_word' id='word_1_206' title='bbox 790 2125 937 2188; x_wconf 79' lang='lat' dir='ltr'>corporea</span> <span class='ocrx_word' id='word_1_207' title='bbox 953 2109 1038 2186; x_wconf 84' lang='lat' dir='ltr'>lmeo,</span> <span class='ocrx_word' id='word_1_208' title='bbox 1054 2111 1110 2171; x_wconf 88' lang='lat' dir='ltr'>sio·</span> 
     </span>
     <span class='ocr_line' id='line_1_24' title="bbox 107 2191 1111 2272; baseline 0.005 -22"><span class='ocrx_word' id='word_1_209' title='bbox 107 2200 138 2251; x_wconf 90' lang='lat' dir='ltr'>ut</span> <span class='ocrx_word' id='word_1_210' title='bbox 153 2194 285 2254; x_wconf 88' lang='lat' dir='ltr'>oerastis.</span> <span class='ocrx_word' id='word_1_211' title='bbox 314 2192 467 2272; x_wconf 74' lang='lat' dir='ltr'>aliquando</span> <span class='ocrx_word' id='word_1_212' title='bbox 483 2200 513 2251; x_wconf 86' lang='lat' dir='ltr'>et</span> <span class='ocrx_word' id='word_1_213' title='bbox 526 2192 657 2269; x_wconf 73' lang='lat' dir='ltr'>singula,</span> <span class='ocrx_word' id='word_1_214' title='bbox 676 2192 789 2254; x_wconf 84' lang='lat' dir='ltr'>uooleis</span> <span class='ocrx_word' id='word_1_215' title='bbox 803 2210 921 2271; x_wconf 88' lang='lat' dir='ltr'>semper</span> <span class='ocrx_word' id='word_1_216' title='bbox 933 2191 1016 2269; x_wconf 84' lang='lat' dir='ltr'>bina,</span> <span class='ocrx_word' id='word_1_217' title='bbox 1036 2202 1067 2255; x_wconf 88' lang='lat' dir='ltr'>et</span> <span class='ocrx_word' id='word_1_218' title='bbox 1080 2204 1111 2256; x_wconf 87' lang='lat' dir='ltr'>nt</span> 
     </span>
     <span class='ocr_line' id='line_1_25' title="bbox 109 2275 1152 2356; baseline 0.004 -21"><span class='ocrx_word' id='word_1_219' title='bbox 109 2275 317 2356; x_wconf 87' lang='lat' dir='ltr'>protendantur</span> <span class='ocrx_word' id='word_1_220' title='bbox 328 2294 364 2339; x_wconf 84' lang='lat' dir='ltr'>uu</span> <span class='ocrx_word' id='word_1_221' title='bbox 379 2276 517 2340; x_wconf 85' lang='lat' dir='ltr'>resiliant</span> <span class='ocrx_word' id='word_1_222' title='bbox 546 2276 821 2356; x_wconf 78' lang='lat' dir='ltr'>Ururumoornibus</span> <span class='ocrx_word' id='word_1_223' title='bbox 838 2276 954 2340; x_wconf 84' lang='lat' dir='ltr'>barbari</span> <span class='ocrx_word' id='word_1_224' title='bbox 970 2287 1152 2356; x_wconf 76' lang='lat' dir='ltr'>septen-126</span> 
     </span>
     <span class='ocr_line' id='line_1_26' title="bbox 71 2359 1109 2441; baseline 0 -20"><span class='ocrx_word' id='word_1_225' title='bbox 71 2381 98 2422; x_wconf 84' lang='lat' dir='ltr'>m</span> <span class='ocrx_word' id='word_1_226' title='bbox 108 2360 249 2421; x_wconf 88' lang='lat' dir='ltr'>triouales</span> <span class='ocrx_word' id='word_1_227' title='bbox 264 2362 530 2441; x_wconf 57' lang='lat' dir='ltr'>potane&#39;nmisqne</span> <span class='ocrx_word' id='word_1_228' title='bbox 547 2359 614 2421; x_wconf 82' lang='lat' dir='ltr'>bins</span> <span class='ocrx_word' id='word_1_229' title='bbox 636 2361 739 2440; x_wconf 78' lang='lat' dir='ltr'>eapitis</span> <span class='ocrx_word' id='word_1_230' title='bbox 754 2361 840 2421; x_wconf 80' lang='lat' dir='ltr'>unies</span> <span class='ocrx_word' id='word_1_231' title='bbox 860 2378 970 2435; x_wconf 70' lang='lat' dir='ltr'>eunoun</span> <span class='ocrx_word' id='word_1_232' title='bbox 988 2362 1109 2440; x_wconf 85' lang='lat' dir='ltr'>inplent.</span> 
     </span>
     <span class='ocr_line' id='line_1_27' title="bbox 108 2444 1110 2524; baseline 0.002 -19"><span class='ocrx_word' id='word_1_233' title='bbox 108 2445 156 2505; x_wconf 89' lang='lat' dir='ltr'>alii</span> <span class='ocrx_word' id='word_1_234' title='bbox 171 2446 301 2524; x_wconf 83' lang='lat' dir='ltr'>praelixa</span> <span class='ocrx_word' id='word_1_235' title='bbox 315 2444 429 2509; x_wconf 80' lang='lat' dir='ltr'>hastilia</span> <span class='ocrx_word' id='word_1_236' title='bbox 446 2445 606 2523; x_wconf 85' lang='lat' dir='ltr'>euspidanl.</span> <span class='ocrx_word' id='word_1_237' title='bbox 631 2445 707 2523; x_wconf 88' lang='lat' dir='ltr'>apud</span> <span class='ocrx_word' id='word_1_238' title='bbox 721 2462 775 2505; x_wconf 89' lang='lat' dir='ltr'>uos</span> <span class='ocrx_word' id='word_1_239' title='bbox 790 2446 820 2505; x_wconf 85' lang='lat' dir='ltr'>in</span> <span class='ocrx_word' id='word_1_240' title='bbox 832 2446 941 2507; x_wconf 85' lang='lat' dir='ltr'>lamnas</span> <span class='ocrx_word' id='word_1_241' title='bbox 955 2454 1037 2506; x_wconf 79' lang='lat' dir='ltr'>secta</span> <span class='ocrx_word' id='word_1_242' title='bbox 1053 2454 1110 2507; x_wconf 81' lang='lat' dir='ltr'>tra·</span> 
     </span>
     <span class='ocr_line' id='line_1_28' title="bbox 107 2529 1110 2611; baseline 0.001 -22"><span class='ocrx_word' id='word_1_243' title='bbox 107 2530 306 2611; x_wconf 81' lang='lat' dir='ltr'>insertatque</span> <span class='ocrx_word' id='word_1_244' title='bbox 322 2534 406 2595; x_wconf 87' lang='lat' dir='ltr'>etium</span> <span class='ocrx_word' id='word_1_245' title='bbox 422 2530 519 2593; x_wconf 84' lang='lat' dir='ltr'>lumen</span> <span class='ocrx_word' id='word_1_246' title='bbox 535 2529 677 2591; x_wconf 87' lang='lat' dir='ltr'>iuulusum</span> <span class='ocrx_word' id='word_1_247' title='bbox 693 2529 778 2591; x_wconf 85' lang='lat' dir='ltr'>latius</span> <span class='ocrx_word' id='word_1_248' title='bbox 794 2529 931 2608; x_wconf 81' lang='lat' dir='ltr'>fundunt,</span> <span class='ocrx_word' id='word_1_249' title='bbox 946 2530 1110 2609; x_wconf 77' lang='lat' dir='ltr'>multusque</span> 
     </span>
     <span class='ocr_line' id='line_1_29' title="bbox 106 2613 1109 2690; baseline 0.005 -17"><span class='ocrx_word' id='word_1_250' title='bbox 106 2613 179 2675; x_wconf 88' lang='lat' dir='ltr'>alias</span> <span class='ocrx_word' id='word_1_251' title='bbox 194 2614 230 2675; x_wconf 86' lang='lat' dir='ltr'>ud</span> <span class='ocrx_word' id='word_1_252' title='bbox 245 2615 367 2677; x_wconf 81' lang='lat' dir='ltr'>delinias</span> <span class='ocrx_word' id='word_1_253' title='bbox 382 2614 583 2689; x_wconf 85' lang='lat' dir='ltr'>ooniornutnr,</span> <span class='ocrx_word' id='word_1_254' title='bbox 599 2632 675 2675; x_wconf 86' lang='lat' dir='ltr'>nunu</span> <span class='ocrx_word' id='word_1_255' title='bbox 688 2615 792 2690; x_wconf 79' lang='lat' dir='ltr'>uuus,</span> <span class='ocrx_word' id='word_1_256' title='bbox 808 2631 884 2675; x_wconf 87' lang='lat' dir='ltr'>nnne</span> <span class='ocrx_word' id='word_1_257' title='bbox 898 2614 1015 2690; x_wconf 80' lang='lat' dir='ltr'>sublita,</span> <span class='ocrx_word' id='word_1_258' title='bbox 1031 2632 1109 2678; x_wconf 75' lang='lat' dir='ltr'>nuno</span> 
     </span>
     <span class='ocr_line' id='line_1_30' title="bbox 106 2696 1149 2781; baseline 0.005 -25"><span class='ocrx_word' id='word_1_259' title='bbox 106 2715 182 2776; x_wconf 83' lang='lat' dir='ltr'>qnae</span> <span class='ocrx_word' id='word_1_260' title='bbox 202 2710 329 2762; x_wconf 77' lang='lat' dir='ltr'>cestrota</span> <span class='ocrx_word' id='word_1_261' title='bbox 350 2703 481 2781; x_wconf 85' lang='lat' dir='ltr'>piotnrae</span> <span class='ocrx_word' id='word_1_262' title='bbox 506 2716 617 2775; x_wconf 74' lang='lat' dir='ltr'>genere</span> <span class='ocrx_word' id='word_1_263' title='bbox 644 2699 796 2777; x_wconf 59' lang='lat' dir='ltr'>dieuntur„</span> <span class='ocrx_word' id='word_1_264' title='bbox 832 2696 970 2758; x_wconf 75' lang='lat' dir='ltr'>onibus</span> <span class='ocrx_word' id='word_1_265' title='bbox 992 2706 1149 2763; x_wconf 69' lang='lat' dir='ltr'>automni</span> 
     </span>
     <span class='ocr_line' id='line_1_31' title="bbox 71 2782 1109 2847; baseline 0.001 -2"><span class='ocrx_word' id='word_1_266' title='bbox 71 2799 179 2845; x_wconf 79' lang='lat' dir='ltr'>suosve</span> <span class='ocrx_word' id='word_1_267' title='bbox 195 2792 226 2842; x_wconf 87' lang='lat' dir='ltr'>et</span> <span class='ocrx_word' id='word_1_268' title='bbox 239 2784 268 2844; x_wconf 91' lang='lat' dir='ltr'>in</span> <span class='ocrx_word' id='word_1_269' title='bbox 282 2802 420 2845; x_wconf 78' lang='lat' dir='ltr'>mucrone</span> <span class='ocrx_word' id='word_1_270' title='bbox 435 2785 548 2847; x_wconf 76' lang='lat' dir='ltr'>demum</span> <span class='ocrx_word' id='word_1_271' title='bbox 562 2792 701 2843; x_wconf 86' lang='lat' dir='ltr'>oonereta</span> <span class='ocrx_word' id='word_1_272' title='bbox 714 2791 789 2842; x_wconf 85' lang='lat' dir='ltr'>sunt</span> <span class='ocrx_word' id='word_1_273' title='bbox 814 2782 911 2843; x_wconf 80' lang='lat' dir='ltr'>oerris</span> <span class='ocrx_word' id='word_1_274' title='bbox 925 2789 1033 2845; x_wconf 85' lang='lat' dir='ltr'>tautum</span> <span class='ocrx_word' id='word_1_275' title='bbox 1048 2790 1109 2846; x_wconf 87' lang='lat' dir='ltr'>tota</span> 
     </span>
     <span class='ocr_line' id='line_1_32' title="bbox 106 2864 1108 2943; baseline 0.003 -19"><span class='ocrx_word' id='word_1_276' title='bbox 106 2864 199 2925; x_wconf 88' lang='lat' dir='ltr'>solida</span> <span class='ocrx_word' id='word_1_277' title='bbox 213 2875 242 2926; x_wconf 89' lang='lat' dir='ltr'>et</span> <span class='ocrx_word' id='word_1_278' title='bbox 257 2868 388 2927; x_wconf 88' lang='lat' dir='ltr'>omnibus</span> <span class='ocrx_word' id='word_1_279' title='bbox 404 2870 486 2929; x_wconf 88' lang='lat' dir='ltr'>annis</span> <span class='ocrx_word' id='word_1_280' title='bbox 501 2866 634 2929; x_wconf 84' lang='lat' dir='ltr'>desidua.</span> <span class='ocrx_word' id='word_1_281' title='bbox 675 2865 767 2925; x_wconf 78' lang='lat' dir='ltr'>boum</span> <span class='ocrx_word' id='word_1_282' title='bbox 789 2865 894 2927; x_wconf 83' lang='lat' dir='ltr'>attritis</span> <span class='ocrx_word' id='word_1_283' title='bbox 911 2864 1028 2943; x_wconf 74' lang='lat' dir='ltr'>ungulis</span> <span class='ocrx_word' id='word_1_284' title='bbox 1042 2884 1108 2927; x_wconf 85' lang='lat' dir='ltr'>uor-</span> 
     </span>
     <span class='ocr_line' id='line_1_33' title="bbox 105 2949 1108 3029; baseline 0.001 -20"><span class='ocrx_word' id='word_1_285' title='bbox 105 2949 161 3009; x_wconf 84' lang='lat' dir='ltr'>nnu</span> <span class='ocrx_word' id='word_1_286' title='bbox 178 2952 332 3028; x_wconf 75' lang='lat' dir='ltr'>unguendo</span> <span class='ocrx_word' id='word_1_287' title='bbox 349 2954 448 3013; x_wconf 79' lang='lat' dir='ltr'>aurine</span> <span class='ocrx_word' id='word_1_288' title='bbox 467 2950 620 3011; x_wconf 79' lang='lat' dir='ltr'>medentur</span> <span class='ocrx_word' id='word_1_289' title='bbox 639 2950 799 3027; x_wconf 76' lang='lat' dir='ltr'>agricolae.</span> <span class='ocrx_word' id='word_1_290' title='bbox 841 2949 977 3029; x_wconf 75' lang='lat' dir='ltr'>adeoque</span> <span class='ocrx_word' id='word_1_291' title='bbox 995 2964 1108 3027; x_wconf 72' lang='lat' dir='ltr'>seqou</span> 
     </span>
    </p>
   </div>
   <div class='ocr_carea' id='block_1_3' title="bbox 69 3032 1149 3452">
    <p class='ocr_par' dir='ltr' id='par_1_4' title="bbox 69 3032 1149 3452">
     <span class='ocr_line' id='line_1_34' title="bbox 105 3032 1108 3115; baseline 0 -22"><span class='ocrx_word' id='word_1_292' title='bbox 105 3042 204 3095; x_wconf 81' lang='lat' dir='ltr'>natura</span> <span class='ocrx_word' id='word_1_293' title='bbox 219 3044 265 3096; x_wconf 89' lang='lat' dir='ltr'>est</span> <span class='ocrx_word' id='word_1_294' title='bbox 285 3046 316 3097; x_wconf 90' lang='lat' dir='ltr'>ut</span> <span class='ocrx_word' id='word_1_295' title='bbox 335 3038 365 3097; x_wconf 85' lang='lat' dir='ltr'>in</span> <span class='ocrx_word' id='word_1_296' title='bbox 378 3037 450 3115; x_wconf 84' lang='lat' dir='ltr'>ipsis</span> <span class='ocrx_word' id='word_1_297' title='bbox 465 3034 621 3095; x_wconf 79' lang='lat' dir='ltr'>viventium</span> <span class='ocrx_word' id='word_1_298' title='bbox 637 3032 812 3113; x_wconf 86' lang='lat' dir='ltr'>eorporibns</span> <span class='ocrx_word' id='word_1_299' title='bbox 828 3033 955 3096; x_wconf 82' lang='lat' dir='ltr'>ferventi</span> <span class='ocrx_word' id='word_1_300' title='bbox 972 3051 1041 3098; x_wconf 80' lang='lat' dir='ltr'>esra</span> <span class='ocrx_word' id='word_1_301' title='bbox 1056 3033 1108 3094; x_wconf 81' lang='lat' dir='ltr'>ile·</span> 
     </span>
     <span class='ocr_line' id='line_1_35' title="bbox 106 3118 1107 3199; baseline 0.001 -20"><span class='ocrx_word' id='word_1_302' title='bbox 106 3126 218 3179; x_wconf 85' lang='lat' dir='ltr'>utantur</span> <span class='ocrx_word' id='word_1_303' title='bbox 239 3129 326 3199; x_wconf 79' lang='lat' dir='ltr'>atque</span> <span class='ocrx_word' id='word_1_304' title='bbox 347 3122 437 3184; x_wconf 86' lang='lat' dir='ltr'>ineisa</span> <span class='ocrx_word' id='word_1_305' title='bbox 456 3119 633 3179; x_wconf 88' lang='lat' dir='ltr'>nasoeutium</span> <span class='ocrx_word' id='word_1_306' title='bbox 656 3118 832 3179; x_wconf 82' lang='lat' dir='ltr'>indiversus</span> <span class='ocrx_word' id='word_1_307' title='bbox 848 3120 1107 3197; x_wconf 76' lang='lat' dir='ltr'>pertistortpueun·</span> 
     </span>
     <span class='ocr_line' id='line_1_36' title="bbox 69 3200 1149 3283; baseline -0.005 -13"><span class='ocrx_word' id='word_1_308' title='bbox 69 3213 167 3278; x_wconf 77' lang='lat' dir='ltr'>estur,</span> <span class='ocrx_word' id='word_1_309' title='bbox 192 3206 221 3263; x_wconf 89' lang='lat' dir='ltr'>iu</span> <span class='ocrx_word' id='word_1_310' title='bbox 244 3205 364 3281; x_wconf 75' lang='lat' dir='ltr'>singolis</span> <span class='ocrx_word' id='word_1_311' title='bbox 379 3203 520 3283; x_wconf 77' lang='lat' dir='ltr'>capitibus</span> <span class='ocrx_word' id='word_1_312' title='bbox 536 3210 676 3281; x_wconf 77' lang='lat' dir='ltr'>quotenus</span> <span class='ocrx_word' id='word_1_313' title='bbox 690 3201 768 3263; x_wconf 84' lang='lat' dir='ltr'>liant.</span> <span class='ocrx_word' id='word_1_314' title='bbox 812 3200 957 3263; x_wconf 81' lang='lat' dir='ltr'>Tenuiora</span> <span class='ocrx_word' id='word_1_315' title='bbox 972 3202 1086 3263; x_wconf 87' lang='lat' dir='ltr'>leminis</span> <span class='ocrx_word' id='word_1_316' title='bbox 1097 3209 1149 3265; x_wconf 73' lang='grc'>118</span> 
     </span>
     <span class='ocr_line' id='line_1_37' title="bbox 104 3286 1106 3369; baseline -0.005 -20"><span class='ocrx_word' id='word_1_317' title='bbox 104 3288 276 3369; x_wconf 81' lang='lat' dir='ltr'>plerumque</span> <span class='ocrx_word' id='word_1_318' title='bbox 293 3297 369 3364; x_wconf 85' lang='lat' dir='ltr'>eunt,</span> <span class='ocrx_word' id='word_1_319' title='bbox 381 3296 411 3348; x_wconf 93' lang='lat' dir='ltr'>nt</span> <span class='ocrx_word' id='word_1_320' title='bbox 427 3290 454 3348; x_wconf 89' lang='lat' dir='ltr'>in</span> <span class='ocrx_word' id='word_1_321' title='bbox 468 3304 579 3367; x_wconf 84' lang='lat' dir='ltr'>peoore</span> <span class='ocrx_word' id='word_1_322' title='bbox 591 3286 695 3347; x_wconf 90' lang='lat' dir='ltr'>moltis</span> <span class='ocrx_word' id='word_1_323' title='bbox 721 3286 818 3347; x_wconf 85' lang='lat' dir='ltr'>ovium</span> <span class='ocrx_word' id='word_1_324' title='bbox 828 3286 919 3363; x_wconf 87' lang='lat' dir='ltr'>nulla,</span> <span class='ocrx_word' id='word_1_325' title='bbox 931 3304 987 3346; x_wconf 84' lang='lat' dir='ltr'>neu</span> <span class='ocrx_word' id='word_1_326' title='bbox 1003 3302 1106 3347; x_wconf 76' lang='lat' dir='ltr'>ueretr-</span> 
     </span>
     <span class='ocr_line' id='line_1_38' title="bbox 103 3370 1105 3452; baseline -0.002 -19"><span class='ocrx_word' id='word_1_327' title='bbox 103 3390 182 3450; x_wconf 90' lang='lat' dir='ltr'>rum,</span> <span class='ocrx_word' id='word_1_328' title='bbox 196 3390 252 3434; x_wconf 85' lang='lat' dir='ltr'>neo</span> <span class='ocrx_word' id='word_1_329' title='bbox 268 3372 623 3474; x_wconf 72' lang='lat' dir='ltr'>quibusmultilidipedes,</span> <span class='ocrx_word' id='word_1_330' title='bbox 635 3388 691 3432; x_wconf 83' lang='lat' dir='ltr'>nen</span> <span class='ocrx_word' id='word_1_331' title='bbox 706 3370 899 3449; x_wconf 79' lang='lat' dir='ltr'>solidipedum</span> <span class='ocrx_word' id='word_1_332' title='bbox 909 3371 961 3431; x_wconf 92' lang='lat' dir='ltr'>ulli</span> <span class='ocrx_word' id='word_1_333' title='bbox 977 3377 1105 3448; x_wconf 73' lang='lat' dir='ltr'>excepte</span> 
     </span>
    </p>
   </div>
   <div class='ocr_carea' id='block_1_4' title="bbox 104 3454 1108 3599">
    <p class='ocr_par' dir='ltr' id='par_1_5' title="bbox 104 3454 1108 3599">
     <span class='ocr_line' id='line_1_39' title="bbox 104 3454 1108 3599; baseline 0.001 -81"><span class='ocrx_word' id='word_1_334' title='bbox 104 3458 185 3519; x_wconf 85' lang='lat' dir='ltr'>asino</span> <span class='ocrx_word' id='word_1_335' title='bbox 197 3457 296 3520; x_wconf 87' lang='lat' dir='ltr'>ludieo</span> <span class='ocrx_word' id='word_1_336' title='bbox 316 3459 364 3537; x_wconf 85' lang='lat' dir='ltr'>qui</span> <span class='ocrx_word' id='word_1_337' title='bbox 379 3474 435 3518; x_wconf 90' lang='lat' dir='ltr'>uno</span> <span class='ocrx_word' id='word_1_338' title='bbox 455 3466 579 3519; x_wconf 85' lang='lat' dir='ltr'>armatus</span> <span class='ocrx_word' id='word_1_339' title='bbox 596 3465 753 3517; x_wconf 86' lang='lat' dir='ltr'>estoornu</span> <span class='ocrx_word' id='word_1_340' title='bbox 782 3454 1108 3599; x_wconf 59' lang='lat' dir='ltr'>³⁵⁸⁰¹⁰¹¹⁸2¹³j¹¹³¹³⁰m</span> 
     </span>
    </p>
   </div>
   <div class='ocr_carea' id='block_1_5' title="bbox 0 0 1276 3842">
    <p class='ocr_par' dir='ltr' id='par_1_6' title="bbox 0 0 1276 3842">
     <span class='ocr_line' id='line_1_40' title="bbox 0 0 1276 3842; baseline 0 4"><span class='ocrx_word' id='word_1_341' title='bbox 0 0 1276 3842; x_wconf 95' lang='lat' dir='ltr'> </span> 
     </span>
    </p>
   </div>
  </div>
 </body>
</html>
