2542 3842
307 210 586 261 summissum.
607 208 727 263 ou—uo.
746 195 893 282 (uo-54.)
1058 197 1097 262 65

110 369 193 430 latera
208 368 301 427 ventri
316 368 468 444 iunguntur
482 376 512 425 ut
525 366 665 445 piscibus,
690 375 718 425 et
734 366 814 445 spina
831 366 913 425 simili
927 368 1012 427 modo
1030 369 1097 428 emi·

109 463 162 512 net.
188 461 321 526 rostrum,
338 460 368 509 ut
383 452 411 508 in
425 468 526 529 parvo,
544 450 611 509 haut
626 448 756 510 absimile
775 448 870 525 suillo,
892 450 981 511 cauda
997 456 1157 530 praa-121‘

108 534 189 612 longa
206 538 234 595 in
248 536 413 594 tenuitatem
429 534 574 609 desinens,
595 532 736 612 inplicans
759 550 790 593 se
809 534 945 611 viperinis
967 534 1095 610 orbibus,

108 638 215 697 ungues
228 615 341 693 adunci,
370 628 463 677 motus
479 617 588 677 tardior
611 626 643 675 ut
661 616 810 693 testudini,
834 634 939 695 corpus
964 634 1097 697 asperum

85 716 160 762 aneu
176 702 336 776 crocodilo,
353 702 430 761 oculi
445 702 473 759 in
487 720 607 761 recessu
625 717 709 776 cavo,
732 702 811 763 tenui
828 700 990 760 discrimine
1011 720 1095 781 prae·

108 788 230 865 grandes
253 795 282 844 et
303 786 421 865 corpori
443 785 625 844 concolores.
662 802 811 862 numquam
834 801 886 843 eos
909 787 1019 863 operit,
1042 804 1098 847 nec

107 869 233 949 pupillae
242 879 319 928 motu
334 868 386 927 sed
398 870 485 927 totius
498 869 575 928 oculi
584 870 997 947 versatione·circumadspicit.
1015 871 1079 949 ipse
1089 882 1138 935 122

110 954 205 1012 celsus
221 952 306 1012 hianti
322 971 438 1032 semper
454 969 505 1011 ore
522 952 601 1012 solus
617 953 777 1012 animalium
798 970 853 1012 nec
876 951 940 1011 cibo
957 970 1011 1012 nec
1027 964 1096 1031 potu

107 1036 188 1095 alitur
202 1054 256 1095 nec
272 1036 328 1096 alio
345 1054 427 1115 quam
442 1038 517 1095 aeris
535 1036 680 1111 alimento,
698 1038 772 1095 circa
786 1036 937 1118 caprificos
953 1037 1042 1112 ierus,
1054 1042 1095 1117 in·

73 1138 100 1181 ro
109 1123 209 1178 noxius
232 1120 349 1198 alioqui.
379 1130 407 1178 et
429 1120 537 1179 coloris
558 1128 657 1179 natura
678 1119 842 1179 mirabilior.
873 1128 960 1179 mutat
975 1135 1096 1199 namque

107 1222 169 1263 eum
186 1204 306 1262 subinde
330 1213 359 1262 et
383 1203 475 1262 oculis
499 1212 528 1261 et
550 1204 640 1262 canda
660 1213 689 1263 et
704 1212 769 1262 toto
782 1220 923 1281 corpore,
944 1204 1096 1282 redditque

20 1281 21 1286 ’
107 1305 222 1366 semper
237 1306 446 1365 quemcumque
462 1303 600 1363 proxume
617 1288 727 1364 attingit
743 1296 859 1365 praeter
870 1286 986 1344 rubrum
1001 1288 1095 1347 candi·

106 1370 236 1447 dumque.
270 1371 405 1431 defuncto
426 1371 520 1447 pallor
542 1378 594 1429 est.
626 1388 693 1429 caro
710 1372 737 1428 in
756 1371 848 1449 capite
874 1378 902 1428 et
924 1371 1045 1429 maxillis
1068 1380 1115 1431 et*

106 1452 141 1513 ad
161 1456 365 1513 submissurum
393 1454 500 1513 caudae
521 1454 669 1513 admodum
697 1455 815 1530 exigna,
847 1470 901 1511 neo
924 1453 1010 1513 aliubi
1032 1464 1095 1514 toto

71 1546 240 1615 recorpore.
272 1538 387 1615 sanguis
410 1539 438 1596 in
462 1538 549 1596 co'rde
572 1546 601 1596 et
622 1540 698 1597 circa
720 1538 821 1597 oculos
836 1544 958 1615 tantum,
982 1538 1095 1599 viscera

106 1622 168 1679 sine
183 1622 293 1698 splene.
325 1622 450 1680 hibernis
467 1621 610 1679 mensibus
627 1622 698 1679 latet
715 1631 744 1679 ut
760 1612 883 1701 lacerta?

168 1704 216 1764 34.
235 1704 317 1783 (52.)
340 1705 428 1763 blutat
446 1705 563 1764 colores
579 1706 748 1778 Scytharum
766 1704 915 1763 tarandrus
932 1722 988 1763 nec
1003 1704 1079 1764 aliud
1087 1716 1137 1770 123

106 1804 143 1847 ex
165 1788 199 1845 iis
221 1806 295 1865 quae
316 1789 376 1866 pilo
393 1790 551 1847 vestiuntur
566 1790 620 1846 nisi
643 1791 671 1845 in
690 1788 776 1849 lndiis
792 1789 910 1862 lycaon,
934 1789 979 1847 cui
999 1788 1095 1849 iubata

104 1872 222 1931 traditur
237 1874 346 1930 cervix.
374 1890 439 1930 nam
464 1873 564 1948 thoos,
581 1904 622 1915 -
646 1871 776 1949 luporum
799 1871 827 1930 id
850 1887 942 1947 genus
963 1880 1007 1930 est
1027 1888 1094 1949 pro·
1130 1906 1132 1913 ,

18 1955 19 1960 ’
66 1956 200 2014 muamus
222 1955 415 2031 longitudine,
443 1956 584 2014 brevitate
606 1972 717 2014 crurum
734 1955 882 2029 dissimile,
897 1955 994 2013 uelox
1011 1956 1094 2031 saltu,

105 2048 207 2097 venatu
222 2040 337 2112 virens,
354 2040 503 2097 innocuum
527 2038 642 2113 homini,
658 2039 853 2110 -habitum,
876 2052 933 2095 non
954 2038 1092 2113 colorem,

104 2131 220 2195 mutant,
240 2140 294 2199 per
306 2121 414 2179 hiemes
432 2122 506 2195 hirti,
520 2130 630 2180 aestate
652 2122 728 2179 nudi.
756 2119 900 2179 'larandro
917 2120 1078 2195 magnitudo
1086 2133 1136 2186 124

105 2222 179 2283 quae
194 2205 262 2263 bovi
275 2213 329 2278 est,
347 2213 433 2283 caput
446 2207 535 2264 maius
550 2206 679 2277 cervino,
697 2220 752 2263 nuc
769 2200 908 2277 absimile,
928 2218 1033 2263 cornua
1049 2222 1094 2266 ra·

102 2305 200 2361 mosa,
233 2288 358 2365 ungulae
385 2288 499 2362 bilidae,
541 2288 626 2346 villus
656 2287 846 2363 magnitudine
869 2302 1000 2345 ursorum
1029 2289 1092 2363 sed,

67 2380 168 2431 ²⁶cnm
185 2371 265 2429 libuit
286 2372 329 2429 sni
345 2372 452 2431 coloris
465 2389 541 2445 esse,
567 2372 638 2429 asini
656 2372 763 2431 similis.
794 2372 903 2447 tergori
922 2375 998 2429 tanta
1018 2371 1094 2430 duri·
1129 2410 1134 2421 .

100 2457 141 2514 tia
157 2463 188 2512 ut
198 2455 337 2516 ,thoraces
355 2473 391 2514 en
406 2473 443 2514 au
455 2455 569 2515 iaciant.
594 2455 723 2514 colorem
738 2454 1019 2527 omnium'arbornm,
1035 2454 1093 2513 iru-

100 2540 206 2611 ticum,
232 2539 332 2597 domm
360 2540 547 2615 locorumque
561 2539 655 2597 reddit
681 2548 810 2599 metuens
831 2541 859 2596 in
886 2537 987 2615 quibus
1015 2538 1093 2597 latet.

101 2622 171 2681 ideo
192 2638 258 2680 raro
282 2625 402 2700 capitur.
444 2624 542 2681 mirum
564 2630 644 2681 esset
666 2623 791 2682 habitum
809 2623 925 2699 corpori
946 2628 1003 2679 tam
1024 2622 1094 2683 mul·

99 2705 231 2783 tiplicem
245 2705 317 2779 duri,
332 2705 488 2765 mirabilius
506 2706 539 2765 et'
551 2706 631 2764 villo.

63 2796 91 2839 ⁸⁰
168 2787 217 2847 35.
237 2788 321 2867 (53.)
344 2789 494 2863 llystrices
514 2794 636 2865 generat
658 2788 735 2847 lndia
757 2798 785 2848 at
801 2788 898 2846 dirius
914 2786 994 2864 spina
1010 2798 1135 2852 con-125

98 2881 197 2931 tectas
213 2890 267 2931 ceu
282 2874 479 2931 irenaceorum
494 2890 613 2948 genere,
635 2872 688 2931 sed
703 2872 821 2945 hystrici
842 2871 989 2947 longiores
1001 2873 1094 2931 aculei

99 2964 142 3030 et,
159 2974 221 3014 cum
237 2956 355 3015 intendit
370 2965 473 3028 cutem,
490 2956 624 3014 missiles.
659 2972 708 3014 ora
724 2955 902 3031 urguentium
918 2954 978 3030 tigit
994 2970 1094 3013 canum

75 3039 79 3046 ’
98 3048 132 3098 et
147 3040 234 3117 paolo
250 3039 365 3115 longius
379 3041 526 3098 iaculatur.
557 3038 684 3097 hibernis
702 3047 794 3097 autem
816 3056 849 3096 se
864 3037 1010 3097 mensibus
1026 3054 1093 3095 con·

98 3122 153 3197 dit,
168 3140 244 3201 quae
259 3132 357 3181 nutura
372 3124 466 3181 multis
481 3132 510 3181 et
525 3131 590 3181 ante
608 3122 700 3181 omnia
716 3123 800 3180 ursis.
1106 3196 1107 3203 ἵ

59 3211 88 3255 ³⁶
166 3206 216 3267 36.
235 3206 317 3284 (bd.)
340 3205 446 3264 Eorum
461 3208 553 3265 coitus
575 3207 675 3265 hiemis
692 3206 786 3281 initio,
803 3222 858 3265 nec
880 3205 991 3281 volgari
1008 3214 1134 3281 qua-126

96 3290 251 3365 dripedum
268 3306 360 3363 more,
379 3291 430 3348 sed
447 3289 584 3371 ambobus
600 3290 767 3349 cubantibus
786 3290 1005 3368 conplexisque.
1027 3288 1094 3347 dein

97 3388 240 3431 secessus
254 3374 282 3430 iu
297 3390 405 3450 specus
419 3376 582 3451 separatim,
599 3375 741 3452 inquibus
755 3376 868 3451 pariunt
878 3374 1026 3449 trigesimo
1045 3371 1093 3431 dio

95 3456 262 3533 plurumum
279 3459 390 3533 quinos.
418 3456 446 3516 bi
467 3467 531 3517 suut
550 3458 669 3519 candida
689 3458 875 3536 informisque
898 3471 977 3532 caro,
1003 3453 1092 3533 paulo

142 3560 211 3598 nuru.
226 3560 287 3601 nar.
301 3560 368 3601 mss.
384 3546 417 3600 ll.
907 3540 926 3599 5
