<?xml version="1.0" encoding="UTF-8"?>
<!DOCTYPE html PUBLIC "-//W3C//DTD XHTML 1.0 Transitional//EN"
    "http://www.w3.org/TR/xhtml1/DTD/xhtml1-transitional.dtd">
<html xmlns="http://www.w3.org/1999/xhtml" xml:lang="en" lang="en">
 <head>
  <title>
</title>
<meta http-equiv="Content-Type" content="text/html;charset=utf-8" />
  <meta name='ocr-system' content='tesseract 3.04.00' />
  <meta name='ocr-capabilities' content='ocr_page ocr_carea ocr_par ocr_line ocrx_word'/>
</head>
<body>
  <div class='ocr_page' id='page_1' title='image "./cplinisecundina25plingoog_0356.png"; bbox 0 0 2542 3842; ppageno 0'>
   <div class='ocr_carea' id='block_1_1' title="bbox 165 168 970 255">
    <p class='ocr_par' dir='ltr' id='par_1_1' title="bbox 165 168 970 255">
     <span class='ocr_line' id='line_1_1' title="bbox 165 168 970 255; baseline -0.019 -9"><span class='ocrx_word' id='word_1_1' title='bbox 165 177 204 239; x_wconf 83' lang='lat'>18</span> <span class='ocrx_word' id='word_1_2' title='bbox 509 188 817 255; x_wconf 69' lang='lat' dir='ltr'>cammerinorum</span> <span class='ocrx_word' id='word_1_3' title='bbox 838 214 841 221; x_wconf 33' lang='grc' dir='ltr'><strong><em>ι</em></strong></span> <span class='ocrx_word' id='word_1_4' title='bbox 866 214 886 221; x_wconf 70' lang='lat'>.,</span> <span class='ocrx_word' id='word_1_5' title='bbox 917 206 920 212; x_wconf 91' lang='lat'>-</span> <span class='ocrx_word' id='word_1_6' title='bbox 968 168 970 171; x_wconf 81' lang='grc'><strong>’</strong></span> 
     </span>
    </p>
   </div>
   <div class='ocr_carea' id='block_1_2' title="bbox 11 335 1262 3521">
    <p class='ocr_par' dir='ltr' id='par_1_2' title="bbox 162 335 1163 591">
     <span class='ocr_line' id='line_1_2' title="bbox 162 335 1163 422; baseline 0.003 -19"><span class='ocrx_word' id='word_1_7' title='bbox 162 353 220 403; x_wconf 91' lang='lat' dir='ltr'>tum</span> <span class='ocrx_word' id='word_1_8' title='bbox 235 340 390 406; x_wconf 76' lang='lat' dir='ltr'>Caesarem</span> <span class='ocrx_word' id='word_1_9' title='bbox 407 340 585 403; x_wconf 87' lang='lat' dir='ltr'>dictatorern.</span> <span class='ocrx_word' id='word_1_10' title='bbox 616 335 672 401; x_wconf 85' lang='lat' dir='ltr'>neo</span> <span class='ocrx_word' id='word_1_11' title='bbox 684 344 817 403; x_wconf 86' lang='lat' dir='ltr'>virtutem</span> <span class='ocrx_word' id='word_1_12' title='bbox 833 341 1079 422; x_wconf 87' lang='lat' dir='ltr'>constantiumque</span> <span class='ocrx_word' id='word_1_13' title='bbox 1090 362 1163 406; x_wconf 87' lang='lat' dir='ltr'>nune</span> 
     </span>
     <span class='ocr_line' id='line_1_3' title="bbox 163 426 1162 506; baseline 0.001 -18"><span class='ocrx_word' id='word_1_14' title='bbox 163 444 365 503; x_wconf 82' lang='lat' dir='ltr'>commemoro,</span> <span class='ocrx_word' id='word_1_15' title='bbox 386 444 444 487; x_wconf 90' lang='lat' dir='ltr'>nec</span> <span class='ocrx_word' id='word_1_16' title='bbox 466 426 666 486; x_wconf 72' lang='lat' dir='ltr'><strong>sublimitatem</strong></span> <span class='ocrx_word' id='word_1_17' title='bbox 686 428 808 486; x_wconf 88' lang='lat' dir='ltr'>omnium</span> <span class='ocrx_word' id='word_1_18' title='bbox 825 444 962 506; x_wconf 77' lang='lat' dir='ltr'>capacem</span> <span class='ocrx_word' id='word_1_19' title='bbox 984 446 1058 505; x_wconf 91' lang='lat' dir='ltr'>quae</span> <span class='ocrx_word' id='word_1_20' title='bbox 1080 430 1162 490; x_wconf 88' lang='lat' dir='ltr'>caelo</span> 
     </span>
     <span class='ocr_line' id='line_1_4' title="bbox 162 509 1163 591; baseline 0.002 -20"><span class='ocrx_word' id='word_1_21' title='bbox 162 514 359 587; x_wconf 83' lang='lat' dir='ltr'>continentur,</span> <span class='ocrx_word' id='word_1_22' title='bbox 383 509 436 569; x_wconf 88' lang='lat' dir='ltr'>scd</span> <span class='ocrx_word' id='word_1_23' title='bbox 457 512 605 588; x_wconf 87' lang='lat' dir='ltr'>proprium</span> <span class='ocrx_word' id='word_1_24' title='bbox 626 512 757 588; x_wconf 78' lang='lat' dir='ltr'>vigorem</span> <span class='ocrx_word' id='word_1_25' title='bbox 779 511 1019 591; x_wconf 76' lang='lat' dir='ltr'>celeritatemque</span> <span class='ocrx_word' id='word_1_26' title='bbox 1041 514 1163 591; x_wconf 91' lang='lat' dir='ltr'>quodam</span> 
     </span>
    </p>

    <p class='ocr_par' dir='ltr' id='par_1_3' title="bbox 161 594 1262 869">
     <span class='ocr_line' id='line_1_5' title="bbox 161 594 1162 672; baseline 0.002 -17"><span class='ocrx_word' id='word_1_27' title='bbox 161 598 229 671; x_wconf 72' lang='lat' dir='ltr'>igue</span> <span class='ocrx_word' id='word_1_28' title='bbox 243 595 402 655; x_wconf 84' lang='lat' dir='ltr'>volucrem.</span> <span class='ocrx_word' id='word_1_29' title='bbox 432 594 564 653; x_wconf 88' lang='lat' dir='ltr'>scrihere</span> <span class='ocrx_word' id='word_1_30' title='bbox 586 604 634 654; x_wconf 87' lang='lat' dir='ltr'>aut</span> <span class='ocrx_word' id='word_1_31' title='bbox 650 594 777 672; x_wconf 69' lang='lat' dir='ltr'>legera:</span> <span class='ocrx_word' id='word_1_32' title='bbox 789 594 873 655; x_wconf 91' lang='lat' dir='ltr'>simul</span> <span class='ocrx_word' id='word_1_33' title='bbox 889 597 999 656; x_wconf 81' lang='lat' dir='ltr'>dictare</span> <span class='ocrx_word' id='word_1_34' title='bbox 1021 606 1049 655; x_wconf 90' lang='lat' dir='ltr'>et</span> <span class='ocrx_word' id='word_1_35' title='bbox 1066 598 1162 658; x_wconf 92' lang='lat' dir='ltr'>audire</span> 
     </span>
     <span class='ocr_line' id='line_1_6' title="bbox 163 677 1186 758; baseline 0 -19"><span class='ocrx_word' id='word_1_36' title='bbox 163 679 278 740; x_wconf 91' lang='lat' dir='ltr'>solitum</span> <span class='ocrx_word' id='word_1_37' title='bbox 291 680 475 758; x_wconf 86' lang='lat' dir='ltr'>accepimus,</span> <span class='ocrx_word' id='word_1_38' title='bbox 492 677 632 756; x_wconf 77' lang='lat' dir='ltr'>epistulas</span> <span class='ocrx_word' id='word_1_39' title='bbox 650 696 721 737; x_wconf 87' lang='lat' dir='ltr'>vero</span> <span class='ocrx_word' id='word_1_40' title='bbox 737 682 890 749; x_wconf 87' lang='lat' dir='ltr'>&#39;tantarum</span> <span class='ocrx_word' id='word_1_41' title='bbox 900 699 994 739; x_wconf 90' lang='lat' dir='ltr'>rerum</span> <span class='ocrx_word' id='word_1_42' title='bbox 1011 690 1186 758; x_wconf 85' lang='lat' dir='ltr'>quaternass</span> 
     </span>
     <span class='ocr_line' id='line_1_7' title="bbox 161 760 1262 869; baseline 0.003 -48"><span class='ocrx_word' id='word_1_43' title='bbox 161 764 271 842; x_wconf 90' lang='lat' dir='ltr'>pariter</span> <span class='ocrx_word' id='word_1_44' title='bbox 286 760 411 823; x_wconf 82' lang='lat' dir='ltr'>librariis</span> <span class='ocrx_word' id='word_1_45' title='bbox 429 761 539 821; x_wconf 88' lang='lat' dir='ltr'>dictare</span> <span class='ocrx_word' id='word_1_46' title='bbox 558 763 634 841; x_wconf 74' lang='lat' dir='ltr'>lant,</span> <span class='ocrx_word' id='word_1_47' title='bbox 648 764 672 820; x_wconf 92' lang='lat' dir='ltr'>si</span> <span class='ocrx_word' id='word_1_48' title='bbox 687 762 758 821; x_wconf 83' lang='lat' dir='ltr'>nihil</span> <span class='ocrx_word' id='word_1_49' title='bbox 773 762 848 822; x_wconf 88' lang='lat' dir='ltr'>aliud</span> <span class='ocrx_word' id='word_1_50' title='bbox 866 774 984 841; x_wconf 81' lang='lat' dir='ltr'>ageret,</span> <span class='ocrx_word' id='word_1_51' title='bbox 1002 767 1162 844; x_wconf 77' lang='lat' dir='ltr'>septenasl.</span> <span class='ocrx_word' id='word_1_52' title='bbox 1261 798 1262 869; x_wconf 60' lang='lat' dir='ltr'>q</span> 
     </span>
    </p>

    <p class='ocr_par' dir='ltr' id='par_1_4' title="bbox 119 845 1262 1347">
     <span class='ocr_line' id='line_1_8' title="bbox 119 845 1262 923; baseline 0 -13"><span class='ocrx_word' id='word_1_53' title='bbox 119 847 235 911; x_wconf 74' lang='lat' dir='ltr'>aridem</span> <span class='ocrx_word' id='word_1_54' title='bbox 252 848 342 923; x_wconf 77' lang='lat' dir='ltr'>signis</span> <span class='ocrx_word' id='word_1_55' title='bbox 361 845 482 905; x_wconf 91' lang='lat' dir='ltr'>conlatis</span> <span class='ocrx_word' id='word_1_56' title='bbox 497 847 707 923; x_wconf 79' lang='lat' dir='ltr'>quinquagiens</span> <span class='ocrx_word' id='word_1_57' title='bbox 724 847 876 923; x_wconf 82' lang='lat' dir='ltr'>dimicavit,</span> <span class='ocrx_word' id='word_1_58' title='bbox 893 848 971 907; x_wconf 90' lang='lat' dir='ltr'>solus</span> <span class='ocrx_word' id='word_1_59' title='bbox 988 846 1025 907; x_wconf 88' lang='lat' dir='ltr'>ll.</span> <span class='ocrx_word' id='word_1_60' title='bbox 1042 848 1162 909; x_wconf 89' lang='lat' dir='ltr'>lllurcel·</span> <span class='ocrx_word' id='word_1_61' title='bbox 1261 876 1262 909; x_wconf 72' lang='lat' dir='ltr'>r</span> 
     </span>
     <span class='ocr_line' id='line_1_9' title="bbox 161 916 1262 1011; baseline 0.001 -19"><span class='ocrx_word' id='word_1_62' title='bbox 161 933 218 993; x_wconf 91' lang='lat' dir='ltr'>lum</span> <span class='ocrx_word' id='word_1_63' title='bbox 234 941 448 1008; x_wconf 75' lang='lat' dir='ltr'>transgressus,</span> <span class='ocrx_word' id='word_1_64' title='bbox 469 932 517 1008; x_wconf 92' lang='lat' dir='ltr'>qui</span> <span class='ocrx_word' id='word_1_65' title='bbox 531 930 801 1007; x_wconf 79' lang='lat' dir='ltr'>undequadragiens</span> <span class='ocrx_word' id='word_1_66' title='bbox 818 931 970 992; x_wconf 84' lang='lat' dir='ltr'>dimicavit.</span> <span class='ocrx_word' id='word_1_67' title='bbox 1001 950 1065 992; x_wconf 93' lang='lat' dir='ltr'>nam</span> <span class='ocrx_word' id='word_1_68' title='bbox 1080 951 1162 1011; x_wconf 90' lang='lat' dir='ltr'>prae·</span> <span class='ocrx_word' id='word_1_69' title='bbox 1261 916 1262 1011; x_wconf 72' lang='lat' dir='ltr'>l</span> 
     </span>
     <span class='ocr_line' id='line_1_10' title="bbox 161 1013 1262 1099; baseline 0.003 -25"><span class='ocrx_word' id='word_1_70' title='bbox 161 1025 206 1075; x_wconf 89' lang='lat' dir='ltr'>ter</span> <span class='ocrx_word' id='word_1_71' title='bbox 226 1013 320 1074; x_wconf 86' lang='lat' dir='ltr'>civilis</span> <span class='ocrx_word' id='word_1_72' title='bbox 339 1015 478 1073; x_wconf 80' lang='lat' dir='ltr'>victorias</span> <span class='ocrx_word' id='word_1_73' title='bbox 502 1014 661 1075; x_wconf 87' lang='lat' dir='ltr'>undeciens</span> <span class='ocrx_word' id='word_1_74' title='bbox 685 1024 806 1074; x_wconf 89' lang='lat' dir='ltr'>centena</span> <span class='ocrx_word' id='word_1_75' title='bbox 828 1025 857 1075; x_wconf 91' lang='lat' dir='ltr'>et</span> <span class='ocrx_word' id='word_1_76' title='bbox 871 1028 955 1077; x_wconf 71' lang='lat' dir='ltr'>‘xctt</span> <span class='ocrx_word' id='word_1_77' title='bbox 974 1030 1001 1076; x_wconf 77' lang='lat' dir='ltr'>m</span> <span class='ocrx_word' id='word_1_78' title='bbox 1022 1017 1163 1077; x_wconf 87' lang='lat' dir='ltr'>hominum</span> <span class='ocrx_word' id='word_1_79' title='bbox 1261 1016 1262 1099; x_wconf 42' lang='grc' dir='ltr'><strong>ᾗ</strong></span> 
     </span>
     <span class='ocr_line' id='line_1_11' title="bbox 161 1096 1262 1177; baseline 0.002 -18"><span class='ocrx_word' id='word_1_80' title='bbox 161 1100 261 1159; x_wconf 86' lang='lat' dir='ltr'>occisa</span> <span class='ocrx_word' id='word_1_81' title='bbox 276 1096 396 1177; x_wconf 89' lang='lat' dir='ltr'>proeliis</span> <span class='ocrx_word' id='word_1_82' title='bbox 409 1097 446 1158; x_wconf 87' lang='lat' dir='ltr'>ab</span> <span class='ocrx_word' id='word_1_83' title='bbox 463 1115 500 1157; x_wconf 92' lang='lat' dir='ltr'>eo</span> <span class='ocrx_word' id='word_1_84' title='bbox 516 1115 573 1157; x_wconf 92' lang='lat' dir='ltr'>non</span> <span class='ocrx_word' id='word_1_85' title='bbox 588 1099 722 1175; x_wconf 88' lang='lat' dir='ltr'>equidem</span> <span class='ocrx_word' id='word_1_86' title='bbox 735 1100 763 1158; x_wconf 88' lang='lat' dir='ltr'>in</span> <span class='ocrx_word' id='word_1_87' title='bbox 775 1100 870 1175; x_wconf 82' lang='lat' dir='ltr'>gloria</span> <span class='ocrx_word' id='word_1_88' title='bbox 885 1102 1043 1177; x_wconf 84' lang='lat' dir='ltr'>posuerim,</span> <span class='ocrx_word' id='word_1_89' title='bbox 1059 1110 1162 1161; x_wconf 88' lang='lat' dir='ltr'>tantam</span> <span class='ocrx_word' id='word_1_90' title='bbox 1174 1122 1198 1162; x_wconf 86' lang='lat' dir='ltr'>m</span> <span class='ocrx_word' id='word_1_91' title='bbox 1261 1134 1262 1155; x_wconf 61' lang='lat' dir='ltr'>t</span> 
     </span>
     <span class='ocr_line' id='line_1_12' title="bbox 161 1156 1262 1261; baseline 0.003 -19"><span class='ocrx_word' id='word_1_92' title='bbox 161 1183 247 1243; x_wconf 84' lang='lat' dir='ltr'>etiam</span> <span class='ocrx_word' id='word_1_93' title='bbox 268 1190 399 1243; x_wconf 81' lang='lat' dir='ltr'>coactam</span> <span class='ocrx_word' id='word_1_94' title='bbox 419 1181 533 1242; x_wconf 88' lang='lat' dir='ltr'>humaui</span> <span class='ocrx_word' id='word_1_95' title='bbox 552 1184 672 1259; x_wconf 75' lang='lat' dir='ltr'>generis</span> <span class='ocrx_word' id='word_1_96' title='bbox 693 1184 837 1259; x_wconf 80' lang='lat' dir='ltr'>iniuriam,</span> <span class='ocrx_word' id='word_1_97' title='bbox 861 1184 937 1261; x_wconf 93' lang='lat' dir='ltr'>quod</span> <span class='ocrx_word' id='word_1_98' title='bbox 952 1185 990 1243; x_wconf 90' lang='lat' dir='ltr'>ita</span> <span class='ocrx_word' id='word_1_99' title='bbox 1010 1202 1078 1244; x_wconf 87' lang='lat' dir='ltr'>esse</span> <span class='ocrx_word' id='word_1_100' title='bbox 1095 1202 1161 1245; x_wconf 89' lang='lat' dir='ltr'>oon·</span> <span class='ocrx_word' id='word_1_101' title='bbox 1261 1156 1262 1227; x_wconf 68' lang='lat' dir='ltr'>l</span> 
     </span>
     <span class='ocr_line' id='line_1_13' title="bbox 161 1264 1092 1347; baseline 0.002 -20"><span class='ocrx_word' id='word_1_102' title='bbox 161 1268 257 1327; x_wconf 88' lang='lat' dir='ltr'>lessus</span> <span class='ocrx_word' id='word_1_103' title='bbox 273 1276 318 1326; x_wconf 86' lang='lat' dir='ltr'>est</span> <span class='ocrx_word' id='word_1_104' title='bbox 332 1268 396 1344; x_wconf 90' lang='lat' dir='ltr'>ipse</span> <span class='ocrx_word' id='word_1_105' title='bbox 414 1264 557 1327; x_wconf 88' lang='lat' dir='ltr'>bellorum</span> <span class='ocrx_word' id='word_1_106' title='bbox 573 1267 698 1327; x_wconf 83' lang='lat' dir='ltr'>civilium</span> <span class='ocrx_word' id='word_1_107' title='bbox 714 1276 840 1345; x_wconf 83' lang='lat' dir='ltr'>stragem</span> <span class='ocrx_word' id='word_1_108' title='bbox 859 1285 916 1327; x_wconf 90' lang='lat' dir='ltr'>non</span> <span class='ocrx_word' id='word_1_109' title='bbox 930 1268 1092 1347; x_wconf 91' lang='lat' dir='ltr'>prodendo.</span> 
     </span>
    </p>

    <p class='ocr_par' dir='ltr' id='par_1_5' title="bbox 11 1348 1262 1691">
     <span class='ocr_line' id='line_1_14' title="bbox 11 1348 1262 1429; baseline -0.001 -17"><span class='ocrx_word' id='word_1_110' title='bbox 11 1383 12 1388; x_wconf 42' lang='lat'>1</span> <span class='ocrx_word' id='word_1_111' title='bbox 119 1357 154 1413; x_wconf 81' lang='lat'>93</span> <span class='ocrx_word' id='word_1_112' title='bbox 222 1349 308 1429; x_wconf 81' lang='grc'>(26.)</span> <span class='ocrx_word' id='word_1_113' title='bbox 338 1349 444 1410; x_wconf 88' lang='lat' dir='ltr'>lustius</span> <span class='ocrx_word' id='word_1_114' title='bbox 460 1350 598 1428; x_wconf 82' lang='lat' dir='ltr'>Pompeio</span> <span class='ocrx_word' id='word_1_115' title='bbox 615 1348 719 1427; x_wconf 83' lang='lat' dir='ltr'>hlagno</span> <span class='ocrx_word' id='word_1_116' title='bbox 736 1352 876 1412; x_wconf 88' lang='lat' dir='ltr'>tribuatur</span> <span class='ocrx_word' id='word_1_117' title='bbox 892 1364 1066 1414; x_wconf 75' lang='lat' dir='ltr'>Dcccxuvl</span> <span class='ocrx_word' id='word_1_118' title='bbox 1083 1356 1162 1415; x_wconf 88' lang='lat' dir='ltr'>navis</span> <span class='ocrx_word' id='word_1_119' title='bbox 1261 1352 1262 1427; x_wconf 67' lang='lat' dir='ltr'>l</span> 
     </span>
     <span class='ocr_line' id='line_1_15' title="bbox 161 1430 1262 1516; baseline 0.002 -21"><span class='ocrx_word' id='word_1_120' title='bbox 161 1436 259 1512; x_wconf 81' lang='lat' dir='ltr'>piratis</span> <span class='ocrx_word' id='word_1_121' title='bbox 282 1434 444 1509; x_wconf 81' lang='lat' dir='ltr'>ademisse,</span> <span class='ocrx_word' id='word_1_122' title='bbox 468 1431 588 1493; x_wconf 78' lang='lat' dir='ltr'>Caesam</span> <span class='ocrx_word' id='word_1_123' title='bbox 607 1436 756 1512; x_wconf 91' lang='lat' dir='ltr'>proprium</span> <span class='ocrx_word' id='word_1_124' title='bbox 775 1445 804 1495; x_wconf 91' lang='lat' dir='ltr'>et</span> <span class='ocrx_word' id='word_1_125' title='bbox 827 1438 975 1514; x_wconf 77' lang='lat' dir='ltr'>peculiare</span> <span class='ocrx_word' id='word_1_126' title='bbox 993 1438 1030 1497; x_wconf 89' lang='lat' dir='ltr'>sit</span> <span class='ocrx_word' id='word_1_127' title='bbox 1046 1446 1163 1516; x_wconf 88' lang='lat' dir='ltr'>praeter</span> <span class='ocrx_word' id='word_1_128' title='bbox 1261 1430 1262 1489; x_wconf 76' lang='lat' dir='ltr'>l</span> 
     </span>
     <span class='ocr_line' id='line_1_16' title="bbox 162 1512 1262 1597; baseline 0.006 -20"><span class='ocrx_word' id='word_1_129' title='bbox 162 1536 247 1596; x_wconf 84' lang='lat' dir='ltr'>supra</span> <span class='ocrx_word' id='word_1_130' title='bbox 271 1515 347 1589; x_wconf 80' lang='lat' dir='ltr'>dictu</span> <span class='ocrx_word' id='word_1_131' title='bbox 371 1517 543 1577; x_wconf 88' lang='lat' dir='ltr'>clementiae</span> <span class='ocrx_word' id='word_1_132' title='bbox 565 1519 679 1594; x_wconf 75' lang='lat' dir='ltr'>insigne</span> <span class='ocrx_word' id='word_1_133' title='bbox 702 1536 758 1597; x_wconf 92' lang='lat' dir='ltr'>qua</span> <span class='ocrx_word' id='word_1_134' title='bbox 784 1536 875 1596; x_wconf 88' lang='lat' dir='ltr'>usque</span> <span class='ocrx_word' id='word_1_135' title='bbox 902 1520 936 1579; x_wconf 90' lang='lat' dir='ltr'>ad</span> <span class='ocrx_word' id='word_1_136' title='bbox 960 1523 1199 1597; x_wconf 79' lang='lat' dir='ltr'>paenitentiamm</span> <span class='ocrx_word' id='word_1_137' title='bbox 1261 1512 1262 1529; x_wconf 49' lang='lat'>¹</span> 
     </span>
     <span class='ocr_line' id='line_1_17' title="bbox 161 1600 1162 1682; baseline 0.003 -21"><span class='ocrx_word' id='word_1_138' title='bbox 161 1602 251 1661; x_wconf 85' lang='lat' dir='ltr'>omnis</span> <span class='ocrx_word' id='word_1_139' title='bbox 270 1602 428 1679; x_wconf 80' lang='lat' dir='ltr'>superavit</span> <span class='ocrx_word' id='word_1_140' title='bbox 464 1600 540 1661; x_wconf 89' lang='lat' dir='ltr'>idem</span> <span class='ocrx_word' id='word_1_141' title='bbox 561 1602 798 1677; x_wconf 76' lang='lat' dir='ltr'>magnanimitatis</span> <span class='ocrx_word' id='word_1_142' title='bbox 821 1602 965 1680; x_wconf 84' lang='lat' dir='ltr'>perhibuit</span> <span class='ocrx_word' id='word_1_143' title='bbox 988 1605 1162 1682; x_wconf 86' lang='lat' dir='ltr'>exemplum,</span> 
     </span>
    </p>

    <p class='ocr_par' dir='ltr' id='par_1_6' title="bbox 117 1684 1262 2183">
     <span class='ocr_line' id='line_1_18' title="bbox 117 1684 1262 1765; baseline -0.001 -16"><span class='ocrx_word' id='word_1_144' title='bbox 117 1685 211 1749; x_wconf 65' lang='lat' dir='ltr'>iloni</span> <span class='ocrx_word' id='word_1_145' title='bbox 222 1686 374 1763; x_wconf 87' lang='lat' dir='ltr'>conparari</span> <span class='ocrx_word' id='word_1_146' title='bbox 388 1700 446 1744; x_wconf 86' lang='lat' dir='ltr'>uon</span> <span class='ocrx_word' id='word_1_147' title='bbox 458 1684 552 1761; x_wconf 90' lang='lat' dir='ltr'>possit</span> <span class='ocrx_word' id='word_1_148' title='bbox 565 1685 660 1765; x_wconf 21' lang='lat' dir='ltr'>aliud..</span> <span class='ocrx_word' id='word_1_149' title='bbox 678 1686 847 1762; x_wconf 87' lang='lat' dir='ltr'>spectacula</span> <span class='ocrx_word' id='word_1_150' title='bbox 860 1688 935 1745; x_wconf 89' lang='lat' dir='ltr'>euim</span> <span class='ocrx_word' id='word_1_151' title='bbox 951 1685 1026 1746; x_wconf 90' lang='lat' dir='ltr'>edita</span> <span class='ocrx_word' id='word_1_152' title='bbox 1043 1688 1163 1749; x_wconf 79' lang='lat' dir='ltr'>effusas·</span> <span class='ocrx_word' id='word_1_153' title='bbox 1261 1706 1262 1717; x_wconf 58' lang='lat'>¹</span> 
     </span>
     <span class='ocr_line' id='line_1_19' title="bbox 161 1768 1262 1847; baseline 0.004 -20"><span class='ocrx_word' id='word_1_154' title='bbox 161 1786 217 1847; x_wconf 90' lang='lat' dir='ltr'>que</span> <span class='ocrx_word' id='word_1_155' title='bbox 233 1784 307 1844; x_wconf 92' lang='lat' dir='ltr'>opes</span> <span class='ocrx_word' id='word_1_156' title='bbox 322 1776 371 1826; x_wconf 89' lang='lat' dir='ltr'>aut</span> <span class='ocrx_word' id='word_1_157' title='bbox 387 1784 509 1845; x_wconf 91' lang='lat' dir='ltr'>operum</span> <span class='ocrx_word' id='word_1_158' title='bbox 525 1768 765 1844; x_wconf 76' lang='lat' dir='ltr'>magnificentiam</span> <span class='ocrx_word' id='word_1_159' title='bbox 780 1770 808 1829; x_wconf 90' lang='lat' dir='ltr'>in</span> <span class='ocrx_word' id='word_1_160' title='bbox 825 1768 879 1828; x_wconf 87' lang='lat' dir='ltr'>hau</span> <span class='ocrx_word' id='word_1_161' title='bbox 893 1778 976 1847; x_wconf 86' lang='lat' dir='ltr'>parte</span> <span class='ocrx_word' id='word_1_162' title='bbox 992 1786 1165 1831; x_wconf 79' lang='lat' dir='ltr'>enumerare</span> <span class='ocrx_word' id='word_1_163' title='bbox 1261 1784 1262 1787; x_wconf 74' lang='grc'>’</span> 
     </span>
     <span class='ocr_line' id='line_1_20' title="bbox 161 1848 1166 1930; baseline 0.003 -18"><span class='ocrx_word' id='word_1_164' title='bbox 161 1852 292 1912; x_wconf 76' lang='lat' dir='ltr'>haurias</span> <span class='ocrx_word' id='word_1_165' title='bbox 312 1848 438 1911; x_wconf 84' lang='lat' dir='ltr'>laventis</span> <span class='ocrx_word' id='word_1_166' title='bbox 453 1860 507 1910; x_wconf 90' lang='lat' dir='ltr'>est.</span> <span class='ocrx_word' id='word_1_167' title='bbox 537 1851 589 1912; x_wconf 90' lang='lat' dir='ltr'>illa</span> <span class='ocrx_word' id='word_1_168' title='bbox 609 1852 663 1911; x_wconf 87' lang='lat' dir='ltr'>init</span> <span class='ocrx_word' id='word_1_169' title='bbox 683 1860 800 1911; x_wconf 84' lang='lat' dir='ltr'>verset</span> <span class='ocrx_word' id='word_1_170' title='bbox 821 1852 1044 1930; x_wconf 88' lang='lat' dir='ltr'>inconparahih&#39;s</span> <span class='ocrx_word' id='word_1_171' title='bbox 1064 1853 1166 1915; x_wconf 88' lang='lat' dir='ltr'>invicti</span> 
     </span>
     <span class='ocr_line' id='line_1_21' title="bbox 159 1932 1239 2015; baseline 0.003 -20"><span class='ocrx_word' id='word_1_172' title='bbox 159 1934 243 1995; x_wconf 87' lang='lat' dir='ltr'>animi</span> <span class='ocrx_word' id='word_1_173' title='bbox 258 1932 434 2012; x_wconf 83' lang='lat' dir='ltr'>sublimitas,</span> <span class='ocrx_word' id='word_1_174' title='bbox 451 1935 544 2013; x_wconf 90' lang='lat' dir='ltr'>captis</span> <span class='ocrx_word' id='word_1_175' title='bbox 563 1935 640 2015; x_wconf 87' lang='lat' dir='ltr'>apud</span> <span class='ocrx_word' id='word_1_176' title='bbox 655 1934 830 1995; x_wconf 86' lang='lat' dir='ltr'>Pharsaliam</span> <span class='ocrx_word' id='word_1_177' title='bbox 845 1935 964 2014; x_wconf 86' lang='lat' dir='ltr'>Pompei</span> <span class='ocrx_word' id='word_1_178' title='bbox 979 1932 1073 2012; x_wconf 80' lang='lat' dir='ltr'>Plagui</span> <span class='ocrx_word' id='word_1_179' title='bbox 1090 1941 1163 1996; x_wconf 87' lang='lat' dir='ltr'>sori·</span> <span class='ocrx_word' id='word_1_180' title='bbox 1176 1960 1201 1999; x_wconf 80' lang='lat' dir='ltr'>ao</span> <span class='ocrx_word' id='word_1_181' title='bbox 1235 1956 1239 1961; x_wconf 90' lang='lat'>·</span> 
     </span>
     <span class='ocr_line' id='line_1_22' title="bbox 159 2016 1262 2099; baseline 0.002 -20"><span class='ocrx_word' id='word_1_182' title='bbox 159 2020 212 2080; x_wconf 82' lang='lat' dir='ltr'>ntis</span> <span class='ocrx_word' id='word_1_183' title='bbox 231 2018 416 2098; x_wconf 87' lang='lat' dir='ltr'>epistularum</span> <span class='ocrx_word' id='word_1_184' title='bbox 437 2023 596 2099; x_wconf 85' lang='lat' dir='ltr'>iterumque</span> <span class='ocrx_word' id='word_1_185' title='bbox 612 2020 689 2098; x_wconf 91' lang='lat' dir='ltr'>apud</span> <span class='ocrx_word' id='word_1_186' title='bbox 711 2019 856 2098; x_wconf 80' lang='lat' dir='ltr'>Thapsum</span> <span class='ocrx_word' id='word_1_187' title='bbox 877 2016 1020 2099; x_wconf 87' lang='lat' dir='ltr'>Scipionis</span> <span class='ocrx_word' id='word_1_188' title='bbox 1039 2036 1162 2081; x_wconf 88' lang='lat' dir='ltr'>concre-</span> <span class='ocrx_word' id='word_1_189' title='bbox 1261 2060 1262 2095; x_wconf 61' lang='lat'>;</span> 
     </span>
     <span class='ocr_line' id='line_1_23' title="bbox 160 2104 824 2183; baseline 0 -20"><span class='ocrx_word' id='word_1_190' title='bbox 160 2120 256 2168; x_wconf 88' lang='lat' dir='ltr'>masse</span> <span class='ocrx_word' id='word_1_191' title='bbox 271 2122 306 2165; x_wconf 90' lang='lat' dir='ltr'>eu</span> <span class='ocrx_word' id='word_1_192' title='bbox 322 2114 438 2183; x_wconf 89' lang='lat' dir='ltr'>optuma</span> <span class='ocrx_word' id='word_1_193' title='bbox 453 2104 511 2166; x_wconf 88' lang='lat' dir='ltr'>lide</span> <span class='ocrx_word' id='word_1_194' title='bbox 528 2114 615 2183; x_wconf 89' lang='lat' dir='ltr'>atque</span> <span class='ocrx_word' id='word_1_195' title='bbox 632 2121 690 2164; x_wconf 90' lang='lat' dir='ltr'>non</span> <span class='ocrx_word' id='word_1_196' title='bbox 705 2105 824 2183; x_wconf 82' lang='lat' dir='ltr'>legisse.</span> 
     </span>
    </p>

    <p class='ocr_par' dir='ltr' id='par_1_7' title="bbox 118 2180 1262 2522">
     <span class='ocr_line' id='line_1_24' title="bbox 118 2180 1262 2273; baseline 0.005 -24"><span class='ocrx_word' id='word_1_197' title='bbox 118 2195 152 2249; x_wconf 79' lang='lat'>95</span> <span class='ocrx_word' id='word_1_198' title='bbox 224 2184 273 2250; x_wconf 78' lang='lat'>26.</span> <span class='ocrx_word' id='word_1_199' title='bbox 297 2188 382 2267; x_wconf 82' lang='lat'><strong>(27.)</strong></span> <span class='ocrx_word' id='word_1_200' title='bbox 411 2189 519 2249; x_wconf 91' lang='lat' dir='ltr'>Verum</span> <span class='ocrx_word' id='word_1_201' title='bbox 538 2190 574 2249; x_wconf 91' lang='lat' dir='ltr'>ud</span> <span class='ocrx_word' id='word_1_202' title='bbox 596 2190 685 2249; x_wconf 85' lang='lat' dir='ltr'>decus</span> <span class='ocrx_word' id='word_1_203' title='bbox 707 2180 808 2267; x_wconf 87' lang='lat' dir='ltr'>imperi</span> <span class='ocrx_word' id='word_1_204' title='bbox 829 2189 966 2264; x_wconf 82' lang='lat' dir='ltr'>Romani,</span> <span class='ocrx_word' id='word_1_205' title='bbox 986 2206 1048 2273; x_wconf 19' lang='lat' dir='ltr'>,non</span> <span class='ocrx_word' id='word_1_206' title='bbox 1071 2190 1162 2249; x_wconf 92' lang='lat' dir='ltr'>solum</span> <span class='ocrx_word' id='word_1_207' title='bbox 1261 2230 1262 2255; x_wconf 64' lang='lat' dir='ltr'>r</span> 
     </span>
     <span class='ocr_line' id='line_1_25' title="bbox 160 2271 1262 2352; baseline 0.001 -20"><span class='ocrx_word' id='word_1_208' title='bbox 160 2271 195 2332; x_wconf 87' lang='lat' dir='ltr'>ad</span> <span class='ocrx_word' id='word_1_209' title='bbox 210 2274 264 2332; x_wconf 83' lang='lat' dir='ltr'>viri</span> <span class='ocrx_word' id='word_1_210' title='bbox 279 2274 361 2333; x_wconf 83' lang='lat' dir='ltr'>unius</span> <span class='ocrx_word' id='word_1_211' title='bbox 380 2276 506 2351; x_wconf 90' lang='lat' dir='ltr'>pertinet</span> <span class='ocrx_word' id='word_1_212' title='bbox 526 2275 692 2349; x_wconf 84' lang='lat' dir='ltr'>victoriam,</span> <span class='ocrx_word' id='word_1_213' title='bbox 708 2272 826 2352; x_wconf 86' lang='lat' dir='ltr'>Pompei</span> <span class='ocrx_word' id='word_1_214' title='bbox 845 2272 941 2351; x_wconf 85' lang='lat' dir='ltr'>lllagui</span> <span class='ocrx_word' id='word_1_215' title='bbox 959 2274 1057 2333; x_wconf 90' lang='lat' dir='ltr'>titulos</span> <span class='ocrx_word' id='word_1_216' title='bbox 1071 2276 1163 2333; x_wconf 91' lang='lat' dir='ltr'>omnis</span> <span class='ocrx_word' id='word_1_217' title='bbox 1261 2294 1262 2297; x_wconf 44' lang='lat'>¹</span> 
     </span>
     <span class='ocr_line' id='line_1_26' title="bbox 159 2354 1203 2435; baseline 0.001 -21"><span class='ocrx_word' id='word_1_218' title='bbox 159 2354 377 2434; x_wconf 88' lang='lat' dir='ltr'>triumphosque</span> <span class='ocrx_word' id='word_1_219' title='bbox 392 2356 450 2414; x_wconf 87' lang='lat' dir='ltr'>hoe</span> <span class='ocrx_word' id='word_1_220' title='bbox 465 2358 493 2413; x_wconf 91' lang='lat' dir='ltr'>in</span> <span class='ocrx_word' id='word_1_221' title='bbox 508 2357 577 2415; x_wconf 89' lang='lat' dir='ltr'>loco</span> <span class='ocrx_word' id='word_1_222' title='bbox 589 2358 761 2435; x_wconf 76' lang='lat' dir='ltr'>nuncupari,</span> <span class='ocrx_word' id='word_1_223' title='bbox 779 2366 902 2434; x_wconf 89' lang='lat' dir='ltr'>aequato</span> <span class='ocrx_word' id='word_1_224' title='bbox 918 2374 975 2416; x_wconf 90' lang='lat' dir='ltr'>non</span> <span class='ocrx_word' id='word_1_225' title='bbox 991 2358 1077 2417; x_wconf 93' lang='lat' dir='ltr'>modo</span> <span class='ocrx_word' id='word_1_226' title='bbox 1092 2357 1160 2417; x_wconf 82' lang='lat' dir='ltr'>Ale·</span> <span class='ocrx_word' id='word_1_227' title='bbox 1173 2374 1203 2415; x_wconf 73' lang='lat'>25</span> 
     </span>
     <span class='ocr_line' id='line_1_27' title="bbox 159 2434 1164 2522; baseline 0.003 -24"><span class='ocrx_word' id='word_1_228' title='bbox 159 2439 260 2499; x_wconf 84' lang='lat' dir='ltr'>xandri</span> <span class='ocrx_word' id='word_1_229' title='bbox 280 2434 376 2513; x_wconf 75' lang='lat' dir='ltr'>hlagui</span> <span class='ocrx_word' id='word_1_230' title='bbox 397 2455 493 2497; x_wconf 92' lang='lat' dir='ltr'>rerum</span> <span class='ocrx_word' id='word_1_231' title='bbox 514 2439 647 2516; x_wconf 74' lang='lat' dir='ltr'>fulgore,</span> <span class='ocrx_word' id='word_1_232' title='bbox 671 2440 724 2499; x_wconf 86' lang='lat' dir='ltr'>sed</span> <span class='ocrx_word' id='word_1_233' title='bbox 750 2442 833 2501; x_wconf 86' lang='lat' dir='ltr'>ctiam</span> <span class='ocrx_word' id='word_1_234' title='bbox 854 2440 987 2522; x_wconf 84' lang='lat' dir='ltr'>Herculis</span> <span class='ocrx_word' id='word_1_235' title='bbox 1010 2458 1104 2521; x_wconf 87' lang='lat' dir='ltr'>prope</span> <span class='ocrx_word' id='word_1_236' title='bbox 1127 2458 1164 2501; x_wconf 88' lang='lat' dir='ltr'>ao</span> 
     </span>
    </p>

    <p class='ocr_par' dir='ltr' id='par_1_8' title="bbox 117 2520 1262 2601">
     <span class='ocr_line' id='line_1_28' title="bbox 117 2520 1262 2601; baseline 0.002 -16"><span class='ocrx_word' id='word_1_237' title='bbox 117 2520 254 2585; x_wconf 81' lang='lat' dir='ltr'>96Liheri</span> <span class='ocrx_word' id='word_1_238' title='bbox 270 2520 370 2597; x_wconf 87' lang='lat' dir='ltr'>patris.</span> <span class='ocrx_word' id='word_1_239' title='bbox 400 2522 486 2597; x_wconf 75' lang='lat' dir='ltr'>igitur</span> <span class='ocrx_word' id='word_1_240' title='bbox 506 2522 606 2583; x_wconf 88' lang='lat' dir='ltr'>Sicilia</span> <span class='ocrx_word' id='word_1_241' title='bbox 624 2533 813 2599; x_wconf 80' lang='lat' dir='ltr'>recuperata,</span> <span class='ocrx_word' id='word_1_242' title='bbox 831 2524 906 2584; x_wconf 90' lang='lat' dir='ltr'>unde</span> <span class='ocrx_word' id='word_1_243' title='bbox 929 2526 1048 2601; x_wconf 90' lang='lat' dir='ltr'>primum</span> <span class='ocrx_word' id='word_1_244' title='bbox 1069 2526 1162 2586; x_wconf 84' lang='lat' dir='ltr'>Sulla·</span> <span class='ocrx_word' id='word_1_245' title='bbox 1261 2576 1262 2587; x_wconf 67' lang='grc'>,</span> 
     </span>
    </p>

    <p class='ocr_par' dir='ltr' id='par_1_9' title="bbox 82 2604 1164 2686">
     <span class='ocr_line' id='line_1_29' title="bbox 82 2604 1164 2686; baseline 0.005 -22"><span class='ocrx_word' id='word_1_246' title='bbox 82 2634 85 2640; x_wconf 89' lang='grc'><strong><em>·</em></strong></span> <span class='ocrx_word' id='word_1_247' title='bbox 160 2623 212 2664; x_wconf 90' lang='lat' dir='ltr'>uus</span> <span class='ocrx_word' id='word_1_248' title='bbox 234 2604 262 2663; x_wconf 90' lang='lat' dir='ltr'>iu</span> <span class='ocrx_word' id='word_1_249' title='bbox 284 2604 483 2683; x_wconf 86' lang='lat' dir='ltr'>reipublicae</span> <span class='ocrx_word' id='word_1_250' title='bbox 511 2623 598 2666; x_wconf 88' lang='lat' dir='ltr'>causa</span> <span class='ocrx_word' id='word_1_251' title='bbox 626 2607 763 2665; x_wconf 85' lang='lat' dir='ltr'>exoriens</span> <span class='ocrx_word' id='word_1_252' title='bbox 789 2609 952 2686; x_wconf 86' lang='lat' dir='ltr'>auspicatus</span> <span class='ocrx_word' id='word_1_253' title='bbox 975 2618 1035 2684; x_wconf 87' lang='lat' dir='ltr'>est,</span> <span class='ocrx_word' id='word_1_254' title='bbox 1061 2610 1164 2671; x_wconf 75' lang='lat' dir='ltr'>hirica</span> 
     </span>
    </p>

    <p class='ocr_par' dir='ltr' id='par_1_10' title="bbox 157 2688 1262 3359">
     <span class='ocr_line' id='line_1_30' title="bbox 158 2688 1162 2770; baseline 0.007 -24"><span class='ocrx_word' id='word_1_255' title='bbox 158 2705 232 2747; x_wconf 85' lang='lat' dir='ltr'>vero</span> <span class='ocrx_word' id='word_1_256' title='bbox 246 2696 307 2748; x_wconf 91' lang='lat' dir='ltr'>tota</span> <span class='ocrx_word' id='word_1_257' title='bbox 321 2688 440 2749; x_wconf 87' lang='lat' dir='ltr'>subacta</span> <span class='ocrx_word' id='word_1_258' title='bbox 461 2690 534 2748; x_wconf 90' lang='lat' dir='ltr'>etin</span> <span class='ocrx_word' id='word_1_259' title='bbox 553 2690 697 2749; x_wconf 90' lang='lat' dir='ltr'>dicionem</span> <span class='ocrx_word' id='word_1_260' title='bbox 720 2690 853 2764; x_wconf 82' lang='lat' dir='ltr'>redacta,</span> <span class='ocrx_word' id='word_1_261' title='bbox 872 2688 1026 2770; x_wconf 76' lang='lat' dir='ltr'>hlagnique</span> <span class='ocrx_word' id='word_1_262' title='bbox 1046 2690 1162 2753; x_wconf 87' lang='lat' dir='ltr'>nomine</span> 
     </span>
     <span class='ocr_line' id='line_1_31' title="bbox 158 2772 1202 2854; baseline 0.006 -25"><span class='ocrx_word' id='word_1_263' title='bbox 158 2772 188 2830; x_wconf 89' lang='lat' dir='ltr'>in</span> <span class='ocrx_word' id='word_1_264' title='bbox 205 2773 330 2851; x_wconf 89' lang='lat' dir='ltr'>spolium</span> <span class='ocrx_word' id='word_1_265' title='bbox 345 2773 411 2834; x_wconf 89' lang='lat' dir='ltr'>iude</span> <span class='ocrx_word' id='word_1_266' title='bbox 429 2781 527 2851; x_wconf 80' lang='lat' dir='ltr'>capto,</span> <span class='ocrx_word' id='word_1_267' title='bbox 545 2791 637 2852; x_wconf 87' lang='lat' dir='ltr'>eques</span> <span class='ocrx_word' id='word_1_268' title='bbox 655 2772 810 2849; x_wconf 79' lang='lat' dir='ltr'>Romanus,</span> <span class='ocrx_word' id='word_1_269' title='bbox 826 2774 854 2833; x_wconf 94' lang='lat' dir='ltr'>id</span> <span class='ocrx_word' id='word_1_270' title='bbox 872 2775 949 2854; x_wconf 92' lang='lat' dir='ltr'>quod</span> <span class='ocrx_word' id='word_1_271' title='bbox 965 2785 1047 2836; x_wconf 88' lang='lat' dir='ltr'>autea</span> <span class='ocrx_word' id='word_1_272' title='bbox 1063 2795 1161 2852; x_wconf 76' lang='lat' dir='ltr'>nemo,</span> <span class='ocrx_word' id='word_1_273' title='bbox 1174 2794 1202 2835; x_wconf 82' lang='lat' dir='ltr'>co</span> 
     </span>
     <span class='ocr_line' id='line_1_32' title="bbox 159 2856 1162 2935; baseline 0.009 -23"><span class='ocrx_word' id='word_1_274' title='bbox 159 2856 413 2935; x_wconf 79' lang='lat' dir='ltr'>currutriauuphuli</span> <span class='ocrx_word' id='word_1_275' title='bbox 424 2867 561 2918; x_wconf 81' lang='lat' dir='ltr'>revectus</span> <span class='ocrx_word' id='word_1_276' title='bbox 572 2866 629 2934; x_wconf 87' lang='lat' dir='ltr'>est,</span> <span class='ocrx_word' id='word_1_277' title='bbox 643 2866 672 2917; x_wconf 92' lang='lat' dir='ltr'>et</span> <span class='ocrx_word' id='word_1_278' title='bbox 685 2860 778 2918; x_wconf 87' lang='lat' dir='ltr'>statim</span> <span class='ocrx_word' id='word_1_279' title='bbox 791 2859 827 2919; x_wconf 92' lang='lat' dir='ltr'>ad</span> <span class='ocrx_word' id='word_1_280' title='bbox 838 2858 909 2918; x_wconf 90' lang='lat' dir='ltr'>solis</span> <span class='ocrx_word' id='word_1_281' title='bbox 922 2876 1057 2921; x_wconf 86' lang='lat' dir='ltr'>occasum</span> <span class='ocrx_word' id='word_1_282' title='bbox 1069 2870 1162 2921; x_wconf 88' lang='lat' dir='ltr'>trans-</span> 
     </span>
     <span class='ocr_line' id='line_1_33' title="bbox 158 2941 1262 3022; baseline 0.006 -23"><span class='ocrx_word' id='word_1_283' title='bbox 158 2956 295 3016; x_wconf 76' lang='lat' dir='ltr'>gressos,</span> <span class='ocrx_word' id='word_1_284' title='bbox 309 2942 443 3002; x_wconf 83' lang='lat' dir='ltr'>excitatis</span> <span class='ocrx_word' id='word_1_285' title='bbox 458 2943 488 3001; x_wconf 90' lang='lat' dir='ltr'>in</span> <span class='ocrx_word' id='word_1_286' title='bbox 507 2941 658 3017; x_wconf 58' lang='lat' dir='ltr'>menneo</span> <span class='ocrx_word' id='word_1_287' title='bbox 673 2944 818 3021; x_wconf 83' lang='lat' dir='ltr'>tropaeis,</span> <span class='ocrx_word' id='word_1_288' title='bbox 840 2943 946 3022; x_wconf 90' lang='lat' dir='ltr'>oppida</span> <span class='ocrx_word' id='word_1_289' title='bbox 961 2956 1164 3005; x_wconf 74' lang='lat' dir='ltr'>Dcccuxxw</span> <span class='ocrx_word' id='word_1_290' title='bbox 1261 2990 1262 2993; x_wconf 63' lang='lat'>,</span> 
     </span>
     <span class='ocr_line' id='line_1_34' title="bbox 158 3023 1262 3103; baseline 0.003 -19"><span class='ocrx_word' id='word_1_291' title='bbox 158 3023 195 3084; x_wconf 82' lang='lat' dir='ltr'>ult</span> <span class='ocrx_word' id='word_1_292' title='bbox 211 3023 336 3103; x_wconf 82' lang='lat' dir='ltr'>Alpibus</span> <span class='ocrx_word' id='word_1_293' title='bbox 356 3026 392 3087; x_wconf 89' lang='lat' dir='ltr'>ad</span> <span class='ocrx_word' id='word_1_294' title='bbox 412 3026 477 3086; x_wconf 81' lang='lat' dir='ltr'>duis</span> <span class='ocrx_word' id='word_1_295' title='bbox 494 3026 649 3103; x_wconf 84' lang='lat' dir='ltr'>Hispaniae</span> <span class='ocrx_word' id='word_1_296' title='bbox 670 3025 816 3087; x_wconf 83' lang='lat' dir='ltr'>ulterioris</span> <span class='ocrx_word' id='word_1_297' title='bbox 838 3028 866 3085; x_wconf 92' lang='lat' dir='ltr'>in</span> <span class='ocrx_word' id='word_1_298' title='bbox 883 3027 1026 3087; x_wconf 85' lang='lat' dir='ltr'>dicionem</span> <span class='ocrx_word' id='word_1_299' title='bbox 1043 3030 1164 3089; x_wconf 86' lang='lat' dir='ltr'>redacta</span> <span class='ocrx_word' id='word_1_300' title='bbox 1261 3032 1262 3071; x_wconf 61' lang='lat' dir='ltr'>i</span> 
     </span>
     <span class='ocr_line' id='line_1_35' title="bbox 157 3106 1262 3188; baseline 0.005 -22"><span class='ocrx_word' id='word_1_301' title='bbox 157 3109 298 3167; x_wconf 84' lang='lat' dir='ltr'>uictoriae</span> <span class='ocrx_word' id='word_1_302' title='bbox 321 3126 392 3169; x_wconf 86' lang='lat' dir='ltr'>suae</span> <span class='ocrx_word' id='word_1_303' title='bbox 413 3109 567 3188; x_wconf 89' lang='lat' dir='ltr'>adscripsit</span> <span class='ocrx_word' id='word_1_304' title='bbox 586 3119 616 3170; x_wconf 93' lang='lat' dir='ltr'>et</span> <span class='ocrx_word' id='word_1_305' title='bbox 635 3112 744 3169; x_wconf 88' lang='lat' dir='ltr'>maiore</span> <span class='ocrx_word' id='word_1_306' title='bbox 767 3110 860 3171; x_wconf 90' lang='lat' dir='ltr'>animo</span> <span class='ocrx_word' id='word_1_307' title='bbox 884 3111 1043 3170; x_wconf 87' lang='lat' dir='ltr'>Sertorium</span> <span class='ocrx_word' id='word_1_308' title='bbox 1060 3114 1162 3187; x_wconf 87' lang='lat' dir='ltr'>tacuit,</span> <span class='ocrx_word' id='word_1_309' title='bbox 1261 3106 1262 3171; x_wconf 75' lang='lat' dir='ltr'>l</span> 
     </span>
     <span class='ocr_line' id='line_1_36' title="bbox 157 3188 1223 3271; baseline 0 -20"><span class='ocrx_word' id='word_1_310' title='bbox 157 3188 297 3270; x_wconf 86' lang='lat' dir='ltr'>belloque</span> <span class='ocrx_word' id='word_1_311' title='bbox 324 3191 417 3268; x_wconf 83' lang='lat' dir='ltr'>civili,</span> <span class='ocrx_word' id='word_1_312' title='bbox 446 3193 522 3271; x_wconf 94' lang='lat' dir='ltr'>quod</span> <span class='ocrx_word' id='word_1_313' title='bbox 548 3195 640 3254; x_wconf 90' lang='lat' dir='ltr'>omnia</span> <span class='ocrx_word' id='word_1_314' title='bbox 669 3204 787 3253; x_wconf 84' lang='lat' dir='ltr'>externa</span> <span class='ocrx_word' id='word_1_315' title='bbox 820 3193 987 3271; x_wconf 79' lang='lat' dir='ltr'>condiebat,</span> <span class='ocrx_word' id='word_1_316' title='bbox 1015 3198 1223 3255; x_wconf 72' lang='lat' dir='ltr'>exstinctoas=</span> 
     </span>
     <span class='ocr_line' id='line_1_37' title="bbox 157 3273 1162 3359; baseline 0.007 -26"><span class='ocrx_word' id='word_1_317' title='bbox 157 3275 260 3335; x_wconf 86' lang='lat' dir='ltr'>iterum</span> <span class='ocrx_word' id='word_1_318' title='bbox 275 3273 452 3353; x_wconf 87' lang='lat' dir='ltr'>triumphalis</span> <span class='ocrx_word' id='word_1_319' title='bbox 468 3294 569 3335; x_wconf 88' lang='lat' dir='ltr'>currus</span> <span class='ocrx_word' id='word_1_320' title='bbox 586 3277 678 3355; x_wconf 84' lang='lat' dir='ltr'>eques</span> <span class='ocrx_word' id='word_1_321' title='bbox 690 3277 809 3338; x_wconf 82' lang='lat' dir='ltr'>Romam</span> <span class='ocrx_word' id='word_1_322' title='bbox 821 3278 940 3354; x_wconf 82' lang='lat' dir='ltr'>induxit,</span> <span class='ocrx_word' id='word_1_323' title='bbox 952 3280 1057 3339; x_wconf 87' lang='lat' dir='ltr'>totiens</span> <span class='ocrx_word' id='word_1_324' title='bbox 1069 3280 1162 3359; x_wconf 86' lang='lat' dir='ltr'>impe·</span> 
     </span>
    </p>

    <p class='ocr_par' dir='ltr' id='par_1_11' title="bbox 56 3358 1162 3521">
     <span class='ocr_line' id='line_1_38' title="bbox 56 3358 1162 3437; baseline 0.002 -16"><span class='ocrx_word' id='word_1_325' title='bbox 56 3408 61 3423; x_wconf 78' lang='grc'><em>,</em></span> <span class='ocrx_word' id='word_1_326' title='bbox 116 3364 239 3421; x_wconf 70' lang='lat' dir='ltr'>strator</span> <span class='ocrx_word' id='word_1_327' title='bbox 253 3367 317 3417; x_wconf 87' lang='lat' dir='ltr'>ante</span> <span class='ocrx_word' id='word_1_328' title='bbox 334 3375 417 3434; x_wconf 85' lang='lat' dir='ltr'>quam</span> <span class='ocrx_word' id='word_1_329' title='bbox 437 3358 530 3417; x_wconf 90' lang='lat' dir='ltr'>miles.</span> <span class='ocrx_word' id='word_1_330' title='bbox 562 3368 666 3437; x_wconf 87' lang='lat' dir='ltr'>postea</span> <span class='ocrx_word' id='word_1_331' title='bbox 688 3361 723 3421; x_wconf 92' lang='lat' dir='ltr'>ad</span> <span class='ocrx_word' id='word_1_332' title='bbox 743 3370 804 3421; x_wconf 87' lang='lat' dir='ltr'>tota</span> <span class='ocrx_word' id='word_1_333' title='bbox 821 3364 908 3422; x_wconf 87' lang='lat' dir='ltr'>marie</span> <span class='ocrx_word' id='word_1_334' title='bbox 923 3371 952 3422; x_wconf 90' lang='lat' dir='ltr'>et</span> <span class='ocrx_word' id='word_1_335' title='bbox 966 3361 1071 3423; x_wconf 83' lang='lat' dir='ltr'>deinde</span> <span class='ocrx_word' id='word_1_336' title='bbox 1088 3364 1162 3425; x_wconf 87' lang='lat' dir='ltr'>solis</span> 
     </span>
     <span class='ocr_line' id='line_1_39' title="bbox 160 3440 1162 3521; baseline 0.011 -24"><span class='ocrx_word' id='word_1_337' title='bbox 160 3448 240 3499; x_wconf 82' lang='lat' dir='ltr'>orms</span> <span class='ocrx_word' id='word_1_338' title='bbox 253 3442 358 3499; x_wconf 90' lang='lat' dir='ltr'>missus</span> <span class='ocrx_word' id='word_1_339' title='bbox 373 3440 428 3499; x_wconf 89' lang='lat' dir='ltr'>hos</span> <span class='ocrx_word' id='word_1_340' title='bbox 442 3441 541 3501; x_wconf 88' lang='lat' dir='ltr'>retulit</span> <span class='ocrx_word' id='word_1_341' title='bbox 557 3443 668 3521; x_wconf 82' lang='lat' dir='ltr'>patriae</span> <span class='ocrx_word' id='word_1_342' title='bbox 683 3444 781 3505; x_wconf 88' lang='lat' dir='ltr'>titulos</span> <span class='ocrx_word' id='word_1_343' title='bbox 795 3462 876 3505; x_wconf 89' lang='lat' dir='ltr'>more</span> <span class='ocrx_word' id='word_1_344' title='bbox 891 3448 983 3504; x_wconf 89' lang='lat' dir='ltr'>sacris</span> <span class='ocrx_word' id='word_1_345' title='bbox 1000 3450 1162 3508; x_wconf 88' lang='lat' dir='ltr'>certamini-</span> 
     </span>
    </p>
   </div>
   <div class='ocr_carea' id='block_1_3' title="bbox 0 0 1276 3842">
    <p class='ocr_par' dir='ltr' id='par_1_12' title="bbox 0 0 1276 3842">
     <span class='ocr_line' id='line_1_40' title="bbox 0 0 1276 3842; baseline 0 1"><span class='ocrx_word' id='word_1_346' title='bbox 0 0 1276 3842; x_wconf 95' lang='lat' dir='ltr'> </span> 
     </span>
    </p>
   </div>
  </div>
 </body>
</html>
