2542 3842
176 150 235 215 198
499 163 803 214 cummanonuns

173 317 328 381 Phoenice.
363 317 439 377 intus
452 323 546 377 autem
562 315 709 378 Samariae
725 315 831 395 oppida
844 313 1000 398 Neapolis,
1022 315 1098 394 qnod
1114 334 1163 377 an·

172 411 221 462 tea
243 400 401 463 Mamortha
421 399 586 477 dicebatur,
609 398 782 461 Sebasteia
802 409 912 478 monte,
935 407 964 460 ct
984 400 1087 461 altiore
1109 399 1164 464 Ga·

171 485 255 546 mala.

132 579 166 635 το
259 569 307 628 14.
329 569 411 648 (15.)
431 568 529 646 supra
550 563 712 628 Idumaeam
736 575 765 627 et
784 567 935 628 Samaritin
953 565 1058 626 Iudaea
1074 565 1164 646 longe

173 653 289 730 lateque
309 651 443 712 funditur.
486 667 554 728 pars
570 651 632 710 eius
648 651 750 725 Syriae
767 651 863 711 iuncta
878 648 1007 710 Galilaea
1030 656 1163 727 vocatur,
1177 666 1190 706 s

173 734 298 794 Arabiae
312 751 384 794 vero
402 743 431 794 et
446 733 584 810 Aegypto
599 749 739 810 proxuma
754 733 880 808 Peraea,
905 733 1017 811 asperis
1033 732 1166 810 dispersa

173 818 315 880 montibus
331 827 361 878 et
380 836 396 878 a
414 817 521 877 ceteris
540 814 654 875 Iudaeis
677 815 801 876 Iordane
824 833 906 876 amne
928 817 1063 878 discreta.
1095 817 1165 878 reli·

174 919 230 982 qua
249 900 355 962 Iudaea
374 899 508 961 dividitur
529 901 558 960 in
578 898 743 976 toparohIas
766 896 793 957 X
813 915 869 976 quo
893 899 1021 960 dicemus
1045 898 1164 960 ordine:

172 985 365 1046 Hiericuntam
382 983 515 1061 palmetis
531 984 687 1058 comitam,
710 981 837 1044 fontibus
856 983 982 1059 riguam,
1006 979 1164 1061 Emmaum,

172 1068 315 1144 hyddam,
335 1066 479 1145 lopicam,
509 1065 730 1141 Acrebitenam,
752 1064 985 1144 Gophaniticam,
1009 1064 1198 1126 Thamniti-rs

174 1170 255 1227 cam,
277 1149 565 1228 Rethlcptephenen,
586 1147 711 1224 Orinen,
734 1149 763 1208 in
785 1166 842 1228 qua
861 1149 943 1210 iuere
963 1147 1165 1224 Hierosolyma

173 1236 261 1312 longe
279 1234 436 1294 clarissima
456 1232 567 1294 urbium
592 1234 711 1296 orientis
730 1248 788 1292 nan
807 1232 933 1294 Iudaeae
948 1231 1050 1309 modo,
1071 1231 1164 1295 liero-

173 1319 248 1380 dium
264 1335 327 1378 cum
342 1317 451 1396 oppido
465 1317 576 1376 inlustri
590 1317 720 1378 eiusdem
735 1317 866 1376 nominis.
1140 1313 1141 1320 ’

132 1412 165 1467 71
258 1399 307 1462 15.
333 1399 471 1461 Iordanes
485 1401 575 1461 amnis
590 1403 681 1462 oritur
698 1419 714 1458 e
729 1400 808 1460 fonte
823 1395 963 1476 Paniade,
987 1399 1034 1477 qui
1055 1416 1164 1478 cogno·
1261 1435 1262 1440 κ

141 1504 243 1546 armen
260 1484 339 1544 dedit
359 1481 523 1544 Caesareae
544 1485 581 1546 de
602 1501 659 1560 qua
684 1483 821 1545 dicemus.
856 1484 946 1560 amnis
976 1500 1112 1544 amoenus
1134 1492 1201 1546 etas

174 1578 314 1649 quatenus
345 1567 476 1628 locomm
505 1566 576 1626 situs
606 1567 712 1644 patitur
738 1565 904 1628 ambitiosus
933 1565 1103 1646 adcolisqne
1130 1585 1163 1628 se

90 1705 94 1712 .
172 1650 318 1732 praebens
343 1650 425 1710 velut
444 1650 547 1710 inritus
568 1649 751 1727 Asphaltiten
773 1649 867 1711 la'cmn
887 1650 977 1711 diram
991 1658 1091 1710 natura
1111 1667 1163 1728 pe·

173 1731 1163 1893 lliitl'llttt‘ii’llll,tibitibi‘limittit

174 1901 268 1960 lacum
289 1917 323 1959 se
343 1898 434 1959 lundit
457 1917 544 1977 quem
562 1898 662 1976 plnres
686 1898 860 1962 Genesaram
888 1909 1007 1976 vocant,
1041 1899 1109 1960 xvi
1131 1898 1201 1962 hiso

174 2001 309 2062 passuum
327 1983 530 2060 longitudinis,
549 1981 821 2059 viulandum,
844 1985 971 2046 amoenis
991 1983 1162 2058 circumsae·

173 2075 252 2146 ptum
267 2066 395 2146 oppidis,
417 2065 454 2127 ab
470 2067 581 2128 oriente
599 2065 708 2128 Iuliade
733 2075 763 2128 et
781 2067 894 2147 Hippo,
917 2068 1067 2129 amerIdie
1083 2066 1162 2128 Iari-

175 2150 263 2225 chea,
290 2168 348 2230 qno
369 2151 483 2210 nomine
506 2151 595 2230 aliqui
617 2158 647 2211 et
662 2151 756 2216 lacum
771 2152 936 2232 appellant,
955 2150 992 2212 ab
1009 2150 1164 2212 occidente

175 2233 328 2294 Tiberiade
342 2236 424 2312 aquis
441 2235 541 2295 calidis
558 2234 675 2296 salubri.

133 2326 167 2382 72
259 2316 307 2378 16.
333 2316 513 2395 Asphaltites
533 2317 603 2377 nihil
623 2313 741 2395 pr'aeter
759 2317 884 2384 bitumen
905 2317 1011 2392 gignit,
1036 2316 1112 2378 unde
1133 2319 1216 2378 etaa'

174 2418 287 2460 nomen.
323 2399 430 2459 nullum
455 2416 561 2476 corpus
583 2400 742 2460 animalium
762 2402 881 2477 reprit,
908 2400 980 2458 tauri
1002 2399 1162 2478 camelique

174 2482 292 2542 dnitant.
314 2480 390 2557 ‘Inde
403 2481 477 2540 lama
491 2481 560 2540 nihil
574 2482 603 2540 in
620 2499 657 2540 eo
673 2484 775 2559 mergi.
813 2481 989 2557 longitudine
1006 2484 1121 2543 excedit
1139 2479 1164 2542 G

172 2562 518 2642 superincumbentium
532 2581 662 2623 maxuma
671 2563 884 2640 hXXVInplet,
896 2564 1017 2623 minuma
1027 2564 1076 2625 VI.
1095 2582 1163 2643 pro·

175 2648 260 2726 spicit
275 2665 339 2706 eum
355 2645 391 2706 ab
406 2647 516 2705 oriente
530 2645 639 2706 Arabia
657 2645 828 2721 Nomadum,
852 2664 869 2706 a
889 2647 1008 2708 meridie
1026 2645 1161 2707 Machae-
1259 2647 1260 2722 ξ

173 2750 232 2806 ras,
248 2731 375 2792 secunda
389 2730 531 2809 quondam
547 2748 598 2789 arx
612 2729 736 2792 Iudaeae
752 2729 787 2790 ab
800 2728 1017 2804 Hierosolymis.
1057 2729 1161 2792 ecdem
1172 2747 1200 2792 ac

174 2814 267 2875 latere
285 2823 331 2874 est
350 2814 459 2875 calidus
477 2813 543 2874 lons
563 2813 695 2874 medidao
715 2813 890 2876 salubritatis
912 2810 1054 2876 Gallirroe
1074 2831 1161 2892 aqua·

173 2916 235 2962 rum
246 2897 371 2975 gloriam
383 2899 448 2976 ipsc
462 2898 575 2958 nomine
589 2897 770 2976 praeierens.

133 2989 167 3044 ts
259 2982 307 3040 17.
333 2980 379 3040 Ab
395 2982 548 3042 occidente
562 2981 646 3042 litora
660 2981 764 3043 Esseni
786 2982 896 3058 fugiunt
921 2997 1088 3060 usquequa
1108 2997 1160 3040 uo·

175 3072 255 3139 cent,
278 3082 352 3140 gens
365 3065 445 3140 sola,
470 3066 541 3125 etin
560 3073 622 3125 toto
638 3064 710 3126 orbe
724 3073 842 3144 praeter
857 3073 969 3125 ceteras
985 3065 1071 3139 mira,
1096 3064 1160 3122 sine

174 3146 233 3207 ulla
247 3146 366 3221 femina,
382 3149 457 3206 omni
473 3165 583 3208 venere
599 3149 749 3224 abdicata,
766 3150 829 3210 siae
845 3149 983 3227 pecunia,
1001 3149 1082 3206 socia
1097 3145 1159 3224 pal·
1169 3161 1198 3204 aa
1258 3125 1259 3166 ¹

174 3247 293 3289 mamm.
341 3231 369 3288 in
395 3230 470 3290 diem
493 3250 530 3291 ax
557 3249 651 3309 aequo
679 3249 869 3297 convenarum
890 3232 971 3293 turba
995 3230 1159 3291 renascitur

174 3308 515 3390 large'Irequentantihus
534 3331 607 3392 qnos
622 3316 680 3374 vita
700 3315 797 3376 fessos
814 3316 850 3375 ad
869 3333 965 3376 mores
986 3330 1084 3373 eorum
1097 3312 1158 3371 ior·

11 3404 19 3468 [²
66 3469 71 3478 .
174 3404 259 3455 tunae
277 3394 410 3455 ductibus
430 3397 499 3472 agit.
547 3398 586 3459 ita
612 3415 666 3476 per
694 3399 855 3462 seculorum
874 3399 951 3462 milia
972 3393 1159 3475 (incredibile
