2542 3842
376 142 458 226 unu.
472 175 563 225 mar.
579 175 612 224 v.
631 176 657 227 1.
674 162 728 246 (1.)
1037 161 1096 225 185

100 330 209 403 Darat,
241 329 270 388 in
296 344 353 406 quo
388 297 555 388 crocodilos
587 328 677 405 gigni.
718 328 785 388 dein
816 329 907 388 sinum
929 325 1051 388 nexui
1071 327 1140 390 llio

101 429 181 492 pass.
200 412 306 471 includi
319 412 423 471 montis
440 410 551 471 Barcae
566 412 765 489 promontorio
781 421 953 472 excurrente
968 413 997 470 in
1012 429 1098 472 occa·

100 513 180 571 sum,
207 495 285 573 qaod
312 494 480 572 appelletur
501 495 690 555 Surrentium.
719 502 824 573 postea
848 493 952 554 humen
973 494 1098 570 Salsum,

99 579 177 638 ultra
199 577 277 656 qnod
292 576 454 655 Aethiopas
475 576 633 653 Perorsos,
649 594 778 656 xquorum
798 594 815 637 a
831 586 915 653 tergo
932 576 1097 637 Pharusios.

82 661 148 722 obis
162 661 243 737 iungi
259 656 288 719 lu
309 661 522 720 mediterraneo
538 659 678 720 Gaetulos
692 661 802 735 Daras,
825 669 853 720 at
869 661 896 718 in
910 676 963 719 ora
979 659 1097 719 Aethio-

101 761 157 823 pas
177 741 339 819 Daratitas,
362 742 467 802 damen
480 743 647 802 Bambotum
665 743 822 804 crocodilis
838 751 868 803 et
884 743 1099 822 hippopotamis

101 827 253 886 reiertum.
293 825 330 885 ab
357 841 394 886 eo
418 828 522 886 montis
546 836 707 906 perpetuos
741 825 897 906 usquead
923 841 987 885 eum
1015 841 1100 904 quem

102 910 206 970 'l'heon
231 908 352 970 ochema
375 909 513 969 dicemus.
540 909 607 970 iude
629 909 665 970 ad
687 910 912 987 promontorium
936 906 1141 986 hesperumq,

102 992 288 1069 nauigatione
303 993 411 1052 dierum
428 1009 464 1052 ac
480 993 606 1051 noctium
622 991 659 1051 x.
680 994 709 1051 in
722 993 819 1052 medio
838 1008 874 1050 eo
891 992 985 1069 spatio
1000 990 1099 1049 Atlan-

69 1087 94 1128 10
104 1086 162 1137 mm
177 1075 286 1134 locavit
311 1076 420 1135 ceteris
440 1073 572 1133 omnibus
587 1076 617 1132 in
632 1076 769 1136 amramis
785 1073 981 1138 Mauretaniae
1003 1073 1099 1153 prodi·

102 1170 173 1220 tum.
209 1156 339 1217 Romana
360 1172 437 1218 arma
453 1158 575 1235 primum
590 1154 711 1216 Claudio
727 1159 859 1236 principe
881 1158 910 1216 in
924 1154 1142 1220 Mauretaniall
1243 1165 1269 1214 1

103 1241 256 1302 bellavere
275 1240 471 1300 Ptolemaeum
490 1257 592 1315 regem
612 1255 629 1298 a
650 1238 721 1298 Gaio
745 1238 873 1299 Caesare
899 1239 1101 1315 interemptum

103 1324 268 1384 ulciscente
282 1322 388 1382 liberto
403 1322 586 1397 Aedemone,
603 1320 870 1402 refugientibusque
885 1319 1016 1382 barbaris
1031 1337 1100 1380 ren·

101 1417 163 1468 tum
179 1414 293 1466 constat
307 1405 343 1465 ad
356 1413 482 1464 montem
494 1404 649 1465 Atlantem.
681 1421 737 1464 nec
758 1405 850 1464 solum
866 1403 1015 1484 consulatu
1033 1420 1101 1481 per·

69 1490 213 1552 refractis
239 1497 327 1566 atque
355 1505 372 1547 e
399 1496 499 1547 senatu
525 1487 646 1547 ducibus
673 1488 722 1566 qui
748 1495 807 1547 tum
828 1504 877 1547 res
904 1503 1032 1564 gessere·
1049 1485 1102 1546 sed

106 1571 252 1653 equitibus
269 1587 386 1650 quoque
401 1570 538 1632 Romanis
553 1573 655 1650 quiex
677 1585 714 1630 eo
730 1570 887 1648 praefuere
902 1569 942 1629 ibi
957 1568 1102 1629 Atlantem

105 1663 280 1737 penetrasse
294 1653 431 1732 ingloria
446 1654 508 1713 init.
525 1656 651 1731 quinque
667 1661 731 1712 sunt
744 1653 790 1730 (ut
805 1653 942 1731 diximus)
955 1651 1102 1712 Romanae
1111 1661 1145 1714 12

108 1738 243 1801 coloniae
266 1737 295 1796 iu
316 1755 351 1797 ea
372 1736 537 1816 pruvincia,
560 1737 750 1815 perviumque
769 1737 862 1797 lamae
884 1736 977 1796 videri
994 1731 1145 1818 potest.„²„

108 1821 170 1883 sed.
182 1821 212 1880 id
234 1820 404 1898 plerumque
420 1819 635 1880 fallacissimum
652 1820 852 1898 experimento
867 1817 1102 1896 deprehenditur,

71 1906 177 1984 aquia
191 1902 361 1980 dignitates,
387 1918 452 1962 eum
472 1901 611 1979 indagare
627 1919 698 1962 vera
719 1903 832 1980 pigeat,
856 1903 1036 1979 ignierantiae
1051 1917 1104 1979 pu·

3 2060 4 2065 ¹
108 1987 183 2047 dere
196 1986 310 2045 mentiri
324 2002 381 2045 non
396 1987 494 2062 piget,
516 1985 585 2045 haut
603 1985 662 2045 alio
682 1985 749 2046 lidei
769 1987 907 2062 proniore
922 1983 1006 2060 lapsu
1021 2000 1106 2060 quam

3 2078 5 2121 i
108 2069 161 2129 ubi
176 2068 270 2128 falsae
291 2068 335 2126 rei
356 2069 452 2144 gravis
473 2077 575 2126 auctor
596 2068 720 2126 exsistit.
752 2067 885 2144 equidem
905 2066 998 2124 minus
1017 2065 1106 2122 miror

3 2174 4 2181 ³
109 2153 283 2229 inconperta
299 2151 441 2228 quaedam
456 2165 524 2207 ease
539 2149 684 2225 equestris
699 2145 807 2206 ordinis
821 2148 902 2223 viris,
918 2149 1060 2206 iam-vero
1077 2151 1107 2203 et
1150 2212 1152 2216 ,

3 2200 5 2289 l
111 2243 243 2294 senatum
257 2233 323 2291 inde
338 2229 524 2305 intrantibus,
542 2245 626 2306 quam
644 2228 791 2305 luxuriae,
808 2229 889 2288 cuius
906 2225 1106 2287 efficacissima

3 2299 5 2325 ²
75 2317 158 2376 evis
177 2316 301 2376 sentitur
320 2323 408 2392 atque
430 2329 577 2386 mmma,
601 2327 665 2369 cum
686 2309 769 2369 ebori
793 2311 866 2370 citro
889 2310 981 2377 silvae
1006 2307 1105 2385 exqui-

108 2407 228 2473 rantur,
262 2412 362 2455 omnes
387 2394 503 2473 scopuli
529 2391 822 2454 Gaetuli-muricibus
848 2392 992 2471 purpuris.
1031 2389 1150 2450 ludi-13

110 2498 211 2560 genae
232 2488 328 2539 tamen
347 2478 462 2538 tradunt
481 2477 511 2536 iu
527 2492 579 2535 ora
597 2475 634 2535 ab
650 2476 729 2536 Salat
747 2473 793 2536 Ch
807 2475 838 2534 lll
853 2491 988 2554 passuum
1004 2472 1108 2536 llumen

112 2564 242 2624 Asanam
263 2561 371 2620 marino
396 2561 500 2620 haustu
520 2558 574 2618 sed
593 2568 680 2636 portu
701 2558 880 2636 spectabile,
908 2574 976 2617 mox
999 2571 1109 2615 amnem

3 2678 4 2683 κ
97 2651 204 2725 'quem
222 2651 330 2702 vocant
351 2641 421 2719 hur,
445 2641 539 2702 abeo
560 2641 597 2700 ad
619 2641 719 2716 Dprim
741 2642 814 2718 (hoc
837 2643 912 2701 enim
931 2639 1037 2698 Atlanti
1057 2653 1108 2696 no·

77 2744 196 2802 tomen,
222 2735 252 2785 et
267 2743 335 2785 esse
350 2741 450 2784 eorum
468 2723 566 2801 lingua
586 2723 737 2802 convenit)
757 2720 805 2782 (30
826 2721 856 2781 Μ
870 2733 1005 2799 passuum
1023 2721 1109 2779 inter·

114 2811 252 2871 veniente
267 2808 382 2867 humine
397 2808 444 2866 cui
460 2822 566 2864 nomen
581 2805 718 2864 estlvor.
750 2805 793 2864 lhi
807 2803 882 2864 fama
898 2811 1013 2862 exstare
1031 2803 1110 2860 circa

113 2891 239 2968 vestigia
253 2888 371 2950 habitati
387 2886 530 2967 quondm
544 2887 617 2961 soli,
639 2888 786 2945 vinearum
800 2887 1048 2963 palmetorumque
1063 2899 1110 2942 re·

3 3040 4 3043 ,
114 2975 231 3054 liquias.
261 2973 415 3037 Suetonius
430 2970 574 3043 Paulinus,
590 2985 677 3046 quem
691 2967 840 3028 consulem
854 2967 985 3039 vidimus,
1002 2965 1153 3044 primns14

3 3048 5 3057 ’
114 3056 312 3117 Romanorum
337 3053 441 3114 ducum
465 3061 665 3128 transgressus
693 3065 809 3128 quoque
831 3048 976 3109 Atlantem
1002 3047 1112 3125 aliquot

80 3140 227 3200 remilium
246 3138 341 3215 spatio
364 3135 492 3214 prodidit
512 3134 550 3193 de
573 3133 745 3192 excelsitate
762 3131 876 3209 quidem
892 3133 953 3190 eius
971 3146 1046 3208 quae
1062 3147 1110 3188 ce·

116 3222 193 3297 teri,
215 3221 287 3280 imas
306 3218 421 3279 radices
441 3216 539 3275 densis
560 3215 683 3291 altisque
707 3215 837 3293 repletas
861 3215 942 3275 silvis
964 3211 1111 3288 incognito

115 3320 231 3382 genere
252 3301 403 3375 arborum,
427 3298 632 3376 proceritatem
657 3296 849 3374 spectabilem
876 3313 943 3356 esse
965 3294 1050 3354 enodi
1069 3292 1111 3350 ni·

116 3396 202 3464 tore,
223 3384 336 3445 frondis
357 3380 489 3460 cupressi
503 3379 604 3441 similia
622 3387 828 3459 praeterquam
843 3380 985 3458 gravitate
1001 3374 1111 3449 odoris,
