2542 3842
149 172 170 235 t
291 140 295 159 Ι
427 184 814 232 .o.1³n1u1snouuo1

149 349 320 403 susteneat
341 339 446 415 sedes,
471 359 562 416 genus
583 350 678 401 tamen
703 340 846 402 hominum
864 361 901 401 ex
922 342 957 401 iis
979 344 1027 421 qui
1050 342 1148 422 profu*

149 434 251 502 gerant
273 432 322 484 ant
338 442 403 485 cum
420 434 575 503 pugnatum
593 434 639 485 est
663 424 793 487 aluerant
808 427 953 504 hodieque
975 435 1104 485 remanet
1120 428 1147 486 in

106 510 257 587 rapsacis.
302 509 451 568 similest
473 511 501 567 in
521 508 602 571 ltalia
623 508 783 569 Marsorum
807 528 897 587 genus
920 510 1017 584 durat,
1040 528 1147 590 quoae

148 590 252 651 Circae
269 592 328 651 lilio
344 602 425 652 ortos
439 593 533 652 ierunt
548 603 577 653 et
587 594 655 653 ideo
667 594 764 654 inesse
780 596 815 653 iis
830 596 886 653 viro
902 594 1061 653 naturalem
1074 614 1145 655 eam.

147 685 178 736 et
193 686 288 736 tamen
303 677 434 737 omnibus
448 677 609 737 bominibus
626 687 727 738 contra
745 680 888 757 serpentis
903 680 978 738 inest
995 696 1173 754 venenum,e

147 761 300 839 feruntque
322 762 394 821 ictas
417 761 508 822 saliva
532 770 563 822 ut
583 762 725 821 ferventis
753 779 845 839 aquae
874 770 1008 827 contactu
1031 762 1146 839 lugere.

148 845 226 924 qnod
248 846 272 905 si
294 846 322 904 in
343 845 435 905 laucis
454 848 666 923 penetraverit,
691 848 775 905 etiam
796 846 885 920 mori,
906 847 993 924 idque
1016 862 1148 905 maxume

146 928 259 989 lmmani
282 930 368 988 ieiuni
388 930 457 989 oris.
497 931 590 1008 Supra
611 928 787 989 Nasamonas
810 930 987 1007 confidisque
1009 930 1067 989 illis
1090 928 1147 989 lla·

138 1012 248 1087 cblyas
263 1013 458 1091 Androgynos
481 1032 548 1073 esse
572 1016 721 1092 utriusque
744 1022 861 1083 naturae
885 1016 958 1073 inter
982 1032 1014 1072 se
1037 1014 1149 1073 vicibus

148 1099 278 1157 coeuntis
297 1095 481 1175 calliphanes
497 1097 591 1157 tradit.
626 1098 802 1158 Aristotcles
815 1098 900 1157 adicit
917 1097 1047 1157 dextram
1062 1115 1147 1157 mam·
1161 1122 1184 1162 io

105 1192 139 1246 16
147 1199 221 1239 marn
236 1183 270 1239 iis
287 1182 418 1256 virilem,
441 1181 554 1241 laevam
570 1181 740 1242 muliebrem
759 1200 835 1241 esse.
879 1183 907 1241 in
930 1181 1032 1241 eadem
1049 1180 1149 1261 Airita

146 1264 267 1325 familias
291 1266 429 1343 quasdam
452 1266 678 1326 effascinantium
700 1264 833 1343 Isigonus
860 1274 889 1325 et
912 1264 1148 1343 Nymphodorus,

148 1366 267 1428 quorum
282 1348 446 1409 laudatione
459 1342 601 1409 intereant
613 1348 751 1427 probata,
769 1346 902 1411 arescant
914 1347 1053 1424 arbores,
1071 1368 1148 1408 emo·

146 1434 253 1493 riantur
268 1432 400 1493 infantes.
432 1450 500 1492 esse
517 1432 647 1493 eiusdem
663 1425 782 1508 generis
799 1436 826 1491 in
842 1432 978 1494 Triballis
997 1442 1027 1506 et
1041 1432 1148 1509 Illyriis

124 1517 233 1580 ,adicit
255 1515 404 1591 isigonus,
435 1517 483 1593 qui
503 1516 567 1575 visu
590 1532 708 1594 quoque
733 1517 902 1577 effascinent
928 1518 1147 1595 interimuntque
1161 1541 1185 1581 ia
1255 1532 1256 1575 t

147 1617 221 1678 quos
236 1598 340 1658 diutius
356 1600 536 1673 intueantur,
552 1600 631 1658 iratis
648 1601 806 1678 praecipue
823 1602 931 1675 oculis,
954 1600 1032 1677 quod
1048 1618 1148 1663 eorum
1255 1600 1256 1639 l

146 1684 250 1743 malurn
264 1682 379 1741 facilius
395 1684 502 1741 sentire
517 1682 655 1759 puberes.
679 1682 832 1743 notabilius
846 1702 913 1743 esse
929 1683 1007 1761 quod
1022 1684 1148 1760 pupillas

59 1820 68 1829 .
105 1777 139 1832 17
147 1768 228 1826 binas
244 1768 271 1823 in
287 1765 407 1841 singulis
421 1765 547 1826 babeant
562 1767 665 1825 oculis.
697 1766 785 1826 lluius
803 1768 919 1842 generis
936 1776 966 1825 et
985 1765 1106 1825 laminas
1120 1768 1151 1825 in

147 1849 281 1924 Scythia,
312 1866 386 1927 quae
407 1850 517 1910 bithiae
537 1859 691 1926 vocantur,
715 1850 810 1928 prodit
830 1848 1030 1928 Apollonides.
1072 1847 1148 1923 Phy-
1198 1870 1204 1881 ·

147 1932 263 1993 larohus
278 1942 308 1993 et
319 1936 347 1993 in
362 1934 455 1995 Ponto
464 1932 630 1994 'l‘bibiorum
645 1952 737 2011 genus
752 1933 914 2013 multosque
928 1934 1001 1997 alios
1018 1930 1150 1993 eiusdem
1163 1952 1189 1996 ao

145 2025 283 2093 naturae,
308 2033 430 2097 qaorum
451 2026 534 2078 notas
554 2019 639 2079 tradit
659 2020 687 2078 in
708 2019 800 2079 altero
822 2018 909 2079 oculo
931 2018 1072 2094 geminam
1095 2034 1148 2093 pu·
1255 2044 1256 2095 3

147 2102 246 2180 pillam
262 2104 291 2163 in
306 2104 400 2164 altero
416 2107 483 2183 equi
499 2102 634 2180 effigiem.
673 2103 792 2163 eosdem
815 2111 970 2181 praeterea
984 2117 1042 2161 aon
1057 2117 1150 2178 posse
1255 2156 1256 2167 ,

147 2188 256 2263 mergi,
275 2205 312 2247 ne
327 2198 410 2247 reste
423 2189 536 2268 quidem
552 2188 737 2264 degravatos.
767 2186 834 2247 baut
851 2186 989 2247 dissimile
1005 2186 1039 2243 iis
1055 2201 1149 2261 genus
1255 2238 1256 2243 ,

147 2270 325 2332 Pharnacem
345 2274 373 2329 in
387 2271 543 2348 Aethiopia
564 2270 689 2350 prodidit
704 2270 832 2345 Damon,
860 2288 980 2349 quorum
998 2270 1087 2329 sudor
1103 2278 1145 2327 ta·

105 2354 216 2421 lebena
238 2356 380 2414 contactis
397 2354 573 2431 corporibus
600 2353 722 2413 adierat.
767 2354 887 2413 feminam
913 2355 1027 2433 quidem
1057 2354 1187 2412 ennias

147 2439 256 2517 ubique
278 2438 342 2495 visu
365 2439 474 2504 nocere
494 2454 568 2513 quae
592 2436 724 2514 duplices
745 2438 873 2515 pupillas
894 2438 1020 2497 habeant
1041 2433 1147 2495 Cicero
1255 2506 1256 2509 Ἴ

149 2539 265 2601 quoque
287 2521 360 2599 apud
382 2537 436 2579 nos
461 2529 562 2580 auctor
586 2529 640 2578 est.
685 2521 758 2581 adeo
779 2531 914 2596 naturae,
937 2538 1000 2581 cum
1022 2520 1147 2579 ferarum

68 2597 72 2604 ’
148 2622 259 2664 morem
288 2604 426 2667 vescendi
450 2603 578 2664 humanis
604 2604 766 2665 visceribus
793 2608 827 2665 in.
846 2605 960 2665 homine
986 2604 1147 2680 genuisset,

148 2691 271 2765 gignere
285 2691 369 2749 etiam
385 2687 488 2748 intrito
504 2702 628 2766 corpore
641 2697 670 2747 et
685 2690 713 2745 in
728 2689 905 2766 quorundam
922 2688 1015 2747 oculis
1031 2704 1148 2764 quoque
1210 2740 1223 2763 ,
1255 2674 1256 2697 ’

147 2790 261 2831 nenena
284 2773 408 2851 placuit,
431 2791 467 2832 ne
490 2774 558 2850 quid
580 2790 700 2849 usquam
714 2771 781 2831 mali
797 2782 876 2831 esset
894 2771 971 2855 quod
988 2770 1189 2833 inhominem
1255 2786 1256 2839 4

109 2865 208 2919 19non
223 2866 312 2916 esset.
356 2857 429 2917 llaut
449 2856 552 2935 procul
569 2855 641 2915 urbe
661 2854 752 2915 homa
769 2857 798 2915 in
816 2854 995 2917 Faliscorum
1017 2871 1088 2932 agro
1106 2853 1148 2913 ia-

150 2940 245 3000 miliae
260 2949 325 2999 sunt
339 2958 450 3019 paucae
465 2949 693 3018 quae-vocantur
702 2938 793 3018 Hirpi.
823 2940 877 2999 hae
893 2940 1035 3001 sacrificio
1054 2952 1148 2997 annuo
1255 2940 1256 2983 t

152 3024 228 3102 quod
247 3024 277 3081 lit
291 3025 327 3083 ad
342 3034 466 3086 montem
480 3025 631 3084 Soractem
649 3024 777 3101 Apollini
796 3042 884 3101 super
903 3023 1060 3085 ambustam
1078 3022 1150 3099 ligni

152 3116 259 3167 amem
274 3107 453 3167 ambulantes
464 3120 522 3167 non
536 3108 706 3182 adamatur,
725 3117 753 3167 et
765 3107 802 3167 oh
818 3107 846 3165 id
859 3118 1001 3186 perpetuo
1017 3115 1148 3166 senatus·
1255 3108 1256 3155 t

151 3188 287 3250 consulto
311 3191 427 3250 militiae
447 3193 631 3270 omniumque
655 3192 775 3251 aliorum
797 3208 944 3251 munerum
967 3192 1190 3251 vacationemaa

108 3274 268 3337 dehabent.
314 3272 495 3345 Quorundam
511 3277 629 3353 corpori
645 3283 743 3352 partes
763 3285 917 3336 nascuntur
933 3276 967 3335 ad
985 3274 1079 3350 aliqua
1096 3273 1147 3331 mi·

151 3356 276 3431 nabiles,
299 3357 373 3414 sicut
387 3356 478 3431 Pyrro
496 3361 559 3434 regi
576 3358 677 3436 pollex
696 3360 725 3418 ia
741 3360 843 3419 dextro
860 3360 951 3438 pede,
972 3358 1052 3417 cuius
1068 3364 1149 3419 tactu

151 3439 271 3498 lienosis
286 3439 460 3512 medebatur.
506 3440 581 3499 huno
597 3443 718 3501 cremari
737 3462 800 3502 cum
818 3445 930 3521 reliquo
950 3458 1073 3521 corpore
1090 3456 1151 3497 non
