2542 3842
197 178 258 240 uto
528 187 559 235 o.
581 188 678 234 rutnr
698 187 847 234 suonam

195 347 287 408 dictas
303 344 407 423 crispis
424 342 513 403 densa
525 341 614 402 ueluti
631 343 713 419 grani
729 341 885 418 congerie,
904 361 975 421 quas
992 343 1030 402 ob
1044 343 1074 403 id
1091 361 1109 403 a
1126 345 1212 403 simi·

195 430 313 491 litudine
335 430 445 506 apiatas
467 435 581 486 uocant.
613 444 722 485 summa
736 443 808 484 vero
824 427 946 485 omniurn
964 428 993 486 in
1008 428 1124 486 colore.
1163 428 1212 487 bic

195 531 326 574 maxume
341 512 425 574 mulsi
437 510 552 589 placet,
564 511 646 568 venis
664 509 724 568 suis
739 509 897 586 refulgens.
929 511 1083 589 posthaec
1100 513 1210 589 ampli-

152 598 265 665 usstnda
283 605 337 656 est.
369 596 424 655 iam
438 595 491 654 toti
515 593 653 654 caudices
669 595 783 668 iuvant,
806 593 965 672 pluresque
981 595 1008 654 in
1023 613 1090 654 una.
1119 593 1208 654 blen-

195 699 245 742 sae
267 681 351 743 vitia:
383 679 488 756 lignum
506 679 602 737 -ita
625 685 746 755 vocatur
767 678 886 736 materia
900 678 985 738 surda
1003 686 1033 737 et
1053 679 1225 757 indigesta.3

194 762 363 843 simplicitas
384 770 432 822 ant
451 759 559 840 platani
582 761 716 821 ioliornm
738 760 824 820 modo
846 761 977 838 digesta,
999 763 1068 821 item
1093 763 1206 841 ilignae

194 865 288 908 venae
317 846 470 907 similitudo
498 846 546 904 vel
579 845 687 904 coloris
713 879 755 890 —-
779 853 825 920 et,
853 845 957 923 quibus
985 864 1124 908 maxume
1155 848 1204 906 ob-

195 933 297 994 noxias
317 931 418 991 iecore
440 939 538 989 aestus
549 931 704 1008 ventique,
722 930 811 988 rimae
826 937 875 988 ant
892 929 1099 1008 capillamenta
1117 933 1204 991 rimas

193 1019 309 1076 imitata.
340 1021 443 1092 postea
464 1031 580 1072 murena
601 1015 686 1090 nigro
703 1022 902 1073 transcurrens
920 1013 1025 1089 limite,
1048 1016 1202 1095 uariisque

197 1103 335 1161 corticum
358 1099 472 1177 punctis
489 1097 688 1176 adprehensus
710 1113 887 1176 papaverum
904 1096 981 1156 nodo
1004 1099 1084 1157 etin
1114 1109 1225 1158 totunm

152 1193 260 1250 obatro
281 1184 401 1262 propior
416 1182 500 1250 colos
517 1178 685 1241 maculaeve
701 1180 875 1240 discolores.
904 1180 1011 1251 Viridis
1032 1189 1118 1241 terra
1138 1201 1200 1242 con·

195 1269 264 1332 dunt
277 1266 393 1328 barbari
411 1275 440 1326 et
455 1268 574 1326 inlinunt
589 1283 675 1341 cera,
694 1265 822 1325 artilices
841 1282 913 1324 uero
933 1265 1069 1325 frumenti
1084 1268 1199 1327 acerris

195 1355 335 1432 inponant
348 1352 478 1430 septenis
493 1349 594 1410 diebus
609 1349 729 1409 totidem
743 1349 932 1424 intermissis,
948 1351 1115 1428 mirumque
1134 1369 1197 1430 pon·

197 1437 259 1498 dori
277 1439 411 1516 quantum
431 1436 470 1494 ita
485 1432 661 1495 detrahatur.
690 1432 840 1510 naniragia
863 1432 990 1492 docuere
1013 1451 1114 1511 nuper
1132 1436 1197 1494 hanc

196 1527 312 1600 qnoque
335 1519 481 1579 materiam
499 1519 635 1576 siccatam
650 1519 719 1576 mari
737 1517 841 1576 duritie
855 1517 1020 1596 incorrupta
1037 1520 1196 1596 cospissari
1205 1543 1219 1579 e

195 1621 253 1665 non
280 1603 449 1664 ullomodo
473 1599 682 1660 vehementius.
717 1599 884 1660 Nutriantnr
912 1609 1030 1678 optume
1060 1603 1196 1680 splende-

196 1697 337 1766 scuntque
352 1703 450 1746 manns
471 1686 568 1744 siccae
584 1684 687 1742 fricata
702 1701 719 1744 a
733 1683 855 1744 balineis
878 1701 1026 1760 maxume,
1051 1703 1109 1744 nec
1128 1689 1197 1745 vinis

196 1770 347 1832 laeduntur
365 1778 394 1828 ut
411 1769 454 1827 his
470 1769 596 1844 genitae.
963 1795 968 1805 ·

154 1866 206 1920 10⁰
276 1853 324 1913 16.
347 1852 427 1911 Inter
443 1869 534 1929 pauca
553 1850 695 1910 nitidioris
716 1851 793 1908 vitae
814 1851 1002 1910 instrumenta
1017 1852 1090 1911 haec
1106 1851 1195 1909 arbor

196 1947 257 2013 eat,
275 1945 453 2016 quapropter
468 1934 654 1995 insistendum
666 1935 693 1992 ei
704 1949 821 2012 quoqne
835 1935 951 2014 paulum
967 1936 1093 1994 videtur.
1120 1933 1224 1994 Nota-n

197 2023 281 2083 odam
305 2020 432 2082 Homero
457 2020 518 2079 init.
558 2020 649 2094 thyon
670 2016 783 2079 Graece
807 2027 945 2094 vocatur,
968 2018 1004 2078 ab
1028 2019 1095 2079 aliis
1119 2019 1196 2094 thya.

196 2107 270 2167 hanc
284 2107 382 2184 itaque
398 2107 472 2164 inter
488 2104 595 2165 odores
609 2104 652 2163 uri
667 2101 782 2162 tradidit
798 2105 827 2161 in
841 2102 954 2162 deliciis
971 2101 1096 2177 Circae,
1116 2121 1199 2180 qnam

195 2189 278 2250 mam
292 2189 413 2250 volebat
427 2187 573 2264 intellegi,
597 2204 701 2264 magno
714 2203 814 2247 errore
830 2203 928 2246 eornm
944 2188 991 2265 qni
1007 2186 1199 2246 odoramenta

196 2276 224 2334 ln
245 2290 282 2334 eo
303 2271 448 2334 vocabulo
464 2273 625 2350 accipiunt,
648 2288 712 2330 cum
733 2272 903 2347 praesertim
925 2272 1028 2330 eodem
1044 2273 1199 2336 versu‘ee·

196 2358 277 2418 drum
291 2359 469 2433 laricemque
484 2371 538 2414 una
549 2356 643 2414 tradat
656 2354 711 2427 uri,
727 2354 756 2412 in
770 2371 828 2431 quo
841 2354 1022 2414 manifestum
1037 2363 1084 2413 est
1099 2355 1142 2415 de
1159 2375 1222 2417 ar-s·

156 2450 205 2505 lot
218 2441 336 2502 boribus
364 2447 469 2498 tantum
498 2438 633 2498 locutum.
669 2435 903 2515 Theophrastus,
929 2441 977 2517 qni
999 2455 1204 2517 proxumusa

139 2575 144 2590 ‚
197 2524 292 2601 Magni
307 2521 464 2580 Alexandri
482 2531 576 2582 aetate
597 2522 714 2598 scripsit
734 2521 807 2580 haec
826 2522 905 2582 circa
927 2523 1007 2581 urbis
1021 2521 1134 2582 Romae
1151 2542 1204 2582 an-

197 2625 262 2667 num
282 2617 442 2682 ccccm,
471 2621 603 2682 magnum
634 2607 688 2664 iam
715 2603 782 2663 hnic
810 2605 907 2665 arbori
928 2606 1067 2665 honorem
1082 2605 1202 2679 tribuit,

197 2698 370 2750 memoratas
385 2707 422 2749 ex
437 2707 472 2750 ea
488 2688 621 2748 referens
636 2687 808 2766 templorum
820 2699 950 2749 veterum
963 2690 1203 2767 contignationes

198 2774 396 2852 mandumque
417 2772 648 2833 inmortalitatem
669 2772 807 2832 materiae
835 2776 864 2832 in
889 2775 983 2837 tectis,
1000 2782 1109 2834 contra
1133 2777 1225 2835 vitias

156 2866 206 2921 1or
218 2859 311 2918 omnia
325 2860 518 2936 incorruptae.
553 2856 652 2917 radice
668 2856 738 2916 nihil
756 2859 897 2936 crispius,
921 2875 978 2916 neo
998 2857 1120 2917 aliunde
1137 2879 1202 2938 pre·

197 2941 318 3001 tiosiora
341 2958 442 3019 opera.
480 2941 665 3019 praecipuam
687 2949 781 3004 autem
798 2959 866 3001 esso
886 2959 949 3002 earn
964 2940 1103 3000 arborem
1125 2946 1204 3003 circa

197 3024 362 3087 liammonis
377 3024 544 3099 delubrum,
562 3023 644 3084 nasci
660 3033 689 3084 et
700 3025 729 3083 in
740 3025 879 3085 inferiore
895 3022 1079 3100 Cyrenaicae
1103 3037 1202 3105 parte.

200 3110 236 3168 de
257 3109 364 3168 mensis
380 3117 475 3168 tamen
492 3110 597 3185 tacuit,
623 3119 652 3168 et
670 3109 741 3167 alias
761 3109 866 3168 nullius
887 3118 953 3168 ante
974 3103 1204 3171 Ciceronianam

198 3192 340 3252 vetustior
351 3193 488 3252 memoria
504 3202 566 3268 est,
582 3209 640 3270 quo
657 3194 790 3254 noviciae
803 3194 954 3272 adparent.
1209 3210 1228 3252 a

158 3285 209 3339 103
282 3273 368 3354 (31.)
392 3275 457 3335 atta
472 3284 517 3334 est
535 3276 623 3335 arbor
638 3276 741 3334 eodem
757 3279 889 3353 nomine,
907 3276 1009 3336 malurn
1022 3275 1128 3337 ierens
1153 3297 1201 3337 ex·

198 3365 342 3416 ‘secretum
354 3357 456 3434 aliquis
469 3358 560 3417 odore
574 3367 603 3416 et
617 3359 813 3435 amaritudine,
829 3361 893 3419 aliis
905 3361 1075 3439 expetitum,
1094 3359 1203 3421 domus

199 3441 284 3497 etiam
300 3441 458 3513 decorans,
475 3457 530 3498 neo
546 3440 668 3499 dicenda
683 3441 845 3502 verbosius.

49 3539 52 3548 ’
156 3526 233 3586 104,
283 3521 331 3580 17.
356 3521 440 3598 (32.)
458 3520 571 3580 'Eadem
586 3522 703 3597 Africa,
725 3541 781 3600 qna
798 3526 943 3603 nergitad
958 3541 1027 3601 nos,
1049 3525 1205 3604 insignem
