2542 3842
221 122 224 129 ’
298 151 379 199 uun.
395 151 486 201 msc.
503 153 540 200 11.
562 148 701 204 etr-101.
720 142 890 225 (su-104.)
1068 148 1129 211 111

128 320 244 365 oceane
261 312 383 379 augetur
398 304 605 384 minuiturque,
628 307 701 366 alias
717 316 869 388 utrumque
890 314 1043 374 contrariis
1057 323 1130 375 tem·

126 386 260 467 porihus.
290 386 394 447 eodem
416 388 445 446 iu
466 387 534 448 loco
557 389 630 449 ulter
651 392 755 451 oceani
772 389 895 453 motibus
912 398 1066 457 consentit.
1096 397 1130 459 lu

125 472 191 549 ripn
206 468 303 529 Baetis
319 470 455 549 oppidum
473 481 518 532 est
535 473 616 531 cuius
630 474 711 550 putei
733 483 887 535 crescente
902 488 984 539 uestu
1000 482 1128 540 minuun-

125 563 183 627 tur,
200 562 360 629 augescunt
373 553 546 635 decedente,
561 555 664 629 mediis
675 565 836 635 temporum
847 559 1009 621 inmobiles.
1026 563 1130 624 eadem
1223 586 1226 591 ·

104 634 355 714 enatura-Hispali
371 637 480 716 oppido
496 636 546 696 uni
559 647 660 717 puteo,
676 642 785 700 ceteris
799 641 939 718 volgaris.
969 643 1006 704 lit
1020 646 1130 706 Pontus

126 737 246 797 semper
261 727 343 779 extra
360 728 438 779 meet
452 721 481 779 iu
492 719 709 800 Propontidem,
724 724 866 785 introrsus
882 727 911 785 lu
920 726 1040 787 Pontum
1049 746 1127 789 uum-

126 820 212 881 quam
227 802 319 861 relluu
334 804 415 862 mari.

189 883 240 945 98.
258 884 362 963 (101.)
379 883 479 946 Omnia
493 885 653 965 plenilunio
670 890 759 949 maria
774 899 948 969 purgantur,
966 892 1171 971 quaedamtto

126 977 158 1029 et
174 976 250 1028 stato
267 977 409 1047 tempere.
439 966 524 1030 Circa
539 968 701 1031 Messanam
719 981 748 1031 et
762 972 855 1049 Mylas
873 975 940 1035 llmu
959 976 1062 1036 similia
1078 995 1128 1037 ex·

91 1059 268 1129 respuuntur
282 1050 393 1111 inlitus
404 1063 602 1129 purgamenta,
619 1054 694 1115 uude
710 1055 806 1118 fabula
821 1058 900 1117 Solis
911 1058 1005 1121 boves
1020 1059 1128 1120 1111010-

125 1134 230 1195 huleri.
256 1133 308 1193 llis
325 1135 402 1195 addit
414 1135 459 1212 (ut
470 1136 539 1195 nihil
551 1137 628 1215 quod
642 1139 776 1216 equidem
787 1143 917 1201 neverim
928 1144 1127 1222 praeteream)

125 1216 304 1277 Aristoteles
315 1217 422 1278 nullum
433 1220 536 1279 animal
548 1220 602 1279 uisi
618 1230 701 1280 aestu
713 1224 873 1283 recedente
886 1225 1047 1306 exspirare.
1069 1225 1128 1284 Ob·

126 1309 273 1360 servatium
290 1300 319 1361 id
335 1301 451 1361 multum
468 1302 497 1361 iu
512 1301 624 1363 Gallice
640 1320 753 1364 oceano
769 1315 799 1365 et
811 1306 956 1372 dumtaxat
970 1309 999 1366 in
1013 1308 1128 1368 hemin‘c
1151 1377 1156 1387 ,

126 1392 308 1461 conpertum.
1130 1404 1133 1409 ⁴

89 1490 116 1533 rs
164 1492 167 1499 ¹
188 1467 239 1527 99.
257 1465 362 1545 (102.)
376 1465 440 1539 Quo
457 1485 528 1529 uera
542 1468 717 1531 coniectatio
728 1472 841 1532 exsistit
851 1472 919 1533 haut
930 1475 1036 1535 frustra
1047 1474 1105 1553 spi·
1117 1483 1168 1538 111

124 1552 198 1619 ritus
219 1550 299 1611 sidus
316 1550 411 1613 lunam
427 1553 601 1613 existumarl.
632 1552 690 1614 lroc
712 1572 781 1614 esse
804 1557 882 1634 qued
897 1565 991 1619 terras
1007 1561 1147 1632 saturets

124 1634 332 1711 accedensque
349 1649 475 1712 corpora
489 1634 613 1714 inpleat,
642 1636 806 1697 abscedens
831 1639 945 1699 inaniat.
973 1641 1041 1701 ideo
1062 1656 1127 1700 cum

123 1719 304 1797 incremento
322 1718 384 1778 eius
398 1719 499 1795 augeri
513 1718 676 1794 conchylia,
694 1729 723 1780 et
733 1738 864 1781 maxume
876 1723 1006 1801 spiritum
1017 1724 1127 1783 sentire

125 1801 231 1881 quihus
247 1800 364 1877 sanguis
379 1818 436 1861 nou
452 1802 499 1877 sit,
515 1802 570 1861 sed
585 1812 614 1862 et
626 1805 792 1879 sanguinem
807 1804 950 1866 hominum
963 1808 1048 1867 etiam
1060 1824 1125 1866 cum
1202 1801 1207 1810 '

87 1885 231 1945 columine
247 1884 309 1943 eius
324 1886 425 1960 augeri
440 1903 475 1945 ac
490 1886 586 1961 minui,
602 1887 713 1946 frondis
729 1904 847 1966 quoquc
862 1890 1018 1969 aepabula
1036 1890 1082 1968 (ut
1093 1884 1167 1975 '23¹¹

124 1984 179 2028 suo
197 1968 265 2027 loco
281 1966 408 2047 dicetur)
425 1970 549 2044 sentire,
567 1969 595 2028 in
610 1970 704 2033 omnia
720 1970 822 2049 eadem
837 1982 1008 2051 penetrante
1023 1973 1062 2031 vi.

190 2050 261 2111 100.
280 2050 384 2130 (103.)
400 2051 500 2130 ltaque
517 2052 589 2112 solis
604 2053 709 2113 ardore
725 2056 851 2114 siccatur
873 2056 984 2133 liquor,
1005 2054 1168 2116 01100111

126 2150 196 2194 esse
211 2133 368 2193 masculum
385 2134 464 2194 sidus
480 2136 664 2211 accepimus,
682 2143 798 2194 torrens
813 2146 916 2196 cuncte
933 2136 1125 2214 serbeusque.

126 2216 233 2296 (104.)
251 2214 300 2275 Sic
314 2218 384 2276 mari
399 2217 457 2277 late
473 2218 581 2295 patenti
596 2232 733 2294 saporem
752 2217 868 2302 incoqui
888 2217 975 2293 selis,
997 2226 1045 2277 aut
1061 2218 1127 2295 quia

87 2318 115 2361 zo
125 2300 269 2361 exhausto
287 2299 353 2359 iude
368 2300 445 2360 dulei
459 2300 607 2377 tenuique,
623 2298 702 2377 qued
715 2298 852 2360 facillime
866 2300 959 2361 trahat
968 2301 1013 2359 vis
1030 2301 1127 2377 ignea,

125 2400 213 2443 omne
230 2383 363 2459 asperius
380 2383 565 2463 crassiusque
583 2382 726 2461 linquatur
744 2383 826 2460 (ideo
844 2402 952 2445 summa
969 2400 1127 2462 aequorum

124 2484 202 2545 aqua
215 2465 374 2525 dulciorem
386 2466 566 2544 profundum,-
579 2465 655 2527 hauc
666 2484 733 2527 esse
744 2469 890 2530 veriorem
902 2486 1018 2529 causam
1029 2465 1128 2545 asperi

124 2550 242 2627 superis
258 2566 343 2626 quam
361 2550 437 2627 qued
453 2568 532 2610 mare
547 2558 644 2611 terrae
662 2550 751 2610 sudor
766 2554 802 2611 sit
817 2554 981 2630 aeternus),
997 2560 1045 2612 aut
1060 2551 1127 2629 quia

123 2632 275 2711 plurumas
292 2649 331 2691 ex
347 2633 428 2693 arido
442 2634 597 2693 misceatur
611 2622 653 2693 illi
664 2651 767 2713 vapor,
783 2644 831 2695 aut
843 2637 909 2713 quia
920 2645 1015 2694 terrac
1027 2642 1128 2694 uatum

89 2732 116 2773 eo
127 2716 204 2775 sicut
218 2714 376 2775 medicatus
392 2734 482 2795 aquas
497 2716 613 2776 inliciat.
643 2716 698 2777 Est
711 2718 740 2776 iu
763 2718 909 2796 exemplis
923 2716 1064 2790 Dionysio
1083 2714 1127 2772 Si-

125 2799 211 2859 011100
228 2807 368 2873 tyranno,
394 2817 457 2859 cum
473 2799 573 2877 pulsus
589 2808 634 2859 est
649 2818 684 2861 ea
702 2800 848 2879 potentia,
870 2797 1013 2859 accidisse
1029 2795 1127 2876 prodi·

124 2883 205 2959 gium
220 2888 251 2941 ut
266 2898 324 2940 uuo
342 2881 389 2942 die
405 2882 434 2941 in
450 2891 535 2964 portu
550 2880 737 2942 dulcesceret
750 2902 840 2943 mure.

192 2964 262 3027 101.
279 2962 304 3023 Ε
321 2965 465 3026 contrario
481 2966 576 3025 ierunt
591 2964 676 3024 lunae
691 2964 847 3025 femineum
863 2981 899 3023 ac
912 2960 1002 3022 molle
1014 2960 1104 3036 sidus,
1114 2966 1169 3023 113

115 3056 214 3126 atque
234 3056 405 3108 nocturnum
428 3049 546 3108 solvere
568 3065 698 3108 umorem
715 3056 745 3108 et
767 3047 900 3123 trahere,
924 3062 982 3106 nou
1000 3045 1126 3106 auferre.

91 3130 159 3192 ssld
174 3130 357 3191 manifestum
373 3150 457 3208 esse,
480 3131 558 3210 quod
580 3132 709 3190 ferarum·
727 3131 827 3191 occisa
847 3146 974 3210 corpora
988 3129 1016 3189 in
1030 3127 1127 3191 tabem

124 3215 192 3273 risu
208 3228 262 3273 suo
278 3214 418 3289 resolvat,
441 3230 600 3291 somnoque
619 3214 721 3290 sepitis
738 3222 886 3292 torporem
908 3221 1085 3274 contractum
1099 3211 1128 3269 iu

127 3306 216 3377 eaput
232 3305 370 3372 revocet,
392 3295 518 3373 glaciem
538 3297 687 3371 refundat,
712 3304 872 3376 cunctaque
888 3297 1003 3357 umifico
1025 3294 1128 3372 spiritu

125 3379 218 3442 laxet.
253 3376 295 3439 lta
315 3381 433 3458 pensari
455 3387 573 3439 naturae
595 3380 669 3439 vicis
691 3396 865 3462 semperque
885 3380 1038 3518 sqlqeere,
1063 3374 1129 3437 aliis
