2542 3842
65 187 71 195 ’
177 204 238 267 258
424 203 427 208 ’
519 215 550 264 c.
571 216 669 263 eamr
691 213 840 264 saeuum

175 371 313 432 Gaditano
326 368 361 429 ad
374 368 465 430 sinum
476 367 597 449 Issicum
613 384 667 446 per
677 366 882 444 longitudinem
893 365 1169 442 directamx‘riiffiff,

172 453 222 512 XL
236 452 266 512 tl
280 470 415 530 passuum
437 462 532 529 taxat,
555 455 584 512 ia
599 467 656 529 quo
680 451 747 511 haut
763 451 824 509 scio
848 468 884 509 au
901 451 938 510 slt
955 467 1037 512 error
1051 457 1169 531 numeri,

173 537 307 615 quoniam
321 536 397 596 idem
414 554 432 597 a
447 537 547 597 Siculo
562 537 639 596 lreto
655 533 859 598 Alexandriam
876 551 975 596 cursus
995 537 1064 607 uffa,
1077 536 1098 596 l.
1111 538 1168 597 mil.
1258 537 1259 540 ’

171 637 307 698 passuum
322 620 447 680 tradidit.
474 621 627 679 universus
647 626 742 678 autem
761 618 895 676 circuitus
908 635 962 696 per
980 621 1058 680 sinus
1076 620 1169 682 dictos

171 705 207 764 ab
223 704 328 763 eodem
344 701 464 762 exaudio
483 703 596 778 colligit
610 702 686 759 inter
699 700 835 762 Maeotim
850 700 943 764 lacum
955 701 1094 767 alvum
1110 706 1192 765 mile

171 804 316 865 passuum,
329 785 529 846 Artemidorus
542 780 854 857 adtctrucclvlmtl,
867 784 942 844 idem
952 803 1015 846 oum
1024 785 1169 850 Maeotide

128 872 323 940 208OEOE
342 867 394 929 XG
414 867 444 929 bl
466 886 601 947 passuum
623 884 690 926 esse
711 867 836 926 tradidit.
868 865 949 928 Haeo
971 879 1018 930 est
1036 889 1168 932 mensura
1258 917 1259 938 ,

170 958 317 1016 inermium
329 962 359 1012 et
370 961 473 1030 pacata
487 950 609 1012 audacia
621 949 763 1010 lorturmm
779 952 996 1027 provocantium
1014 954 1165 1016 hominum.

168 1057 244 1099 nune
271 1041 399 1117 ipsarum
429 1037 552 1112 partium
577 1034 742 1110 magnitudo
772 1032 985 1112 comparabitur,
1012 1047 1167 1115 utcumque

169 1123 366 1182 difficultatem
388 1118 502 1179 adferet
523 1126 673 1178 auctorum
695 1117 865 1191 diversitas,
897 1119 1045 1195 aptissime
1072 1131 1201 1182 tumeam

168 1205 348 1284 spectabitur
370 1201 407 1262 ad
426 1201 633 1279 longitudinem
653 1200 802 1262 latitudine
823 1199 927 1261 addita.
942 1253 948 1266 s
965 1212 1011 1264 est
1034 1222 1107 1280 ergo
1130 1203 1166 1266 ad

167 1289 225 1349 hoc
245 1287 458 1367 praescriptum
479 1285 617 1362 Europae
640 1283 805 1360 magnitudo
833 1283 960 1352 ffxx‘u‘,
979 1284 1086 1350 xc1111
1105 1287 1163 1350 mil.

167 1371 312 1450 passuum.
348 1369 467 1432 Altinae
489 1368 535 1444 (ut
555 1367 649 1427 media
671 1384 708 1426 ex
727 1369 802 1427 omni
821 1369 962 1429 varietate
984 1369 1165 1447 prodentium

166 1463 292 1515 sumatur
317 1452 501 1529 conputatio)
524 1450 617 1510 elboit
639 1449 788 1526 longitudo
805 1452 942 1520 ffiv'ff
962 1449 1072 1514 Xttllll
1092 1453 1163 1529 mil,

166 1537 303 1610 latitudo,
325 1552 381 1611 qua
398 1533 519 1606 colitur,
541 1548 681 1608 nusquam
702 1530 772 1592 ccl
789 1536 866 1595 milia
882 1552 1018 1612 passuum
1035 1536 1161 1598 excedit.
1174 1558 1199 1599 15

123 1619 235 1682 209sed
256 1620 389 1695 quoniam
410 1613 601 1690 anreuaiaa
624 1615 686 1674 eius
706 1625 788 1692 parte
803 1616 960 1678 DGCGCX
975 1618 1080 1678 millum
1097 1635 1162 1696 pas·

164 1718 244 1760 suum
262 1718 325 1759 eam
339 1699 410 1757 lecit
425 1698 571 1776 Agrippa,
594 1697 712 1758 deserta
728 1698 841 1761 eiusad
858 1700 1041 1761 Garamantas
1057 1718 1162 1778 usque,

164 1800 220 1861 qua
245 1781 454 1856 noscebantur,
477 1778 683 1857 conplectens,
710 1785 844 1844 universa
865 1801 1094 1861 mensuraquae
1110 1802 1161 1844 ve·

163 1867 223 1924 niet
237 1866 265 1923 in
283 1865 517 1942 conparationem
537 1863 628 1932 xTvr,
642 1863 710 1924 Vlll
726 1866 784 1926 mil.
800 1883 935 1945 passuum
951 1865 1050 1930 efficit.
1071 1867 1162 1930 Asiae

163 1947 312 2025 longitudo
327 1951 356 2008 in
369 1947 505 2008 confesso
523 1957 568 2008 est
579 1951 676 2016 'iffi
691 1947 794 2008 LXXV
801 1951 859 2010 mil.
872 1965 1022 2029 passuum,
1039 1950 1160 2012 latitudo
1170 1970 1197 2010 ao

162 2049 233 2092 sane
246 2040 418 2110 conputetur
432 2030 653 2113 abAetbiopioo
668 2024 738 2092 mari
753 2033 958 2095 Alexandriam
973 2035 1051 2094 iuxta
1063 2031 1159 2094 Nilum
1259 2027 1260 2034 '

162 2116 260 2190 sitam,
284 2124 314 2174 ut
328 2133 383 2194 per
398 2113 521 2176 bleroeu
537 2125 568 2176 et
581 2135 635 2196 per
650 2118 766 2191 §venen
783 2125 1045 2193 mensuracurrat,
1063 2117 1156 2186 ῑῇῑιζ

119 2195 283 2260 arolxxv
298 2200 356 2259 mil.
373 2217 517 2277 passuum.
563 2202 684 2280 adparet
707 2211 779 2277 ergo
795 2199 942 2279 Europam
961 2200 1158 2279 paulominus

160 2282 274 2344 dimidia
289 2282 378 2342 Asiae
397 2290 480 2360 parte
501 2283 639 2343 maiorem
661 2302 728 2342 esse
746 2302 828 2361 quam
845 2285 960 2358 Asiam,
982 2283 1101 2345 eandem
1116 2284 1157 2342 al-

160 2373 227 2424 tero
247 2374 325 2424 tauto
351 2373 381 2423 et
397 2373 481 2424 sexta
500 2375 584 2442 parte
598 2365 717 2425 Alrlcae
732 2367 902 2443 ampliorem
920 2383 1002 2444 quarn
1018 2364 1155 2426 Africam.
1167 2381 1194 2421 m

161 2448 238 2524 quod
254 2449 279 2506 si
294 2448 468 2505 misceantur
484 2464 584 2507 omnes
600 2464 742 2524 summae,
761 2447 871 2527 liquido
886 2447 996 2526 patebit
1011 2446 1158 2525 Europam

158 2531 247 2589 totius
267 2538 365 2588 terrae
379 2529 491 2588 tertiam
509 2547 576 2589 esse
593 2539 706 2608 partem
727 2537 756 2589 et
773 2539 905 2591 octavam
920 2530 1006 2608 paulo
1018 2529 1156 2607 amplius,

159 2611 258 2671 Asiam
282 2628 354 2671 vero
381 2620 510 2689 quartam
537 2622 568 2671 et
596 2613 881 2689 quartamdecimam,
908 2612 1036 2674 Africam
1061 2621 1157 2674 autem

160 2696 283 2772 quintam
295 2704 324 2755 et
338 2696 457 2773 insuper
465 2697 686 2772 sexagesimam.

103 2786 165 2838 ¹211
252 2778 338 2856 (39.)
358 2777 409 2837 llis
423 2778 560 2838 addemus
576 2779 728 2838 etiamnum
742 2795 825 2839 unam
833 2777 963 2840 Graecae
981 2779 1152 2838 inventionis
1163 2797 1192 2840 eo

157 2863 327 2920 sententiam
345 2861 394 2920 vel
416 2863 657 2939 exquisitissimae
680 2861 862 2937 subtilitatis,
887 2870 918 2921 ut
940 2861 1012 2932 nibil¹
1029 2861 1103 2922 desit
1125 2863 1154 2946 lp

125 3005 133 3019 Ι
157 2945 315 3020 spectando
333 2952 473 3005 terrarum
493 2947 560 3019 situ,
578 2945 770 3024 indicatisque
788 2944 955 3021 regionibus
971 2953 1108 3004 noscatur
1124 2954 1154 3006 et

157 3043 221 3084 oum
233 3044 289 3105 qua
302 3029 406 3106 cuique
421 3029 548 3088 societas
564 3029 602 3087 sit
614 3029 679 3087 sive
696 3029 952 3105 cognatlodlerum
965 3045 999 3088 ao
1014 3029 1152 3104 noctium,

157 3108 318 3186 quibusque
333 3111 408 3169 inter
422 3128 455 3169 se
470 3129 557 3189 pares
573 3111 690 3171 umbrae
707 3120 736 3170 et
751 3129 844 3190 aequa
860 3112 954 3172 muudi
972 3111 1151 3171 convexitas.

128 3207 228 3266 -ergo
253 3191 390 3251 reddetur
414 3192 472 3253 boc
488 3195 588 3270 etiam,
612 3203 769 3274 terraeque
794 3195 947 3256 universae
969 3197 1009 3286 iu*
1023 3192 1191 3256 membrum

156 3273 230 3332 caeli
245 3273 421 3350 digerentur.
965 3331 967 3337 .
1046 3271 1056 3298 ²

112 3353 170 3416 alt'
247 3356 297 3416 34.
332 3356 417 3416 Plura
436 3367 502 3416 sunt
517 3369 665 3434 segmenta
683 3359 795 3436 muudi,
819 3377 893 3438 quae
908 3359 1005 3420 nostri
1024 3358 1150 3420 circulos
1237 3399 1239 3406 ,

155 3436 355 3516 appellavere,
375 3435 477 3500 Graeci
492 3441 660 3518 parallelos.
683 3441 853 3521 Principium
868 3439 1063 3504 lrabetlndlae
1080 3457 1150 3521 pars

343 3560 352 3566 .
798 3541 825 3584 *a
1113 3558 1116 3566 .
