<?xml version="1.0" encoding="UTF-8"?>
<!DOCTYPE html PUBLIC "-//W3C//DTD XHTML 1.0 Transitional//EN"
    "http://www.w3.org/TR/xhtml1/DTD/xhtml1-transitional.dtd">
<html xmlns="http://www.w3.org/1999/xhtml" xml:lang="en" lang="en">
 <head>
  <title>
</title>
<meta http-equiv="Content-Type" content="text/html;charset=utf-8" />
  <meta name='ocr-system' content='tesseract 3.04.00' />
  <meta name='ocr-capabilities' content='ocr_page ocr_carea ocr_par ocr_line ocrx_word'/>
</head>
<body>
  <div class='ocr_page' id='page_1' title='image "./cplinisecundina25plingoog_0136.png"; bbox 0 0 2542 3842; ppageno 0'>
   <div class='ocr_carea' id='block_1_1' title="bbox 28 168 32 285">
    <p class='ocr_par' dir='ltr' id='par_1_1' title="bbox 28 168 32 285">
     <span class='ocr_line' id='line_1_1' title="bbox 28 168 32 285; baseline 0 -24"><span class='ocrx_word' id='word_1_1' title='bbox 28 168 32 285; x_wconf 72' lang='lat' dir='ltr'><strong>t</strong></span> 
     </span>
    </p>
   </div>
   <div class='ocr_carea' id='block_1_2' title="bbox 170 179 896 253">
    <p class='ocr_par' dir='ltr' id='par_1_2' title="bbox 170 179 896 253">
     <span class='ocr_line' id='line_1_2' title="bbox 170 179 896 253; baseline -0.001 -15"><span class='ocrx_word' id='word_1_2' title='bbox 170 179 229 240; x_wconf 83' lang='lat'><strong>102</strong></span> <span class='ocrx_word' id='word_1_3' title='bbox 543 189 574 238; x_wconf 87' lang='lat' dir='ltr'><strong>o.</strong></span> <span class='ocrx_word' id='word_1_4' title='bbox 593 190 688 238; x_wconf 81' lang='lat' dir='ltr'><strong>nunu</strong></span> <span class='ocrx_word' id='word_1_5' title='bbox 704 189 853 239; x_wconf 82' lang='lat' dir='ltr'><strong>suenum</strong></span> <span class='ocrx_word' id='word_1_6' title='bbox 893 246 896 253; x_wconf 47' lang='grc'>,</span> 
     </span>
    </p>
   </div>
   <div class='ocr_carea' id='block_1_3' title="bbox 168 341 1169 505">
    <p class='ocr_par' dir='ltr' id='par_1_3' title="bbox 168 341 1169 505">
     <span class='ocr_line' id='line_1_3' title="bbox 169 341 1169 423; baseline -0.001 -18"><span class='ocrx_word' id='word_1_7' title='bbox 169 346 266 405; x_wconf 82' lang='lat' dir='ltr'>sidere</span> <span class='ocrx_word' id='word_1_8' title='bbox 290 360 358 423; x_wconf 87' lang='lat' dir='ltr'><strong>pars</strong></span> <span class='ocrx_word' id='word_1_9' title='bbox 383 351 443 405; x_wconf 94' lang='lat' dir='ltr'><strong>tota</strong></span> <span class='ocrx_word' id='word_1_10' title='bbox 464 360 591 420; x_wconf 89' lang='lat' dir='ltr'><strong>vergens</strong></span> <span class='ocrx_word' id='word_1_11' title='bbox 612 346 642 403; x_wconf 94' lang='lat' dir='ltr'><strong>in</strong></span> <span class='ocrx_word' id='word_1_12' title='bbox 659 341 794 422; x_wconf 80' lang='lat' dir='ltr'><strong>Caspium</strong></span> <span class='ocrx_word' id='word_1_13' title='bbox 813 360 893 403; x_wconf 89' lang='lat' dir='ltr'><strong>mare</strong></span> <span class='ocrx_word' id='word_1_14' title='bbox 913 341 1101 421; x_wconf 75' lang='lat' dir='ltr'><strong>pernavigata</strong></span> <span class='ocrx_word' id='word_1_15' title='bbox 1122 353 1169 405; x_wconf 88' lang='lat' dir='ltr'><strong>est</strong></span> 
     </span>
     <span class='ocr_line' id='line_1_4' title="bbox 168 420 1168 505; baseline -0.004 -16"><span class='ocrx_word' id='word_1_16' title='bbox 168 420 358 489; x_wconf 79' lang='lat' dir='ltr'><strong>Macedonum</strong></span> <span class='ocrx_word' id='word_1_17' title='bbox 380 428 465 488; x_wconf 90' lang='lat' dir='ltr'><strong>armis</strong></span> <span class='ocrx_word' id='word_1_18' title='bbox 493 428 619 487; x_wconf 82' lang='lat' dir='ltr'>Seleuco</span> <span class='ocrx_word' id='word_1_19' title='bbox 643 436 730 504; x_wconf 87' lang='lat' dir='ltr'><strong>atque</strong></span> <span class='ocrx_word' id='word_1_20' title='bbox 745 426 889 486; x_wconf 78' lang='lat' dir='ltr'><strong>Antiocho</strong></span> <span class='ocrx_word' id='word_1_21' title='bbox 910 426 1096 504; x_wconf 78' lang='lat' dir='ltr'><strong>regnantibus</strong></span> <span class='ocrx_word' id='word_1_22' title='bbox 1118 429 1168 505; x_wconf 86' lang='lat' dir='ltr'><strong>qui</strong></span> 
     </span>
    </p>
   </div>
   <div class='ocr_carea' id='block_1_4' title="bbox 24 509 1168 597">
    <p class='ocr_par' dir='ltr' id='par_1_4' title="bbox 24 509 1168 597">
     <span class='ocr_line' id='line_1_5' title="bbox 24 509 1168 597; baseline -0.003 -24"><span class='ocrx_word' id='word_1_23' title='bbox 24 532 25 597; x_wconf 78' lang='lat' dir='ltr'>j</span> <span class='ocrx_word' id='word_1_24' title='bbox 126 520 216 581; x_wconf 79' lang='lat' dir='ltr'><strong>168et</strong></span> <span class='ocrx_word' id='word_1_25' title='bbox 232 511 386 571; x_wconf 84' lang='lat' dir='ltr'><strong>Seleucida</strong></span> <span class='ocrx_word' id='word_1_26' title='bbox 409 518 439 570; x_wconf 92' lang='lat' dir='ltr'><strong>et</strong></span> <span class='ocrx_word' id='word_1_27' title='bbox 459 509 630 571; x_wconf 80' lang='lat' dir='ltr'><strong>Antiochida</strong></span> <span class='ocrx_word' id='word_1_28' title='bbox 651 510 688 569; x_wconf 90' lang='lat' dir='ltr'><strong>ab</strong></span> <span class='ocrx_word' id='word_1_29' title='bbox 709 510 781 588; x_wconf 89' lang='lat' dir='ltr'><strong>ipsis</strong></span> <span class='ocrx_word' id='word_1_30' title='bbox 803 510 946 587; x_wconf 91' lang='lat' dir='ltr'><strong>appellari</strong></span> <span class='ocrx_word' id='word_1_31' title='bbox 965 510 1097 570; x_wconf 87' lang='lat' dir='ltr'><strong>voluere.</strong></span> <span class='ocrx_word' id='word_1_32' title='bbox 1129 510 1168 569; x_wconf 85' lang='lat' dir='ltr'><strong>Et</strong></span> 
     </span>
    </p>
   </div>
   <div class='ocr_carea' id='block_1_5' title="bbox 115 592 1264 3483">
    <p class='ocr_par' dir='ltr' id='par_1_5' title="bbox 166 592 1204 1417">
     <span class='ocr_line' id='line_1_6' title="bbox 168 592 1168 673; baseline -0.003 -17"><span class='ocrx_word' id='word_1_33' title='bbox 168 598 246 657; x_wconf 88' lang='lat' dir='ltr'><strong>circa</strong></span> <span class='ocrx_word' id='word_1_34' title='bbox 256 593 392 673; x_wconf 49' lang='lat' dir='ltr'><strong>‘Caspium</strong></span> <span class='ocrx_word' id='word_1_35' title='bbox 403 594 490 653; x_wconf 91' lang='lat' dir='ltr'><strong>multa</strong></span> <span class='ocrx_word' id='word_1_36' title='bbox 505 594 608 653; x_wconf 91' lang='lat' dir='ltr'><strong>oceani</strong></span> <span class='ocrx_word' id='word_1_37' title='bbox 624 594 708 653; x_wconf 92' lang='lat' dir='ltr'><strong>litora</strong></span> <span class='ocrx_word' id='word_1_38' title='bbox 720 593 872 671; x_wconf 88' lang='lat' dir='ltr'><strong>explorata</strong></span> <span class='ocrx_word' id='word_1_39' title='bbox 883 609 1035 671; x_wconf 87' lang='lat' dir='ltr'><strong>parvoque</strong></span> <span class='ocrx_word' id='word_1_40' title='bbox 1048 592 1168 653; x_wconf 88' lang='lat' dir='ltr'><strong>brevius</strong></span> 
     </span>
     <span class='ocr_line' id='line_1_7' title="bbox 168 676 1195 759; baseline -0.001 -21"><span class='ocrx_word' id='word_1_41' title='bbox 168 697 252 759; x_wconf 89' lang='lat' dir='ltr'><strong>quam</strong></span> <span class='ocrx_word' id='word_1_42' title='bbox 262 686 338 737; x_wconf 90' lang='lat' dir='ltr'><strong>totus</strong></span> <span class='ocrx_word' id='word_1_43' title='bbox 350 677 415 736; x_wconf 91' lang='lat' dir='ltr'><strong>hinc</strong></span> <span class='ocrx_word' id='word_1_44' title='bbox 427 686 474 737; x_wconf 90' lang='lat' dir='ltr'><strong>aut</strong></span> <span class='ocrx_word' id='word_1_45' title='bbox 484 676 563 736; x_wconf 90' lang='lat' dir='ltr'><strong>illinc</strong></span> <span class='ocrx_word' id='word_1_46' title='bbox 573 678 732 753; x_wconf 83' lang='lat' dir='ltr'><strong>septentrio</strong></span> <span class='ocrx_word' id='word_1_47' title='bbox 745 677 930 752; x_wconf 88' lang='lat' dir='ltr'><strong>eremigatus,</strong></span> <span class='ocrx_word' id='word_1_48' title='bbox 947 685 979 735; x_wconf 92' lang='lat' dir='ltr'><strong>ut</strong></span> <span class='ocrx_word' id='word_1_49' title='bbox 990 686 1085 737; x_wconf 91' lang='lat' dir='ltr'><strong>tamen</strong></span> <span class='ocrx_word' id='word_1_50' title='bbox 1096 692 1165 736; x_wconf 90' lang='lat' dir='ltr'><strong>con·</strong></span> <span class='ocrx_word' id='word_1_51' title='bbox 1180 696 1195 737; x_wconf 84' lang='lat' dir='ltr'><strong>s</strong></span> 
     </span>
     <span class='ocr_line' id='line_1_8' title="bbox 166 758 1167 836; baseline -0.004 -13"><span class='ocrx_word' id='word_1_52' title='bbox 166 766 294 823; x_wconf 90' lang='lat' dir='ltr'><strong>iecturae</strong></span> <span class='ocrx_word' id='word_1_53' title='bbox 308 760 403 820; x_wconf 88' lang='lat' dir='ltr'><strong>locum</strong></span> <span class='ocrx_word' id='word_1_54' title='bbox 415 760 457 818; x_wconf 92' lang='lat' dir='ltr'><strong>sic</strong></span> <span class='ocrx_word' id='word_1_55' title='bbox 473 775 587 836; x_wconf 86' lang='lat' dir='ltr'><strong>quoque</strong></span> <span class='ocrx_word' id='word_1_56' title='bbox 603 774 660 817; x_wconf 94' lang='lat' dir='ltr'><strong>non</strong></span> <span class='ocrx_word' id='word_1_57' title='bbox 673 758 825 835; x_wconf 86' lang='lat' dir='ltr'><strong>relinquat.</strong></span> <span class='ocrx_word' id='word_1_58' title='bbox 848 758 955 834; x_wconf 89' lang='lat' dir='ltr'><strong>Ingens</strong></span> <span class='ocrx_word' id='word_1_59' title='bbox 969 768 1167 836; x_wconf 81' lang='lat' dir='ltr'><strong>argumentum</strong></span> 
     </span>
     <span class='ocr_line' id='line_1_9' title="bbox 167 841 1168 925; baseline -0.001 -21"><span class='ocrx_word' id='word_1_60' title='bbox 167 845 281 925; x_wconf 90' lang='lat' dir='ltr'><strong>paludis</strong></span> <span class='ocrx_word' id='word_1_61' title='bbox 297 842 476 916; x_wconf 82' lang='lat' dir='ltr'><strong>Maeoticae,</strong></span> <span class='ocrx_word' id='word_1_62' title='bbox 500 842 562 901; x_wconf 90' lang='lat' dir='ltr'><strong>sive</strong></span> <span class='ocrx_word' id='word_1_63' title='bbox 586 860 621 901; x_wconf 89' lang='lat' dir='ltr'><strong>ea</strong></span> <span class='ocrx_word' id='word_1_64' title='bbox 637 841 714 900; x_wconf 91' lang='lat' dir='ltr'><strong>illius</strong></span> <span class='ocrx_word' id='word_1_65' title='bbox 731 842 833 900; x_wconf 90' lang='lat' dir='ltr'><strong>oceani</strong></span> <span class='ocrx_word' id='word_1_66' title='bbox 851 842 929 899; x_wconf 91' lang='lat' dir='ltr'><strong>sinus</strong></span> <span class='ocrx_word' id='word_1_67' title='bbox 945 851 998 916; x_wconf 88' lang='lat' dir='ltr'><strong>est,</strong></span> <span class='ocrx_word' id='word_1_68' title='bbox 1018 852 1047 902; x_wconf 93' lang='lat' dir='ltr'><strong>ut</strong></span> <span class='ocrx_word' id='word_1_69' title='bbox 1061 843 1168 903; x_wconf 88' lang='lat' dir='ltr'><strong>multos</strong></span> 
     </span>
     <span class='ocr_line' id='line_1_10' title="bbox 167 924 1165 1001; baseline -0.003 -13"><span class='ocrx_word' id='word_1_70' title='bbox 167 930 286 989; x_wconf 88' lang='lat' dir='ltr'><strong>adverto</strong></span> <span class='ocrx_word' id='word_1_71' title='bbox 313 925 490 999; x_wconf 83' lang='lat' dir='ltr'><strong>credidisse,</strong></span> <span class='ocrx_word' id='word_1_72' title='bbox 516 925 577 983; x_wconf 90' lang='lat' dir='ltr'><strong>sive</strong></span> <span class='ocrx_word' id='word_1_73' title='bbox 605 932 726 1000; x_wconf 90' lang='lat' dir='ltr'><strong>angusto</strong></span> <span class='ocrx_word' id='word_1_74' title='bbox 752 924 871 983; x_wconf 89' lang='lat' dir='ltr'><strong>discreti</strong></span> <span class='ocrx_word' id='word_1_75' title='bbox 897 925 953 983; x_wconf 91' lang='lat' dir='ltr'><strong>situ</strong></span> <span class='ocrx_word' id='word_1_76' title='bbox 978 927 1165 1001; x_wconf 88' lang='lat' dir='ltr'><strong>restagnatio.</strong></span> 
     </span>
     <span class='ocr_line' id='line_1_11' title="bbox 166 1004 1167 1085; baseline -0.002 -16"><span class='ocrx_word' id='word_1_77' title='bbox 166 1011 234 1070; x_wconf 93' lang='lat' dir='ltr'><strong>Alio</strong></span> <span class='ocrx_word' id='word_1_78' title='bbox 247 1009 338 1068; x_wconf 88' lang='lat' dir='ltr'><strong>latere</strong></span> <span class='ocrx_word' id='word_1_79' title='bbox 352 1004 469 1066; x_wconf 86' lang='lat' dir='ltr'><strong>Gadium</strong></span> <span class='ocrx_word' id='word_1_80' title='bbox 485 1006 522 1067; x_wconf 92' lang='lat' dir='ltr'><strong>ab</strong></span> <span class='ocrx_word' id='word_1_81' title='bbox 539 1007 644 1067; x_wconf 88' lang='lat' dir='ltr'><strong>eodem</strong></span> <span class='ocrx_word' id='word_1_82' title='bbox 660 1006 812 1066; x_wconf 89' lang='lat' dir='ltr'><strong>occidente</strong></span> <span class='ocrx_word' id='word_1_83' title='bbox 824 1024 926 1084; x_wconf 85' lang='lat' dir='ltr'><strong>magna</strong></span> <span class='ocrx_word' id='word_1_84' title='bbox 939 1024 1007 1085; x_wconf 88' lang='lat' dir='ltr'><strong>pars</strong></span> <span class='ocrx_word' id='word_1_85' title='bbox 1017 1009 1167 1068; x_wconf 91' lang='lat' dir='ltr'><strong>meridiani</strong></span> 
     </span>
     <span class='ocr_line' id='line_1_12' title="bbox 167 1088 1204 1168; baseline 0 -16"><span class='ocrx_word' id='word_1_86' title='bbox 167 1096 245 1152; x_wconf 89' lang='lat' dir='ltr'><strong>sinus</strong></span> <span class='ocrx_word' id='word_1_87' title='bbox 262 1090 367 1151; x_wconf 85' lang='lat' dir='ltr'><strong>ambitu</strong></span> <span class='ocrx_word' id='word_1_88' title='bbox 384 1088 578 1150; x_wconf 84' lang='lat' dir='ltr'><strong>Mauretaniae</strong></span> <span class='ocrx_word' id='word_1_89' title='bbox 601 1092 750 1166; x_wconf 89' lang='lat' dir='ltr'><strong>navigatur</strong></span> <span class='ocrx_word' id='word_1_90' title='bbox 763 1089 860 1149; x_wconf 89' lang='lat' dir='ltr'><strong>hodie.</strong></span> <span class='ocrx_word' id='word_1_91' title='bbox 893 1088 1032 1150; x_wconf 86' lang='lat' dir='ltr'><strong>Maiorem</strong></span> <span class='ocrx_word' id='word_1_92' title='bbox 1050 1092 1166 1168; x_wconf 85' lang='lat' dir='ltr'><strong>quidem</strong></span> <span class='ocrx_word' id='word_1_93' title='bbox 1176 1111 1204 1152; x_wconf 82' lang='lat' dir='ltr'><strong>ro</strong></span> 
     </span>
     <span class='ocr_line' id='line_1_13' title="bbox 167 1172 1165 1253; baseline -0.001 -18"><span class='ocrx_word' id='word_1_94' title='bbox 167 1178 230 1235; x_wconf 89' lang='lat' dir='ltr'><strong>eius</strong></span> <span class='ocrx_word' id='word_1_95' title='bbox 245 1183 356 1253; x_wconf 90' lang='lat' dir='ltr'><strong>partem</strong></span> <span class='ocrx_word' id='word_1_96' title='bbox 372 1181 401 1233; x_wconf 92' lang='lat' dir='ltr'><strong>et</strong></span> <span class='ocrx_word' id='word_1_97' title='bbox 416 1173 535 1233; x_wconf 89' lang='lat' dir='ltr'><strong>orientis</strong></span> <span class='ocrx_word' id='word_1_98' title='bbox 549 1175 690 1233; x_wconf 85' lang='lat' dir='ltr'><strong>victoriae</strong></span> <span class='ocrx_word' id='word_1_99' title='bbox 711 1174 807 1248; x_wconf 87' lang='lat' dir='ltr'><strong>magni</strong></span> <span class='ocrx_word' id='word_1_100' title='bbox 822 1172 981 1233; x_wconf 79' lang='lat' dir='ltr'><strong>Alexandri</strong></span> <span class='ocrx_word' id='word_1_101' title='bbox 1002 1174 1165 1235; x_wconf 79' lang='lat' dir='ltr'><strong>lustravere</strong></span> 
     </span>
     <span class='ocr_line' id='line_1_14' title="bbox 166 1254 1165 1336; baseline 0 -19"><span class='ocrx_word' id='word_1_102' title='bbox 166 1276 258 1336; x_wconf 86' lang='lat' dir='ltr'><strong>usque</strong></span> <span class='ocrx_word' id='word_1_103' title='bbox 273 1258 302 1315; x_wconf 92' lang='lat' dir='ltr'><strong>in</strong></span> <span class='ocrx_word' id='word_1_104' title='bbox 313 1256 468 1316; x_wconf 87' lang='lat' dir='ltr'><strong>Arabicum</strong></span> <span class='ocrx_word' id='word_1_105' title='bbox 484 1258 584 1331; x_wconf 87' lang='lat' dir='ltr'><strong>sinum,</strong></span> <span class='ocrx_word' id='word_1_106' title='bbox 601 1258 629 1316; x_wconf 92' lang='lat' dir='ltr'><strong>in</strong></span> <span class='ocrx_word' id='word_1_107' title='bbox 647 1273 704 1334; x_wconf 84' lang='lat' dir='ltr'><strong>quo</strong></span> <span class='ocrx_word' id='word_1_108' title='bbox 719 1274 769 1314; x_wconf 89' lang='lat' dir='ltr'><strong>res</strong></span> <span class='ocrx_word' id='word_1_109' title='bbox 783 1265 906 1331; x_wconf 86' lang='lat' dir='ltr'><strong>gerente</strong></span> <span class='ocrx_word' id='word_1_110' title='bbox 918 1254 951 1315; x_wconf 84' lang='lat' dir='ltr'><strong>C.</strong></span> <span class='ocrx_word' id='word_1_111' title='bbox 964 1255 1091 1317; x_wconf 83' lang='lat' dir='ltr'><strong>Caesare</strong></span> <span class='ocrx_word' id='word_1_112' title='bbox 1106 1257 1165 1317; x_wconf 88' lang='lat' dir='ltr'><strong>Au·</strong></span> 
     </span>
     <span class='ocr_line' id='line_1_15' title="bbox 167 1338 1167 1417; baseline 0.001 -18"><span class='ocrx_word' id='word_1_113' title='bbox 167 1342 243 1417; x_wconf 89' lang='lat' dir='ltr'><strong>gusti</strong></span> <span class='ocrx_word' id='word_1_114' title='bbox 258 1340 317 1399; x_wconf 87' lang='lat' dir='ltr'><strong>irlio</strong></span> <span class='ocrx_word' id='word_1_115' title='bbox 334 1340 415 1415; x_wconf 89' lang='lat' dir='ltr'><strong>signa</strong></span> <span class='ocrx_word' id='word_1_116' title='bbox 432 1342 544 1399; x_wconf 90' lang='lat' dir='ltr'><strong>navium</strong></span> <span class='ocrx_word' id='word_1_117' title='bbox 563 1358 600 1399; x_wconf 86' lang='lat' dir='ltr'><strong>ex</strong></span> <span class='ocrx_word' id='word_1_118' title='bbox 615 1338 853 1416; x_wconf 89' lang='lat' dir='ltr'><strong>Hispaniensibus</strong></span> <span class='ocrx_word' id='word_1_119' title='bbox 868 1339 1025 1415; x_wconf 79' lang='lat' dir='ltr'><strong>naufragiis</strong></span> <span class='ocrx_word' id='word_1_120' title='bbox 1037 1340 1167 1400; x_wconf 81' lang='lat' dir='ltr'><strong>feruntur</strong></span> 
     </span>
    </p>

    <p class='ocr_par' dir='ltr' id='par_1_6' title="bbox 124 1419 1205 1996">
     <span class='ocr_line' id='line_1_16' title="bbox 124 1419 1167 1497; baseline -0.005 -11"><span class='ocrx_word' id='word_1_121' title='bbox 124 1431 175 1485; x_wconf 87' lang='lat'><strong>169</strong></span> <span class='ocrx_word' id='word_1_122' title='bbox 187 1423 291 1497; x_wconf 90' lang='lat' dir='ltr'><strong>agnita.</strong></span> <span class='ocrx_word' id='word_1_123' title='bbox 318 1420 356 1479; x_wconf 85' lang='lat' dir='ltr'><strong>Et</strong></span> <span class='ocrx_word' id='word_1_124' title='bbox 370 1420 469 1480; x_wconf 91' lang='lat' dir='ltr'><strong>Hanno</strong></span> <span class='ocrx_word' id='word_1_125' title='bbox 486 1419 666 1497; x_wconf 82' lang='lat' dir='ltr'><strong>Carthaginis</strong></span> <span class='ocrx_word' id='word_1_126' title='bbox 680 1421 807 1497; x_wconf 91' lang='lat' dir='ltr'><strong>potentia</strong></span> <span class='ocrx_word' id='word_1_127' title='bbox 818 1420 941 1479; x_wconf 91' lang='lat' dir='ltr'><strong>llorente</strong></span> <span class='ocrx_word' id='word_1_128' title='bbox 955 1422 1167 1483; x_wconf 86' lang='lat' dir='ltr'><strong>circumvectus</strong></span> 
     </span>
     <span class='ocr_line' id='line_1_17' title="bbox 164 1502 1205 1580; baseline -0.002 -16"><span class='ocrx_word' id='word_1_129' title='bbox 164 1523 181 1564; x_wconf 90' lang='lat' dir='ltr'><strong>a</strong></span> <span class='ocrx_word' id='word_1_130' title='bbox 196 1503 324 1563; x_wconf 85' lang='lat' dir='ltr'><strong>Gadibus</strong></span> <span class='ocrx_word' id='word_1_131' title='bbox 339 1503 375 1562; x_wconf 91' lang='lat' dir='ltr'><strong>ad</strong></span> <span class='ocrx_word' id='word_1_132' title='bbox 391 1503 475 1561; x_wconf 92' lang='lat' dir='ltr'><strong>linem</strong></span> <span class='ocrx_word' id='word_1_133' title='bbox 493 1502 617 1561; x_wconf 88' lang='lat' dir='ltr'><strong>Arabiae</strong></span> <span class='ocrx_word' id='word_1_134' title='bbox 637 1503 849 1577; x_wconf 88' lang='lat' dir='ltr'><strong>navigationem</strong></span> <span class='ocrx_word' id='word_1_135' title='bbox 867 1520 930 1561; x_wconf 86' lang='lat' dir='ltr'><strong>eam</strong></span> <span class='ocrx_word' id='word_1_136' title='bbox 946 1505 1074 1580; x_wconf 91' lang='lat' dir='ltr'><strong>prodidit</strong></span> <span class='ocrx_word' id='word_1_137' title='bbox 1093 1509 1164 1566; x_wconf 90' lang='lat' dir='ltr'><strong>scri·</strong></span> <span class='ocrx_word' id='word_1_138' title='bbox 1177 1523 1205 1563; x_wconf 81' lang='lat' dir='ltr'><strong>rs</strong></span> 
     </span>
     <span class='ocr_line' id='line_1_18' title="bbox 164 1582 1165 1665; baseline 0.002 -20"><span class='ocrx_word' id='word_1_139' title='bbox 164 1596 231 1665; x_wconf 88' lang='lat' dir='ltr'><strong>pto,</strong></span> <span class='ocrx_word' id='word_1_140' title='bbox 255 1586 329 1651; x_wconf 88' lang='lat' dir='ltr'><strong>sicut</strong></span> <span class='ocrx_word' id='word_1_141' title='bbox 344 1586 381 1645; x_wconf 90' lang='lat' dir='ltr'><strong>ad</strong></span> <span class='ocrx_word' id='word_1_142' title='bbox 397 1594 497 1645; x_wconf 82' lang='lat' dir='ltr'><strong>extera</strong></span> <span class='ocrx_word' id='word_1_143' title='bbox 514 1582 650 1662; x_wconf 87' lang='lat' dir='ltr'><strong>Europae</strong></span> <span class='ocrx_word' id='word_1_144' title='bbox 672 1584 819 1643; x_wconf 90' lang='lat' dir='ltr'><strong>noscenda</strong></span> <span class='ocrx_word' id='word_1_145' title='bbox 839 1585 944 1643; x_wconf 90' lang='lat' dir='ltr'><strong>missus</strong></span> <span class='ocrx_word' id='word_1_146' title='bbox 966 1586 1071 1644; x_wconf 89' lang='lat' dir='ltr'><strong>eodem</strong></span> <span class='ocrx_word' id='word_1_147' title='bbox 1093 1597 1165 1647; x_wconf 91' lang='lat' dir='ltr'><strong>tem·</strong></span> 
     </span>
     <span class='ocr_line' id='line_1_19' title="bbox 163 1665 1165 1747; baseline 0.004 -21"><span class='ocrx_word' id='word_1_148' title='bbox 163 1685 237 1747; x_wconf 93' lang='lat' dir='ltr'><strong>pore</strong></span> <span class='ocrx_word' id='word_1_149' title='bbox 260 1666 393 1727; x_wconf 90' lang='lat' dir='ltr'><strong>Himilco.</strong></span> <span class='ocrx_word' id='word_1_150' title='bbox 423 1668 580 1727; x_wconf 88' lang='lat' dir='ltr'><strong>Praeterea</strong></span> <span class='ocrx_word' id='word_1_151' title='bbox 601 1666 703 1745; x_wconf 88' lang='lat' dir='ltr'><strong>Nepos</strong></span> <span class='ocrx_word' id='word_1_152' title='bbox 719 1665 872 1726; x_wconf 81' lang='lat' dir='ltr'><strong>Cornelius</strong></span> <span class='ocrx_word' id='word_1_153' title='bbox 886 1676 986 1726; x_wconf 91' lang='lat' dir='ltr'><strong>auctor</strong></span> <span class='ocrx_word' id='word_1_154' title='bbox 1008 1676 1053 1726; x_wconf 90' lang='lat' dir='ltr'><strong>est</strong></span> <span class='ocrx_word' id='word_1_155' title='bbox 1066 1668 1165 1730; x_wconf 86' lang='lat' dir='ltr'><strong>Eudo·</strong></span> 
     </span>
     <span class='ocr_line' id='line_1_20' title="bbox 163 1748 1165 1827; baseline 0.003 -18"><span class='ocrx_word' id='word_1_156' title='bbox 163 1766 230 1809; x_wconf 84' lang='lat' dir='ltr'><strong>xum</strong></span> <span class='ocrx_word' id='word_1_157' title='bbox 243 1749 386 1825; x_wconf 87' lang='lat' dir='ltr'><strong>quendam</strong></span> <span class='ocrx_word' id='word_1_158' title='bbox 402 1768 452 1808; x_wconf 88' lang='lat' dir='ltr'><strong>sua</strong></span> <span class='ocrx_word' id='word_1_159' title='bbox 468 1759 574 1824; x_wconf 89' lang='lat' dir='ltr'><strong>aetate,</strong></span> <span class='ocrx_word' id='word_1_160' title='bbox 592 1767 656 1809; x_wconf 90' lang='lat' dir='ltr'><strong>cum</strong></span> <span class='ocrx_word' id='word_1_161' title='bbox 666 1748 818 1823; x_wconf 77' lang='lat' dir='ltr'><strong>Lathyrum</strong></span> <span class='ocrx_word' id='word_1_162' title='bbox 833 1768 934 1826; x_wconf 86' lang='lat' dir='ltr'><strong>regern</strong></span> <span class='ocrx_word' id='word_1_163' title='bbox 949 1750 1075 1827; x_wconf 85' lang='lat' dir='ltr'><strong>lugeret,</strong></span> <span class='ocrx_word' id='word_1_164' title='bbox 1091 1751 1165 1813; x_wconf 91' lang='lat' dir='ltr'><strong>Ara-</strong></span> 
     </span>
     <span class='ocr_line' id='line_1_21' title="bbox 164 1830 1165 1910; baseline 0.006 -20"><span class='ocrx_word' id='word_1_165' title='bbox 164 1832 231 1890; x_wconf 91' lang='lat' dir='ltr'><strong>bico</strong></span> <span class='ocrx_word' id='word_1_166' title='bbox 247 1832 309 1889; x_wconf 91' lang='lat' dir='ltr'><strong>sinu</strong></span> <span class='ocrx_word' id='word_1_167' title='bbox 332 1850 483 1909; x_wconf 86' lang='lat' dir='ltr'><strong>egressum</strong></span> <span class='ocrx_word' id='word_1_168' title='bbox 503 1830 591 1892; x_wconf 84' lang='lat' dir='ltr'><strong>Gadis</strong></span> <span class='ocrx_word' id='word_1_169' title='bbox 614 1849 707 1909; x_wconf 84' lang='lat' dir='ltr'><strong>usque</strong></span> <span class='ocrx_word' id='word_1_170' title='bbox 725 1840 910 1909; x_wconf 81' lang='lat' dir='ltr'><strong>pervectum,</strong></span> <span class='ocrx_word' id='word_1_171' title='bbox 934 1834 1081 1910; x_wconf 87' lang='lat' dir='ltr'><strong>multoque</strong></span> <span class='ocrx_word' id='word_1_172' title='bbox 1097 1846 1165 1896; x_wconf 89' lang='lat' dir='ltr'><strong>ante</strong></span> 
     </span>
     <span class='ocr_line' id='line_1_22' title="bbox 164 1910 1202 1996; baseline 0.009 -25"><span class='ocrx_word' id='word_1_173' title='bbox 164 1931 228 1972; x_wconf 91' lang='lat' dir='ltr'><strong>eum</strong></span> <span class='ocrx_word' id='word_1_174' title='bbox 245 1910 363 1973; x_wconf 83' lang='lat' dir='ltr'><strong>Caelius</strong></span> <span class='ocrx_word' id='word_1_175' title='bbox 378 1914 530 1992; x_wconf 89' lang='lat' dir='ltr'><strong>Antipater</strong></span> <span class='ocrx_word' id='word_1_176' title='bbox 544 1915 653 1975; x_wconf 89' lang='lat' dir='ltr'><strong>vidisse</strong></span> <span class='ocrx_word' id='word_1_177' title='bbox 669 1932 702 1972; x_wconf 94' lang='lat' dir='ltr'><strong>se</strong></span> <span class='ocrx_word' id='word_1_178' title='bbox 720 1915 768 1990; x_wconf 86' lang='lat' dir='ltr'><strong>qui</strong></span> <span class='ocrx_word' id='word_1_179' title='bbox 790 1916 957 1992; x_wconf 88' lang='lat' dir='ltr'><strong>navigasset</strong></span> <span class='ocrx_word' id='word_1_180' title='bbox 973 1935 1011 1975; x_wconf 83' lang='lat' dir='ltr'><strong>ex</strong></span> <span class='ocrx_word' id='word_1_181' title='bbox 1025 1917 1165 1996; x_wconf 86' lang='lat' dir='ltr'><strong>Hispania</strong></span> <span class='ocrx_word' id='word_1_182' title='bbox 1175 1942 1202 1981; x_wconf 81' lang='lat' dir='ltr'><strong>ac</strong></span> 
     </span>
    </p>

    <p class='ocr_par' dir='ltr' id='par_1_7' title="bbox 120 1994 1264 2806">
     <span class='ocr_line' id='line_1_23' title="bbox 120 1994 1166 2077; baseline 0.004 -20"><span class='ocrx_word' id='word_1_183' title='bbox 120 2004 173 2059; x_wconf 79' lang='lat'><strong>170</strong></span> <span class='ocrx_word' id='word_1_184' title='bbox 183 1997 212 2053; x_wconf 90' lang='lat' dir='ltr'><strong>in</strong></span> <span class='ocrx_word' id='word_1_185' title='bbox 228 1994 414 2075; x_wconf 88' lang='lat' dir='ltr'><strong>Aethiopiam</strong></span> <span class='ocrx_word' id='word_1_186' title='bbox 430 1998 575 2057; x_wconf 87' lang='lat' dir='ltr'><strong>conmerei</strong></span> <span class='ocrx_word' id='word_1_187' title='bbox 592 1999 693 2073; x_wconf 85' lang='lat' dir='ltr'><strong>gratia.</strong></span> <span class='ocrx_word' id='word_1_188' title='bbox 726 1997 806 2060; x_wconf 92' lang='lat' dir='ltr'><strong>Idem</strong></span> <span class='ocrx_word' id='word_1_189' title='bbox 821 1994 922 2075; x_wconf 87' lang='lat' dir='ltr'><strong>Nepos</strong></span> <span class='ocrx_word' id='word_1_190' title='bbox 939 1999 977 2058; x_wconf 90' lang='lat' dir='ltr'><strong>de</strong></span> <span class='ocrx_word' id='word_1_191' title='bbox 992 2004 1166 2077; x_wconf 90' lang='lat' dir='ltr'><strong>septentrio·</strong></span> 
     </span>
     <span class='ocr_line' id='line_1_24' title="bbox 161 2077 1264 2153; baseline 0.008 -17"><span class='ocrx_word' id='word_1_192' title='bbox 161 2077 360 2140; x_wconf 80' lang='lat' dir='ltr'><strong>nalioirouitu</strong></span> <span class='ocrx_word' id='word_1_193' title='bbox 381 2080 465 2141; x_wconf 88' lang='lat' dir='ltr'><strong>tradit</strong></span> <span class='ocrx_word' id='word_1_194' title='bbox 482 2078 586 2153; x_wconf 82' lang='lat' dir='ltr'><strong>Quinto</strong></span> <span class='ocrx_word' id='word_1_195' title='bbox 603 2079 722 2140; x_wconf 86' lang='lat' dir='ltr'><strong>Metello</strong></span> <span class='ocrx_word' id='word_1_196' title='bbox 740 2078 837 2142; x_wconf 82' lang='lat' dir='ltr'><strong>Celeri</strong></span> <span class='ocrx_word' id='word_1_197' title='bbox 853 2080 884 2139; x_wconf 88' lang='lat' dir='ltr'><strong>h.</strong></span> <span class='ocrx_word' id='word_1_198' title='bbox 900 2081 1002 2142; x_wconf 85' lang='lat' dir='ltr'><strong>Afrani</strong></span> <span class='ocrx_word' id='word_1_199' title='bbox 1017 2084 1045 2141; x_wconf 89' lang='lat' dir='ltr'><strong>in</strong></span> <span class='ocrx_word' id='word_1_200' title='bbox 1062 2101 1185 2145; x_wconf 55' lang='lat' dir='ltr'><strong>consu-1</strong></span> <span class='ocrx_word' id='word_1_201' title='bbox 1263 2091 1264 2114; x_wconf 67' lang='lat'>³</span> 
     </span>
     <span class='ocr_line' id='line_1_25' title="bbox 161 2145 1264 2256; baseline 0.009 -37"><span class='ocrx_word' id='word_1_202' title='bbox 161 2160 220 2219; x_wconf 90' lang='lat' dir='ltr'><strong>latu</strong></span> <span class='ocrx_word' id='word_1_203' title='bbox 240 2160 389 2238; x_wconf 84' lang='lat' dir='ltr'><strong>collegae,</strong></span> <span class='ocrx_word' id='word_1_204' title='bbox 406 2162 459 2223; x_wconf 89' lang='lat' dir='ltr'><strong>sed</strong></span> <span class='ocrx_word' id='word_1_205' title='bbox 475 2172 532 2222; x_wconf 89' lang='lat' dir='ltr'><strong>tun</strong></span> <span class='ocrx_word' id='word_1_206' title='bbox 548 2162 659 2224; x_wconf 86' lang='lat' dir='ltr'><strong>Galliae</strong></span> <span class='ocrx_word' id='word_1_207' title='bbox 673 2164 851 2240; x_wconf 89' lang='lat' dir='ltr'><strong>proconsuli,</strong></span> <span class='ocrx_word' id='word_1_208' title='bbox 867 2164 954 2225; x_wconf 91' lang='lat' dir='ltr'><strong>lndos</strong></span> <span class='ocrx_word' id='word_1_209' title='bbox 971 2183 988 2225; x_wconf 93' lang='lat' dir='ltr'><strong>a</strong></span> <span class='ocrx_word' id='word_1_210' title='bbox 1003 2184 1076 2241; x_wconf 91' lang='lat' dir='ltr'><strong>rege</strong></span> <span class='ocrx_word' id='word_1_211' title='bbox 1092 2169 1166 2228; x_wconf 89' lang='lat' dir='ltr'><strong>Sue·</strong></span> <span class='ocrx_word' id='word_1_212' title='bbox 1261 2145 1264 2256; x_wconf 43' lang='lat' dir='ltr'>t</span> 
     </span>
     <span class='ocr_line' id='line_1_26' title="bbox 160 2241 1166 2325; baseline 0.012 -26"><span class='ocrx_word' id='word_1_213' title='bbox 160 2258 263 2300; x_wconf 91' lang='lat' dir='ltr'><strong>vorum</strong></span> <span class='ocrx_word' id='word_1_214' title='bbox 279 2241 358 2303; x_wconf 95' lang='lat' dir='ltr'><strong>dono</strong></span> <span class='ocrx_word' id='word_1_215' title='bbox 376 2247 474 2320; x_wconf 89' lang='lat' dir='ltr'><strong>datos,</strong></span> <span class='ocrx_word' id='word_1_216' title='bbox 500 2247 547 2323; x_wconf 87' lang='lat' dir='ltr'><strong>qui</strong></span> <span class='ocrx_word' id='word_1_217' title='bbox 570 2264 608 2306; x_wconf 84' lang='lat' dir='ltr'><strong>ex</strong></span> <span class='ocrx_word' id='word_1_218' title='bbox 628 2246 708 2306; x_wconf 90' lang='lat' dir='ltr'><strong>ludia</strong></span> <span class='ocrx_word' id='word_1_219' title='bbox 725 2248 872 2305; x_wconf 88' lang='lat' dir='ltr'><strong>conmerci</strong></span> <span class='ocrx_word' id='word_1_220' title='bbox 890 2266 978 2308; x_wconf 87' lang='lat' dir='ltr'><strong>causa</strong></span> <span class='ocrx_word' id='word_1_221' title='bbox 994 2250 1166 2325; x_wconf 88' lang='lat' dir='ltr'><strong>navigantes</strong></span> 
     </span>
     <span class='ocr_line' id='line_1_27' title="bbox 160 2327 1201 2406; baseline 0.012 -26"><span class='ocrx_word' id='word_1_222' title='bbox 160 2327 384 2398; x_wconf 88' lang='lat' dir='ltr'><strong>tempestatibus</strong></span> <span class='ocrx_word' id='word_1_223' title='bbox 408 2338 506 2386; x_wconf 91' lang='lat' dir='ltr'><strong>essent</strong></span> <span class='ocrx_word' id='word_1_224' title='bbox 528 2330 556 2386; x_wconf 90' lang='lat' dir='ltr'><strong>in</strong></span> <span class='ocrx_word' id='word_1_225' title='bbox 572 2327 751 2389; x_wconf 83' lang='lat' dir='ltr'><strong>Germaniam</strong></span> <span class='ocrx_word' id='word_1_226' title='bbox 771 2329 894 2406; x_wconf 90' lang='lat' dir='ltr'><strong>abrepti.</strong></span> <span class='ocrx_word' id='word_1_227' title='bbox 926 2331 975 2389; x_wconf 89' lang='lat' dir='ltr'><strong>Sic</strong></span> <span class='ocrx_word' id='word_1_228' title='bbox 998 2333 1087 2391; x_wconf 86' lang='lat' dir='ltr'><strong>maria</strong></span> <span class='ocrx_word' id='word_1_229' title='bbox 1109 2334 1201 2392; x_wconf 80' lang='lat' dir='ltr'><strong>cir-as</strong></span> 
     </span>
     <span class='ocr_line' id='line_1_28' title="bbox 162 2404 1167 2486; baseline 0.013 -25"><span class='ocrx_word' id='word_1_230' title='bbox 162 2404 293 2463; x_wconf 84' lang='lat' dir='ltr'><strong>cumfuse</strong></span> <span class='ocrx_word' id='word_1_231' title='bbox 309 2408 434 2485; x_wconf 88' lang='lat' dir='ltr'><strong>undique</strong></span> <span class='ocrx_word' id='word_1_232' title='bbox 456 2408 571 2481; x_wconf 91' lang='lat' dir='ltr'><strong>dividuo</strong></span> <span class='ocrx_word' id='word_1_233' title='bbox 596 2410 687 2485; x_wconf 93' lang='lat' dir='ltr'><strong>globo</strong></span> <span class='ocrx_word' id='word_1_234' title='bbox 704 2419 815 2486; x_wconf 89' lang='lat' dir='ltr'><strong>partem</strong></span> <span class='ocrx_word' id='word_1_235' title='bbox 837 2411 917 2470; x_wconf 94' lang='lat' dir='ltr'><strong>orbis</strong></span> <span class='ocrx_word' id='word_1_236' title='bbox 931 2412 1063 2473; x_wconf 82' lang='lat' dir='ltr'><strong>auferunt</strong></span> <span class='ocrx_word' id='word_1_237' title='bbox 1079 2414 1167 2475; x_wconf 87' lang='lat' dir='ltr'><strong>nobis</strong></span> 
     </span>
     <span class='ocr_line' id='line_1_29' title="bbox 160 2485 1165 2575; baseline 0.017 -34"><span class='ocrx_word' id='word_1_238' title='bbox 160 2502 217 2543; x_wconf 90' lang='lat' dir='ltr'><strong>nec</strong></span> <span class='ocrx_word' id='word_1_239' title='bbox 233 2485 301 2544; x_wconf 89' lang='lat' dir='ltr'><strong>inde</strong></span> <span class='ocrx_word' id='word_1_240' title='bbox 320 2487 377 2548; x_wconf 90' lang='lat' dir='ltr'><strong>huc</strong></span> <span class='ocrx_word' id='word_1_241' title='bbox 393 2506 449 2549; x_wconf 89' lang='lat' dir='ltr'><strong>neo</strong></span> <span class='ocrx_word' id='word_1_242' title='bbox 465 2488 531 2551; x_wconf 91' lang='lat' dir='ltr'><strong>hinc</strong></span> <span class='ocrx_word' id='word_1_243' title='bbox 548 2492 598 2551; x_wconf 94' lang='lat' dir='ltr'><strong>illo</strong></span> <span class='ocrx_word' id='word_1_244' title='bbox 615 2492 716 2569; x_wconf 89' lang='lat' dir='ltr'><strong>pervio</strong></span> <span class='ocrx_word' id='word_1_245' title='bbox 728 2499 830 2551; x_wconf 89' lang='lat' dir='ltr'><strong>tractu.</strong></span> <span class='ocrx_word' id='word_1_246' title='bbox 858 2490 939 2565; x_wconf 84' lang='lat' dir='ltr'><strong>Quae</strong></span> <span class='ocrx_word' id='word_1_247' title='bbox 956 2498 1165 2575; x_wconf 88' lang='lat' dir='ltr'><strong>contemplatio</strong></span> 
     </span>
     <span class='ocr_line' id='line_1_30' title="bbox 161 2566 1165 2650; baseline 0.017 -27"><span class='ocrx_word' id='word_1_248' title='bbox 161 2576 228 2642; x_wconf 90' lang='lat' dir='ltr'><strong>apta</strong></span> <span class='ocrx_word' id='word_1_249' title='bbox 244 2566 430 2645; x_wconf 86' lang='lat' dir='ltr'><strong>detegendae</strong></span> <span class='ocrx_word' id='word_1_250' title='bbox 445 2575 604 2634; x_wconf 87' lang='lat' dir='ltr'><strong>mortalium</strong></span> <span class='ocrx_word' id='word_1_251' title='bbox 621 2574 737 2633; x_wconf 84' lang='lat' dir='ltr'><strong>vanitati</strong></span> <span class='ocrx_word' id='word_1_252' title='bbox 756 2590 884 2650; x_wconf 86' lang='lat' dir='ltr'><strong>poscere</strong></span> <span class='ocrx_word' id='word_1_253' title='bbox 898 2577 1012 2636; x_wconf 90' lang='lat' dir='ltr'><strong>videtur</strong></span> <span class='ocrx_word' id='word_1_254' title='bbox 1027 2588 1056 2639; x_wconf 92' lang='lat' dir='ltr'><strong>ut</strong></span> <span class='ocrx_word' id='word_1_255' title='bbox 1074 2589 1165 2639; x_wconf 92' lang='lat' dir='ltr'><strong>totum</strong></span> 
     </span>
     <span class='ocr_line' id='line_1_31' title="bbox 161 2647 1165 2734; baseline 0.019 -30"><span class='ocrx_word' id='word_1_256' title='bbox 161 2647 219 2705; x_wconf 91' lang='lat' dir='ltr'><strong>hoc</strong></span> <span class='ocrx_word' id='word_1_257' title='bbox 236 2650 376 2727; x_wconf 87' lang='lat' dir='ltr'><strong>quidquid</strong></span> <span class='ocrx_word' id='word_1_258' title='bbox 392 2665 437 2714; x_wconf 89' lang='lat' dir='ltr'><strong>est</strong></span> <span class='ocrx_word' id='word_1_259' title='bbox 451 2658 480 2714; x_wconf 91' lang='lat' dir='ltr'><strong>in</strong></span> <span class='ocrx_word' id='word_1_260' title='bbox 495 2674 552 2734; x_wconf 86' lang='lat' dir='ltr'><strong>quo</strong></span> <span class='ocrx_word' id='word_1_261' title='bbox 568 2656 689 2733; x_wconf 90' lang='lat' dir='ltr'><strong>singulis</strong></span> <span class='ocrx_word' id='word_1_262' title='bbox 703 2656 772 2715; x_wconf 94' lang='lat' dir='ltr'><strong>nihil</strong></span> <span class='ocrx_word' id='word_1_263' title='bbox 787 2658 857 2716; x_wconf 89' lang='lat' dir='ltr'><strong>satis</strong></span> <span class='ocrx_word' id='word_1_264' title='bbox 872 2668 917 2718; x_wconf 90' lang='lat' dir='ltr'><strong>est</strong></span> <span class='ocrx_word' id='word_1_265' title='bbox 932 2678 987 2719; x_wconf 89' lang='lat' dir='ltr'><strong>ceu</strong></span> <span class='ocrx_word' id='word_1_266' title='bbox 1002 2661 1165 2723; x_wconf 88' lang='lat' dir='ltr'><strong>subiectum</strong></span> 
     </span>
     <span class='ocr_line' id='line_1_32' title="bbox 162 2728 1199 2806; baseline 0.018 -21"><span class='ocrx_word' id='word_1_267' title='bbox 162 2728 255 2787; x_wconf 88' lang='lat' dir='ltr'><strong>oculis</strong></span> <span class='ocrx_word' id='word_1_268' title='bbox 272 2744 408 2806; x_wconf 84' lang='lat' dir='ltr'><strong>quantum</strong></span> <span class='ocrx_word' id='word_1_269' title='bbox 424 2739 460 2797; x_wconf 90' lang='lat' dir='ltr'><strong>sit</strong></span> <span class='ocrx_word' id='word_1_270' title='bbox 475 2740 633 2799; x_wconf 88' lang='lat' dir='ltr'><strong>ostendam.</strong></span> <span class='ocrx_word' id='word_1_271' title='bbox 1174 2762 1199 2804; x_wconf 83' lang='lat' dir='ltr'><strong>cc</strong></span> 
     </span>
    </p>

    <p class='ocr_par' dir='ltr' id='par_1_8' title="bbox 116 2810 1165 2902">
     <span class='ocr_line' id='line_1_33' title="bbox 116 2810 1165 2902; baseline 0.014 -27"><span class='ocrx_word' id='word_1_272' title='bbox 116 2816 170 2872; x_wconf 87' lang='grc'><strong>171</strong></span> <span class='ocrx_word' id='word_1_273' title='bbox 236 2810 287 2871; x_wconf 75' lang='grc'><strong>68.</strong></span> <span class='ocrx_word' id='word_1_274' title='bbox 306 2816 390 2896; x_wconf 85' lang='grc'>(68.)</span> <span class='ocrx_word' id='word_1_275' title='bbox 409 2818 468 2879; x_wconf 90' lang='lat' dir='ltr'><strong>lam</strong></span> <span class='ocrx_word' id='word_1_276' title='bbox 484 2824 603 2899; x_wconf 92' lang='lat' dir='ltr'><strong>primum</strong></span> <span class='ocrx_word' id='word_1_277' title='bbox 618 2824 647 2882; x_wconf 93' lang='lat' dir='ltr'><strong>in</strong></span> <span class='ocrx_word' id='word_1_278' title='bbox 662 2822 778 2882; x_wconf 90' lang='lat' dir='ltr'><strong>dimidio</strong></span> <span class='ocrx_word' id='word_1_279' title='bbox 790 2825 939 2902; x_wconf 90' lang='lat' dir='ltr'><strong>conputari</strong></span> <span class='ocrx_word' id='word_1_280' title='bbox 953 2826 1078 2902; x_wconf 90' lang='lat' dir='ltr'><strong>videtur,</strong></span> <span class='ocrx_word' id='word_1_281' title='bbox 1094 2836 1165 2889; x_wconf 89' lang='lat' dir='ltr'><strong>tam-</strong></span> 
     </span>
    </p>

    <p class='ocr_par' dir='ltr' id='par_1_9' title="bbox 131 2897 1197 3230">
     <span class='ocr_line' id='line_1_34' title="bbox 131 2897 1165 2987; baseline 0.019 -35"><span class='ocrx_word' id='word_1_282' title='bbox 131 2937 135 2943; x_wconf 83' lang='lat'>.</span> <span class='ocrx_word' id='word_1_283' title='bbox 162 2906 245 2987; x_wconf 79' lang='lat' dir='ltr'><strong>quam</strong></span> <span class='ocrx_word' id='word_1_284' title='bbox 260 2897 448 2977; x_wconf 89' lang='lat' dir='ltr'><strong>nulla-portio</strong></span> <span class='ocrx_word' id='word_1_285' title='bbox 464 2905 520 2982; x_wconf 91' lang='lat' dir='ltr'><strong>ipsi</strong></span> <span class='ocrx_word' id='word_1_286' title='bbox 533 2906 682 2966; x_wconf 88' lang='lat' dir='ltr'><strong>decidatur</strong></span> <span class='ocrx_word' id='word_1_287' title='bbox 694 2923 816 2980; x_wconf 89' lang='lat' dir='ltr'><strong>oceano,</strong></span> <span class='ocrx_word' id='word_1_288' title='bbox 834 2908 882 2983; x_wconf 90' lang='lat' dir='ltr'><strong>qui</strong></span> <span class='ocrx_word' id='word_1_289' title='bbox 896 2915 957 2966; x_wconf 92' lang='lat' dir='ltr'><strong>toto</strong></span> <span class='ocrx_word' id='word_1_290' title='bbox 971 2910 1165 2971; x_wconf 86' lang='lat' dir='ltr'><strong>circumdatus</strong></span> 
     </span>
     <span class='ocr_line' id='line_1_35' title="bbox 160 2971 1164 3071; baseline 0.025 -43"><span class='ocrx_word' id='word_1_291' title='bbox 160 2971 261 3065; x_wconf 79' lang='lat' dir='ltr'><strong>medio</strong></span> <span class='ocrx_word' id='word_1_292' title='bbox 275 2986 305 3034; x_wconf 90' lang='lat' dir='ltr'><strong>et</strong></span> <span class='ocrx_word' id='word_1_293' title='bbox 323 2985 415 3043; x_wconf 92' lang='lat' dir='ltr'><strong>omnis</strong></span> <span class='ocrx_word' id='word_1_294' title='bbox 434 2996 548 3047; x_wconf 88' lang='lat' dir='ltr'><strong>ceteras</strong></span> <span class='ocrx_word' id='word_1_295' title='bbox 566 2989 688 3047; x_wconf 90' lang='lat' dir='ltr'><strong>lundens</strong></span> <span class='ocrx_word' id='word_1_296' title='bbox 710 2990 914 3065; x_wconf 88' lang='lat' dir='ltr'><strong>recipiensque</strong></span> <span class='ocrx_word' id='word_1_297' title='bbox 929 3007 1019 3066; x_wconf 86' lang='lat' dir='ltr'><strong>aquas</strong></span> <span class='ocrx_word' id='word_1_298' title='bbox 1037 3000 1067 3051; x_wconf 88' lang='lat' dir='ltr'><strong>et</strong></span> <span class='ocrx_word' id='word_1_299' title='bbox 1083 2994 1164 3071; x_wconf 81' lang='lat' dir='ltr'><strong>quid-</strong></span> 
     </span>
     <span class='ocr_line' id='line_1_36' title="bbox 162 3051 1164 3148; baseline 0.029 -42"><span class='ocrx_word' id='word_1_300' title='bbox 162 3051 229 3126; x_wconf 80' lang='lat' dir='ltr'><strong>quid</strong></span> <span class='ocrx_word' id='word_1_301' title='bbox 251 3058 312 3115; x_wconf 89' lang='lat' dir='ltr'><strong>exit</strong></span> <span class='ocrx_word' id='word_1_302' title='bbox 328 3062 357 3118; x_wconf 92' lang='lat' dir='ltr'><strong>iu</strong></span> <span class='ocrx_word' id='word_1_303' title='bbox 373 3066 476 3143; x_wconf 92' lang='lat' dir='ltr'><strong>nubis,</strong></span> <span class='ocrx_word' id='word_1_304' title='bbox 500 3084 535 3129; x_wconf 84' lang='lat' dir='ltr'><strong>ac</strong></span> <span class='ocrx_word' id='word_1_305' title='bbox 551 3072 645 3129; x_wconf 88' lang='lat' dir='ltr'><strong>sidera</strong></span> <span class='ocrx_word' id='word_1_306' title='bbox 662 3072 725 3147; x_wconf 89' lang='lat' dir='ltr'><strong>ipsa</strong></span> <span class='ocrx_word' id='word_1_307' title='bbox 746 3080 789 3129; x_wconf 91' lang='lat' dir='ltr'><strong>tot</strong></span> <span class='ocrx_word' id='word_1_308' title='bbox 803 3079 833 3128; x_wconf 89' lang='lat' dir='ltr'><strong>et</strong></span> <span class='ocrx_word' id='word_1_309' title='bbox 847 3079 942 3130; x_wconf 88' lang='lat' dir='ltr'><strong>tantae</strong></span> <span class='ocrx_word' id='word_1_310' title='bbox 960 3075 1164 3148; x_wconf 89' lang='lat' dir='ltr'><strong>magnitudinis</strong></span> 
     </span>
     <span class='ocr_line' id='line_1_37' title="bbox 161 3146 1197 3230; baseline 0.028 -43"><span class='ocrx_word' id='word_1_311' title='bbox 161 3146 300 3209; x_wconf 90' lang='lat' dir='ltr'><strong>pascens,</strong></span> <span class='ocrx_word' id='word_1_312' title='bbox 315 3156 373 3215; x_wconf 92' lang='lat' dir='ltr'><strong>quo</strong></span> <span class='ocrx_word' id='word_1_313' title='bbox 385 3150 500 3209; x_wconf 85' lang='lat' dir='ltr'><strong>tandem</strong></span> <span class='ocrx_word' id='word_1_314' title='bbox 508 3153 800 3230; x_wconf 87' lang='lat' dir='ltr'><strong>amplitudinisspatio</strong></span> <span class='ocrx_word' id='word_1_315' title='bbox 809 3152 944 3212; x_wconf 90' lang='lat' dir='ltr'><strong>credetur</strong></span> <span class='ocrx_word' id='word_1_316' title='bbox 955 3154 1107 3216; x_wconf 85' lang='lat' dir='ltr'><strong>habitare?</strong></span> <span class='ocrx_word' id='word_1_317' title='bbox 1119 3159 1162 3219; x_wconf 95' lang='lat' dir='ltr'><strong>ln·</strong></span> <span class='ocrx_word' id='word_1_318' title='bbox 1172 3177 1197 3217; x_wconf 82' lang='lat' dir='ltr'><strong>au</strong></span> 
     </span>
    </p>

    <p class='ocr_par' dir='ltr' id='par_1_10' title="bbox 115 3212 1181 3483">
     <span class='ocr_line' id='line_1_38' title="bbox 115 3212 1181 3313; baseline 0.025 -37"><span class='ocrx_word' id='word_1_319' title='bbox 115 3218 171 3276; x_wconf 76' lang='lat'><strong>172</strong></span> <span class='ocrx_word' id='word_1_320' title='bbox 180 3212 273 3288; x_wconf 89' lang='lat' dir='ltr'><strong>proba</strong></span> <span class='ocrx_word' id='word_1_321' title='bbox 284 3228 313 3276; x_wconf 92' lang='lat' dir='ltr'><strong>et</strong></span> <span class='ocrx_word' id='word_1_322' title='bbox 328 3222 436 3287; x_wconf 89' lang='lat' dir='ltr'><strong>inlinita</strong></span> <span class='ocrx_word' id='word_1_323' title='bbox 447 3231 537 3293; x_wconf 90' lang='lat' dir='ltr'><strong>debet</strong></span> <span class='ocrx_word' id='word_1_324' title='bbox 547 3243 679 3297; x_wconf 89' lang='lat' dir='ltr'><strong>essetam</strong></span> <span class='ocrx_word' id='word_1_325' title='bbox 689 3243 790 3294; x_wconf 87' lang='lat' dir='ltr'><strong>vastae</strong></span> <span class='ocrx_word' id='word_1_326' title='bbox 800 3236 885 3295; x_wconf 88' lang='lat' dir='ltr'><strong>molis</strong></span> <span class='ocrx_word' id='word_1_327' title='bbox 901 3238 1063 3313; x_wconf 87' lang='lat' dir='ltr'><strong>possessio.</strong></span> <span class='ocrx_word' id='word_1_328' title='bbox 1078 3239 1163 3302; x_wconf 87' lang='lat' dir='ltr'><strong>Adde</strong></span> <span class='ocrx_word' id='word_1_329' title='bbox 1178 3299 1181 3312; x_wconf 86' lang='grc'>,</span> 
     </span>
     <span class='ocr_line' id='line_1_39' title="bbox 162 3294 1162 3399; baseline 0.03 -47"><span class='ocrx_word' id='word_1_330' title='bbox 162 3294 239 3367; x_wconf 82' lang='lat' dir='ltr'><strong>quod</strong></span> <span class='ocrx_word' id='word_1_331' title='bbox 256 3314 295 3356; x_wconf 83' lang='lat' dir='ltr'><strong>ex</strong></span> <span class='ocrx_word' id='word_1_332' title='bbox 309 3304 416 3366; x_wconf 91' lang='lat' dir='ltr'><strong>relicto</strong></span> <span class='ocrx_word' id='word_1_333' title='bbox 433 3312 497 3387; x_wconf 89' lang='lat' dir='ltr'><strong>plus</strong></span> <span class='ocrx_word' id='word_1_334' title='bbox 512 3316 627 3376; x_wconf 90' lang='lat' dir='ltr'><strong>abstulit</strong></span> <span class='ocrx_word' id='word_1_335' title='bbox 644 3316 765 3375; x_wconf 89' lang='lat' dir='ltr'><strong>caelum.</strong></span> <span class='ocrx_word' id='word_1_336' title='bbox 781 3334 845 3377; x_wconf 89' lang='lat' dir='ltr'><strong>nam</strong></span> <span class='ocrx_word' id='word_1_337' title='bbox 861 3335 925 3376; x_wconf 85' lang='lat' dir='ltr'><strong>cum</strong></span> <span class='ocrx_word' id='word_1_338' title='bbox 936 3320 991 3376; x_wconf 91' lang='lat' dir='ltr'><strong>sint</strong></span> <span class='ocrx_word' id='word_1_339' title='bbox 1002 3321 1067 3379; x_wconf 89' lang='lat' dir='ltr'><strong>eius</strong></span> <span class='ocrx_word' id='word_1_340' title='bbox 1083 3325 1162 3399; x_wconf 87' lang='lat' dir='ltr'><strong>quin·</strong></span> 
     </span>
     <span class='ocr_line' id='line_1_40' title="bbox 162 3388 1162 3483; baseline 0.017 -32"><span class='ocrx_word' id='word_1_341' title='bbox 162 3390 218 3453; x_wconf 72' lang='lat'>‘1¹10</span> <span class='ocrx_word' id='word_1_342' title='bbox 230 3388 342 3461; x_wconf 71' lang='lat' dir='ltr'><strong>partes,</strong></span> <span class='ocrx_word' id='word_1_343' title='bbox 360 3404 432 3465; x_wconf 88' lang='lat' dir='ltr'><strong>quas</strong></span> <span class='ocrx_word' id='word_1_344' title='bbox 447 3408 551 3460; x_wconf 88' lang='lat' dir='ltr'><strong>vocant</strong></span> <span class='ocrx_word' id='word_1_345' title='bbox 562 3416 661 3475; x_wconf 85' lang='lat' dir='ltr'><strong>nonas,</strong></span> <span class='ocrx_word' id='word_1_346' title='bbox 678 3399 784 3458; x_wconf 88' lang='lat' dir='ltr'><strong>iuiesto</strong></span> <span class='ocrx_word' id='word_1_347' title='bbox 799 3400 896 3475; x_wconf 91' lang='lat' dir='ltr'><strong>rigore</strong></span> <span class='ocrx_word' id='word_1_348' title='bbox 912 3409 942 3459; x_wconf 89' lang='lat' dir='ltr'><strong>et</strong></span> <span class='ocrx_word' id='word_1_349' title='bbox 956 3409 1077 3463; x_wconf 89' lang='lat' dir='ltr'><strong>aeterno</strong></span> <span class='ocrx_word' id='word_1_350' title='bbox 1093 3409 1162 3483; x_wconf 90' lang='lat' dir='ltr'><strong>gelu</strong></span> 
     </span>
    </p>
   </div>
   <div class='ocr_carea' id='block_1_6' title="bbox 0 0 1276 3842">
    <p class='ocr_par' dir='ltr' id='par_1_11' title="bbox 0 0 1276 3842">
     <span class='ocr_line' id='line_1_41' title="bbox 0 0 1276 3842; baseline 0 1"><span class='ocrx_word' id='word_1_351' title='bbox 0 0 1276 3842; x_wconf 95' lang='lat' dir='ltr'><strong> </strong></span> 
     </span>
    </p>
   </div>
  </div>
 </body>
</html>
