2542 3842
184 175 250 259 ²94.
271 257 281 272 s
525 187 555 235 c.
571 189 667 236 aarum
681 154 837 236 sacuam*

181 342 256 403 item·
280 341 408 402 secundo
434 342 595 420 putaminis.
635 343 755 402 nucleus
791 341 937 402 dissimilis
967 342 1124 403 latitudine
1156 352 1190 404 et

138 427 297 489 manime
319 425 405 485 callo.
435 425 509 485 baec
524 424 617 486 arbor
638 443 674 485 au
692 425 780 486 fuerit
799 424 921 486 initalia
936 424 1054 485 Catonis
1077 436 1187 487 aetate

182 508 339 584 dubitatur,
371 510 503 587 quoniam
530 508 657 569 Graecas
687 511 813 568 nominat
846 526 917 587 quas
947 511 1061 588 qnidam
1088 519 1122 570 et
1151 514 1185 570 in
1230 526 1232 531 ·

181 591 362 670 iuglandium
378 610 488 668 genere
515 600 641 652 servant.
677 591 764 651 adicit
788 600 942 676 praeterea
968 593 1121 654 abellanas
1149 605 1185 654 et

181 675 298 753 galbas,
314 675 767 752 Praenestinas,¹qnasma1nmc
789 668 885 735 laudat
902 685 932 734 et
954 677 1084 736 conditas
1108 677 1204 737 olliss

181 763 310 818 interra
335 760 445 819 serrari
470 759 568 818 viridis
593 759 687 818 tradit.
723 776 817 818 nunc
823 758 947 818 Thasiae
968 767 999 818 et
1023 758 1223 820 Albenses-

182 841 364 904 oelebrantur
379 851 408 902 et
422 842 638 902 Tarentinarum
653 842 710 901 dno
725 859 849 918 genera,
865 842 961 919 fragili
977 844 1127 920 putamine
1142 861 1182 904 ac

182 928 271 1002 duro,
301 943 375 1004 quae
400 934 465 986 sunt
488 905 682 1003 amplissimae
703 944 738 985 ac
757 926 879 985 minume
899 927 1049 986 rotundae.
1087 943 1179 1006 prae

138 1019 171 1074 91
184 1019 264 1070 terea
277 1009 434 1070 molluscae
452 1003 585 1088 putamen
600 1019 775 1086 rumpentes.
804 1009 876 1068 Sunt
891 1011 939 1086 qni
954 1009 1058 1069 honori
1067 1027 1178 1072 nomen

180 1096 402 1172 interpretentur
422 1101 452 1152 et
468 1091 545 1151 lovis
566 1091 701 1170 glandem
721 1109 788 1152 esse
796 1081 920 1152 dicant
952 1111 1045 1170 nuper
1068 1111 1177 1152 consa·
1189 1113 1210 1151 ιι

181 1178 270 1238 larem
284 1177 374 1235 virum
389 1173 482 1235 audiri
495 1174 603 1236 biferas
619 1184 650 1234 et
663 1176 804 1252 iuglandis
819 1193 909 1236 nuces
925 1175 1034 1235 babere
1055 1195 1090 1235 se
1106 1193 1176 1255 pro·

181 1256 317 1321 fiteutem.
350 1259 385 1319 de
400 1259 527 1342 pistaciis
549 1260 607 1318 et
598 1275 663 1337 ipso
679 1278 781 1318 nucum
797 1277 907 1336 genere
926 1260 955 1317 in
969 1276 1023 1317 suo
1039 1257 1112 1319 loco
1128 1277 1175 1320 re·

139 1343 168 1384 ¹⁸·
142 1344 303 1417 ιιιιΙίιιιιιι.
340 1350 370 1402 ιι
384 1339 457 1402 haec
479 1351 572 1402 autem
591 1341 668 1401 idem
680 1342 844 1402 Vitellius
834 1361 863 1402 ιι
876 1340 984 1402 ltaliam
1001 1343 1113 1420 pmmns
1133 1344 1175 1402 in·

142 1383 243 1486 ⁸¹tulit
266 1423 370 1486 eodem
391 1433 536 1504 tempore,
556 1425 729 1523 simulque
719 1444 748 1485 m
766 1425 931 1504 Hispaniam
949 1423 1074 1486 Flaccus
1088 1425 1175 1488 Ροιι

180 1511 263 1589 psius
277 1526 368 1587 eques
384 1508 527 1569 Romanus
545 1509 592 1587 qui
608 1527 672 1568 cum
688 1526 725 1568 eo
739 1507 887 1568 militabat.
1185 1529 1207 1568 rs

136 1605 170 1658 ιι
245 1592 295 1654 23.
319 1593 402 1672 (25)
424 1591 522 1652 Nuces
536 1608 673 1655 vocamus
695 1601 724 1652 et
745 1600 911 1668 castaneas,
933 1608 1105 1671 quamquam
1121 1595 1176 1656 ad-

49 1707 52 1719 ·
180 1675 417 1738 commendatiores
437 1675 581 1752 glandium
599 1677 710 1752 generi.
744 1675 890 1735 Armatam
912 1675 965 1735 bis
973 1675 1106 1736 echinato
1124 1694 1173 1736 ca·

180 1762 245 1836 lyce
261 1759 381 1834 vallum,
404 1757 479 1835 quod
497 1758 658 1818 inchoatum
672 1757 842 1835 glandibus,
858 1759 1015 1836 miramque
1031 1758 1170 1820 vilissima

179 1861 247 1904 esse
265 1859 339 1920 quas
357 1849 434 1904 tanta
455 1841 646 1901 occultaverit
666 1858 734 1900 cura
754 1849 884 1902 naturae.
920 1843 985 1902 trini
1002 1842 1169 1920 quibusdam

177 1935 276 2005 partus
292 1943 329 1984 ex
344 1942 400 1984 uno
415 1923 534 1999 calpae,
556 1932 715 2002 cortexque
729 1924 839 2001 lentus,
861 1941 1001 2004 proxuma
1016 1942 1088 1985 vero
1103 1942 1171 1985 cor-
1159 1940 1207 1980 ·ιι

179 2027 242 2089 porr
235 2007 421 2069 membrana
432 2009 484 2067 et'
476 2025 503 2066 m
517 2007 562 2070 bis
577 2008 628 2067 et
619 2026 648 2066 ιιι
661 2007 780 2068 nucibus
793 2017 939 2088 saporem,
953 2026 982 2069 m
975 2008 1172 2085 detrabatur,

100 2093 102 2096 ’
178 2093 303 2154 infestat.
341 2088 454 2152 tolrcre
476 2091 563 2152 ιιι
554 2109 582 2150 ιι
608 2090 687 2151 cibis
710 2093 833 2169 gratius.
865 2091 1010 2151 moluntur
1035 2093 1175 2153 etiamst

136 2188 171 2242 93
180 2177 345 2256 praestant
337 2195 364 2235 ιι
375 2177 481 2236 ieiunio
495 2161 661 2236 feminarum
670 2175 809 2254 quandam
822 2175 972 2252 imaginem
984 2177 1075 2255 panis.
1101 2176 1174 2238 Sar-

86 2285 95 2307 *
177 2261 262 2322 dibus
280 2260 335 2323 hae
352 2276 515 2339 provenere
530 2259 661 2337 primum
690 2260 756 2319 ideo
776 2259 852 2337 apud
867 2258 997 2319 Graecos
1012 2260 1174 2320 Sardianos

179 2345 298 2405 balanos
318 2342 479 2420 appellant,
500 2359 564 2401 nam
578 2341 650 2401 Dios
671 2340 802 2402 balanum
819 2351 922 2420 postca
942 2343 1101 2420 inposuere
1121 2361 1174 2403 ex·
1181 2363 1206 2402 ιι

179 2425 396 2488 cellentioribns
413 2432 476 2484 satu
493 2424 588 2486 factis.
610 2443 686 2484 nunc
705 2424 788 2501 plura
804 2442 900 2486 earum
915 2442 1033 2502 genera.
1060 2424 1174 2486 'laren-

177 2513 254 2571 tinae
274 2507 390 2582 faciles,
414 2526 470 2568 nec
487 2523 633 2585 operosae
656 2507 740 2584 cibo,
760 2508 864 2585 planae
885 2509 986 2585 figura.
1019 2509 1174 2595 rotundior

135 2591 548 2754 ..tlit·‚¹‘lfl¹³.ti:lt
561 2584 1172 2750 t¹ttila¹fttaftuitiati

137 2760 261 2836 „,bilis,
283 2757 424 2819 laudatior
439 2755 602 2818 Corelliana
623 2766 707 2818 etex
724 2775 759 2817 ea
773 2757 849 2818 facta
864 2773 922 2836 quo
937 2758 1093 2818 dicemus
1083 2778 1113 2818 ιιι
1131 2762 1173 2819 in·
1161 2772 1208 2813 -ac

178 2844 239 2902 sitis
252 2842 337 2903 ruodo
352 2839 520 2917 Etereiana,
537 2859 621 2920 qnam
634 2841 742 2901 rubens
757 2850 859 2901 cortex
873 2842 1002 2920 praefert
1017 2843 1176 2919 triangulis

177 2935 207 2986 et
217 2925 443 3005 popularibus
415 2926 514 3002 nigris,
530 2943 604 3003 quae
616 2926 748 2984 coctivae
760 2934 907 2985 vocantur.
932 2925 1023 3004 patria
1033 2923 1175 2986 laudatis-

71 3002 73 3011 ‘
178 3012 254 3069 simis
264 3009 414 3069 Tarentum
426 3017 455 3068 et
465 3011 493 3066 in
504 3006 657 3086 Campania
665 3007 813 3086 Neapolis.
837 3017 954 3069 ceterae
966 3025 1046 3068 snum
1058 3008 1174 3087 pabulo

176 3095 343 3172 gignuntur,
371 3091 540 3170 scrupulosa
563 3093 680 3151 corticis
700 3091 917 3152 intra·nucleos
941 3108 1058 3169 quoque
1082 3096 1175 3154 rumi-

176 3178 301 3236 natione.
1182 3197 1208 3238 ss

135 3245 168 3320 95
242 3258 291 3318 24.
313 3255 395 3335 (26.)
423 3255 497 3316 llaut
517 3255 620 3333 procul
640 3255 746 3316 abesse
767 3257 917 3332 videantur
940 3265 970 3316 et
991 3258 1175 3334 praedulces

177 3340 312 3417 siliquae,
335 3341 390 3398 nisi
412 3340 531 3415 quadiu
547 3339 592 3396 his
612 3339 678 3414 ipse
699 3339 838 3398 manditur
864 3350 975 3400 cortex.
1011 3340 1175 3414 digitorum
1230 3361 1232 3367 ·

78 3505 84 3512 ἱ
163 3423 266 3480 ,omnis
282 3421 429 3497 longitudo
445 3420 518 3495 illis,
539 3429 569 3478 et
582 3421 694 3480 iuterim
709 3422 830 3497 falcata,
851 3423 983 3499 pollicari
1004 3422 1172 3487 latitudine.
