2542 3842
193 194 252 259 124
553 205 586 263 c.
603 208 700 284 aaran
718 206 870 256 saccum

189 364 219 425 in
233 360 408 422 Laminitano
424 378 496 438 agro
512 360 657 422 citerioris
672 358 828 440 Hispaniae
844 369 875 421 et
888 357 975 419 modo
994 359 1022 418 iu
1040 366 1141 436 stagna
1156 377 1191 420 se

191 447 313 506 fundens
333 446 419 507 modo
442 448 470 505 in
493 444 641 522 angustias
657 444 817 504 resorbens
833 453 881 504 aut
901 443 930 501 in
946 451 1035 502 totum
1051 444 1191 504 cuniculis

162 570 165 575 -
190 525 320 590 condens
344 537 374 588 et
400 530 517 607 saepius
540 528 621 588 nasci
644 528 776 605 gaudeus
798 529 827 587 iu
849 525 1023 586 Atlanticum
1049 542 1192 587 oceanum

190 612 352 672 effunditur.
385 611 615 672 Tarraconensis
637 620 733 670 autem
754 609 821 670 binc
836 609 930 669 adfixa
945 608 1097 684 Pyrenaeo
1115 617 1191 670 toto·

190 714 247 775 que
265 696 327 755 eius
343 694 435 755 latere
448 695 607 754 decurrens
624 702 654 753 et
668 693 751 753 simul
769 693 806 753 ad
819 691 958 764 Gallicum
974 709 1115 753 oceanum
1125 692 1217 753 Ibe-s

189 780 251 839 rico
269 778 371 838 amari
385 786 552 837 transversa
569 795 601 835 se
618 776 748 855 pandens
764 776 882 850 Solorio
897 785 994 837 moute
1013 784 1043 835 et
1057 773 1193 837 Oretanis

189 861 264 939 iugis
287 859 517 940 Carpetanisque
544 868 574 920 et
595 859 732 920 Asturum
754 876 772 919 a
795 858 915 919 Baetica
937 868 1024 937 atque
1048 857 1193 920 Lusitania

190 945 275 1006 distin
297 945 380 1003 uitur.

158 1032 176 1089 t
248 963 310 1104 (3g.)
327 1024 444 1087 Baetica
460 1042 476 1085 a
491 1024 607 1086 llumine
622 1043 688 1087 eam
714 1025 839 1086 mediam
854 1034 972 1085 secante
989 1026 1191 1102 cognominata

150 1162 155 1167 .
189 1117 308 1171 cunctas
325 1110 539 1187 provinciarum
553 1109 641 1169 divite
660 1108 738 1170 cultu
755 1119 785 1170 et
799 1111 924 1189 quodam
945 1109 1035 1169 fertili
1050 1128 1085 1170 ao
1101 1128 1189 1189 pecu·
1202 1134 1231 1175 so

189 1193 253 1254 liari
269 1193 363 1252 nitore
378 1186 538 1271 praecedit.
565 1191 683 1253 lurIdici
699 1201 859 1253 conventus
875 1194 904 1253 ci
918 1200 1061 1272 quattuor,
1079 1192 1192 1255 Gadita·

188 1294 241 1336 nus
258 1272 458 1335 cordubensis
478 1274 657 1336 Asticitanus
678 1275 870 1355 Hispalensis.
895 1275 1006 1354 oppida
1026 1277 1121 1336 omnia
1141 1293 1192 1335 uu·

189 1376 269 1419 mero
289 1355 426 1418 clxxv.
453 1360 482 1417 in
504 1360 540 1417 iis
561 1360 698 1420 coloniae
719 1358 816 1434 VIIII,
834 1360 988 1435 municipia
1002 1358 1088 1435 VIII,
1109 1355 1191 1419 Latio

190 1442 343 1518 antiquitus
361 1439 466 1500 donata
482 1438 630 1518 XXVIIII,
647 1441 783 1502 libertate
798 1440 854 1516 Vl,
871 1439 995 1500 foedere
1009 1440 1066 1516 111,
1083 1442 1191 1519 stIpen·

190 1523 277 1585 diaria
290 1520 378 1582 CXX.
408 1521 454 1581 Ex
469 1522 513 1582 his
526 1524 612 1601 digna
623 1532 781 1583 memoratu
794 1531 842 1583 aut
853 1522 954 1583 Latiali
965 1540 1101 1584 sermone
1114 1524 1192 1585 dictu
1204 1545 1232 1587 ss

188 1605 296 1681 facilia,
313 1624 330 1666 a
345 1605 459 1668 flumine
475 1604 550 1682 Aua,
567 1606 654 1666 litore
669 1606 783 1681 oceani,
801 1606 938 1683 oppidum
950 1603 1115 1682 Ossonoba,
1131 1606 1191 1666 Ae·

190 1690 297 1748 stuaria
312 1688 562 1765 cognominatum,
585 1688 785 1749 interfluentes
801 1688 891 1749 buxia
907 1697 938 1748 et
953 1687 1068 1765 Urium,
1084 1688 1193 1750 Hareni
1264 1721 1265 1726 κ

188 1780 318 1845 montes,
340 1770 438 1831 Baetis
453 1771 573 1849 fluvius,
587 1772 665 1833 litus
683 1770 817 1832 Goreuse
831 1772 940 1832 iudexo
956 1773 1036 1849 sinu,
1054 1774 1135 1833 cuius
1153 1792 1193 1833 ex

189 1853 315 1914 adverso
331 1852 418 1914 Gadis
433 1855 509 1913 inter
523 1854 630 1916 insulas
648 1855 802 1931 dicendae,
818 1857 1046 1933 promontorium
1062 1854 1190 1932 lunonis,

188 1944 290 2015 portus
305 1935 468 2014 Vaestpo,
485 1939 623 2015 oppidum
639 1938 742 2014 Baelo,
758 1937 901 2014 Hellaria,
917 1938 1022 1998 iretum
1037 1955 1075 1998 ex
1091 1938 1190 2001 Atiau·
1201 1956 1229 1997 ao

188 2019 356 2095 ricomeri,
379 2015 496 2079 carteia
517 2018 657 2081 Cartescs
679 2041 696 2084 a
720 2020 841 2084 Graecis
861 2023 954 2096 dicta,
980 2037 1063 2081 mous
1087 2019 1190 2101 Calpe.

160 2102 263 2163 8Deiu
278 2102 364 2162 litore
379 2104 492 2163 interno
509 2106 648 2185 oppidum
659 2106 821 2167 Barbesula
839 2123 903 2165 cum
919 2104 1026 2180 fluvio,
1045 2105 1113 2164 item
1128 2105 1191 2165 Sal·

190 2185 276 2262 duba,
294 2186 432 2265 oppidum
447 2186 528 2264 Suel,
544 2184 658 2250 Malaca
674 2208 738 2249 cum
753 2189 852 2264 fluvio,
868 2187 1097 2249 foederatorum.
1124 2187 1193 2248 dein
1263 2197 1264 2200 ’

187 2267 331 2332 Maenuba
345 2288 408 2329 cum
422 2270 521 2347 fluvio,
538 2272 609 2331 Sexi
626 2273 735 2333 firmum
750 2273 924 2350 cognomine
944 2270 1062 2346 lulium,
1081 2271 1191 2331 Selam-

189 2350 266 2425 bina,
281 2350 411 2427 Abdara,
427 2352 521 2429 Murgi
535 2353 675 2415 Baeticae
694 2356 767 2414 linis.
800 2355 887 2415 Oram
903 2372 967 2415 eam
981 2356 1009 2413 iu
1026 2356 1190 2413 uuiversum
1201 2376 1228 2416 as

189 2434 310 2509 originis
332 2433 494 2492 Poenorum
519 2436 702 2495 existumavit
723 2436 761 2495 II.
783 2438 927 2515 Agrippa.
953 2437 990 2496 ab
1012 2436 1075 2497 Ana
1096 2434 1193 2496 anieno

188 2514 335 2574 Atlantico
364 2532 476 2575 oceano
504 2516 631 2576 obversa
657 2516 838 2578 Bastulorum
859 2519 1106 2603 Turdulorumque
1135 2535 1195 2587 est.

109 2649 115 2657 .
187 2595 219 2656 ln
235 2598 398 2657 universam
413 2597 578 2677 Hispaniam
595 2598 634 2658 Μ.
651 2598 744 2660 Varro
763 2604 935 2679 pervenisse
953 2604 1056 2666 Iberos
1077 2617 1106 2667 et
1121 2607 1191 2667 Per·

188 2696 236 2738 sas
258 2687 287 2739 et
305 2679 468 2741 Phoenicas
492 2678 651 2761 (deitasque
678 2691 706 2743 et
727 2683 843 2745 Poenos
869 2687 975 2748 traditss-
998 2689 1089 2750 lusum
1115 2692 1191 2750 enim

187 2761 284 2821 biberi
302 2764 392 2840 patris
410 2772 457 2823 aut
474 2764 581 2840 lyssam
599 2784 663 2826 cum
679 2784 716 2827 eo
732 2767 932 2830 bacchanIIum
942 2788 1052 2840 momen
1069 2772 1188 2833 dedisse
1200 2792 1225 2833 ao

186 2842 366 2922 Lusitaniae,
391 2854 420 2906 ct
434 2846 511 2908 Pana
535 2849 716 2926 praelectum
739 2852 801 2912 eius
822 2856 984 2915 universae.
1012 2863 1040 2915 at
1060 2856 1189 2933 quaeda

187 2925 313 2988 Hercule
335 2947 369 2989 ac
385 2928 498 3005 Pyrene
517 2932 566 2991 vel
588 2932 711 2993 Saturno
733 2936 881 2996 traduntur
897 2936 1029 2999 fabulosa
1044 2940 1072 2997 iu
1088 2939 1189 3017 primis

160 3008 321 3077 barbitror.
353 3011 449 3073 Baetis
470 3015 498 3072 iu
514 3013 742 3075 Tarraconensis
762 3019 929 3095 provinciae
952 3037 1026 3095 uon,
1049 3030 1079 3080 ut
1099 3021 1188 3099 aliqui

189 3091 307 3166 dixere,
330 3092 452 3155 Mentisa
474 3098 584 3176 oppido
600 3099 654 3158 sed
670 3098 808 3176 Tugiensi
830 3103 966 3161 exoriens
992 3103 1067 3164 saltn
1091 3104 1187 3181 (iuxta

188 3192 273 3261 quem
289 3173 384 3235 Tader
398 3176 501 3239 durius
517 3180 566 3258 qui
582 3178 849 3257 Carthaginiensem
870 3202 969 3262 agrurn
991 3186 1082 3265 rigat)
1099 3185 1187 3246 Ilorci
1196 3208 1220 3251 as

186 3256 295 3332 reiugit
319 3258 464 3336 Scipionis
489 3279 607 3339 rogum,
637 3280 801 3342 versusque
825 3267 855 3325 in
883 3285 1019 3329 occasum
1045 3285 1187 3329 oceanum

187 3336 360 3399 Atlanticum
376 3343 552 3418 provinciam
572 3346 714 3422 adoptans
735 3348 824 3425 petit,
845 3350 975 3411 modicus
997 3353 1106 3429 primo,
1131 3351 1186 3411 sed

187 3421 338 3483 stultorum
352 3422 493 3485 iluminum
505 3444 599 3507 capax
610 3428 713 3508 quibus
724 3431 789 3510 ipse
806 3430 909 3494 famam
920 3451 1069 3515 aquasque
1079 3434 1184 3496 auiert.
