2542 3842
328 188 407 234 ssu.
425 186 515 234 uersu.
531 188 564 233 x.
582 133 702 236 tl-ct.
717 175 878 251 (til—73.)
1053 178 1113 237 145

115 340 314 401 intellecturus
329 341 364 398 sit
376 339 471 399 elitrru
483 339 647 417 conloquin,
660 353 793 417 quaeqae
804 335 840 397 de
852 355 906 400 uun
920 359 975 400 ave
988 342 1112 418 galeriat

116 426 247 504 privatim
269 432 479 501 conmemorat,
504 424 588 483 etiarn
610 424 672 482 sine
686 422 738 483 ltis
753 415 880 483 inmense
895 426 973 485 sitne
989 426 1111 504 ambage

115 510 193 569 circu
209 510 337 584 auguria.
360 504 545 565 Nomiuautur
559 508 594 566 nb
607 504 734 566 Homero
751 509 1154 586 scopes,-aviusngenua,138
1242 551 1246 569 .

115 610 208 670 neque
221 589 318 651 aarum
332 593 474 664 satyricos
490 600 595 665 motus,
611 608 675 651 eunt
692 591 870 664 insidientur,
890 591 1037 671 plerisque
1052 612 1111 653 me·

91 686 242 737 irroratos
259 674 345 734 facile
362 676 546 752 conceperim
560 684 672 749 mente,
689 692 785 752 neqce
803 677 884 753 ipsae
904 676 959 737 ianr
974 690 1044 735 aves
1060 695 1111 736 no-

116 769 242 819 scuctcr.
276 757 460 835 quamobrem
477 760 513 817 de
530 758 675 817 confessis
692 759 866 823 disseruisse
883 761 1067 837 praestiterit.

178 844 229 902 50.
247 842 332 919 (71.)
347 841 473 901 Gallinas
486 845 620 919 saginare
628 842 745 902 Deliaci
756 858 897 919 coepere,
909 843 984 901 uude
1002 847 1092 919 pectis
1102 855 1153 909 139

116 936 218 987 exorta
233 927 347 1003 opimas
360 926 421 984 aris
438 934 467 984 et
483 936 587 1003 suopte
606 938 732 1003 corpore
748 936 848 985 unctas
864 927 1030 986 devorandi.
1053 928 1112 989 lroc

115 1013 235 1088 primunt
255 1010 377 1085 nunquia
400 1024 535 1067 cenarum
562 1011 718 1069 interdictis
745 1020 898 1087 exceptum
919 1011 1034 1067 invenio
1055 1005 1121 1070 iam‘

82 1095 183 1171 relege
205 1091 237 1153 C.
261 1093 349 1152 Furni
368 1106 430 1158 coa.
452 1104 490 1151 xl
515 1093 595 1152 aunis
618 1102 684 1153 ante
704 1095 817 1152 lentim
838 1092 972 1151 Panicum
992 1093 1134 1170 hellam,-

115 1197 151 1237 rre
174 1179 240 1255 quid
261 1176 380 1235 volucre
401 1185 557 1253 poneretur
579 1186 697 1253 praeter
716 1192 798 1235 unam
812 1176 948 1252 gallinam
965 1194 1041 1253 quae
1055 1194 1112 1237 uon

116 1270 195 1321 esset
217 1259 318 1334 altilis,
340 1260 417 1337 quod
440 1260 545 1341 deinde
559 1268 643 1336 ceput
660 1260 825 1319 translatum
845 1276 899 1336 per
920 1262 1011 1319 omnis
1028 1261 1112 1337 leges

116 1345 279 1405 ambulavit.
309 1346 512 1419 inventumque
527 1342 735 1416 deverticulum
752 1351 797 1401 est
812 1345 839 1400 in
854 1342 984 1402 fraudem
998 1355 1153 1407 eurumllo

116 1428 295 1505 gallinaceos
318 1442 435 1505 quoquc
449 1426 587 1503 pascendi
612 1426 689 1485 laete
710 1425 829 1489 madidis
850 1426 931 1485 cibis.
963 1426 1052 1487 multo
1072 1430 1112 1489 ita

83 1530 107 1571 rc
118 1514 261 1589 gratiores
280 1509 486 1588 adprobantur.
523 1510 647 1569 laminae
658 1510 772 1587 quidem
786 1510 823 1569 ad
839 1511 966 1586 saginum
981 1528 1037 1569 nou
1050 1528 1109 1571 orn·

117 1596 345 1671 neseliguutur,
367 1610 422 1653 cce
436 1594 490 1651 uisi
512 1596 540 1653 in
556 1595 673 1653 cervice
696 1595 886 1671 pinguioris.
917 1602 1022 1671 postea
1040 1595 1110 1655 culi·

117 1696 214 1741 uarum
234 1686 322 1751 artes,
339 1686 369 1735 ut
386 1677 487 1738 claues
511 1686 693 1755 spectentur,
716 1686 747 1737 ut
762 1677 922 1737 dividantur
940 1681 968 1735 in
982 1686 1110 1754 tergora,

117 1772 146 1822 ut
161 1782 176 1821 a
193 1762 268 1841 pede
282 1777 338 1820 uuo
357 1760 490 1820 dilatatae
505 1763 678 1838 repositoria
694 1771 848 1839 occupent.
871 1760 988 1821 Dedere
1005 1762 1110 1823 etPar·

117 1847 156 1906 tlri
173 1848 251 1905 cocis
267 1862 337 1903 suos
352 1838 458 1903 mores.
485 1862 539 1903 nec
555 1851 650 1904 tamen
664 1846 692 1903 in
713 1841 770 1905 boe
785 1847 938 1920 mangonio
959 1847 1111 1923 quicquam

81 1939 205 1989 actutum
224 1928 332 2005 plapet,
351 1927 434 1986 clune
451 1928 518 1998 alibi
534 1938 655 2005 pectore
671 1938 777 1987 tuntum
794 1927 924 1987 laudatis.

67 2050 74 2071 ,
181 2011 264 2088 (72.)
286 2010 401 2069 Aviuria
423 2012 530 2086 primus
545 2012 665 2070 instituit
679 2012 799 2071 inclusit
817 2011 940 2068 omnium
954 2028 1090 2086 generum
1101 2022 1150 2075 141

117 2094 216 2154 avibus
238 2093 276 2151 lil.
290 2092 412 2151 laenius
428 2093 532 2151 Strabo
554 2092 686 2151 Brundisi
707 2094 852 2170 equestris
873 2093 991 2153 ordinis.
1020 2112 1057 2153 ex
1073 2110 1110 2153 eo

119 2178 268 2255 coepimus
283 2192 402 2235 carcere
414 2176 544 2235 acimalla
557 2192 698 2234 coercere
710 2175 813 2252 quibus
823 2191 919 2234 rerum
933 2184 1032 2235 natura
1045 2194 1110 2236 cae·
1225 2232 1233 2239 .

119 2262 175 2320 lum
191 2261 402 2334 adsignarent.
436 2258 486 2317 51.
503 2276 632 2318 maxume
649 2268 744 2319 tamen
757 2259 877 2335 insignis
892 2267 937 2317 cst
947 2261 975 2317 in
987 2259 1041 2319 hac
1053 2278 1112 2319 me·

82 2346 208 2403 cursoria
231 2340 315 2401 clodi
338 2342 449 2424 Aesopi
478 2343 580 2418 tragici
608 2342 754 2405 histrionis
776 2344 871 2420 patina
894 2340 941 2401 HS
966 2352 1111 2417 clarata,

118 2432 146 2487 in
161 2446 216 2504 quc
232 2427 404 2503 peculiaris
420 2435 502 2485 cantu
518 2426 615 2503 aliquo
631 2435 678 2485 act
694 2425 814 2485 humano
831 2426 1108 2501 sermone'vocalis,

118 2512 164 2570 tts
182 2513 216 2567 v‘t
238 2509 365 2584 singulus
392 2518 550 2587 coemptas,
574 2510 650 2570 nulla
666 2510 720 2568 alia
736 2510 867 2569 inductus
885 2511 1025 2569 suavitate
1041 2510 1153 2572 nisilil

118 2605 148 2653 ut
169 2597 196 2651 in
211 2593 255 2652 llis
276 2594 460 2653 irritationem
481 2594 601 2653 hominis
616 2594 778 2666 manderet,
794 2602 982 2668 nequeuntes
997 2590 1112 2671 quidem

118 2694 187 2735 suos
207 2677 350 2759 reveritus
370 2676 439 2737 illos
453 2679 565 2754 opimos
581 2686 610 2736 et
624 2692 699 2735 voce
718 2678 847 2749 meritos,
869 2675 972 2750 diguus
994 2691 1112 2753 prorsus

84 2780 109 2823 ac
121 2760 180 2819 lilio
195 2778 211 2819 a
228 2776 284 2837 quo
300 2760 453 2819 devoratas
469 2760 590 2818 diximus
604 2762 780 2835 margaritas.
818 2774 876 2817 non
892 2759 929 2817 sit
940 2767 1044 2831 tamen,
1060 2768 1154 2820 utem

117 2860 217 2901 verum
232 2842 333 2915 latear,
351 2842 437 2903 iacile
453 2844 527 2901 inter
541 2843 615 2901 duos
626 2843 756 2901 iudicium
767 2841 958 2918 turpitudinis,
971 2841 1024 2899 nisi
1036 2842 1112 2917 quod

117 2929 208 2987 miuus
224 2934 269 2985 eat
284 2942 406 2985 autumas
422 2942 517 2984 rerum
529 2935 647 2985 naturae
659 2942 733 3004 opes
747 2939 830 3002 quant
841 2924 984 2983 homiuum
1000 2923 1111 2999 linguas

119 3026 251 3071 cenasse.
284 3028 285 3033 ¹

9 3094 12 3103 “
182 3094 231 3153 52.
253 3092 336 3169 (73.)
361 3090 514 3154 Generatio
537 3094 629 3151 evium
653 3091 776 3169 simplex
803 3092 1014 3164 videturesse,
1032 3101 1153 3154 euertit

85 3187 151 3237 sset
174 3180 237 3254 ipsa
261 3175 365 3234 habeut
390 3192 441 3234 saa
463 3175 615 3248 miracula,
643 3177 775 3252 quoniam
798 3184 828 3233 ei
848 3175 1041 3253 quadripedes
1056 3191 1112 3233 ova

121 3261 249 3335 gignunt,
263 3258 509 3333 chamaeleontes,
520 3259 649 3317 lacertae
661 3267 774 3335 siquae
785 3257 905 3317 diximus
917 3260 992 3317 inter
1001 3257 1153 3336 cccc-{433

121 3344 195 3403 iilic.
211 3346 282 3405 dem
296 3350 456 3419 serpentes,
484 3344 661 3421 pinnatorum
676 3350 769 3401 autern
787 3341 937 3401 infecunda
956 3350 1022 3401 sunt
1038 3358 1112 3418 quae

121 3426 252 3501 aduncos
266 3424 370 3487 inient
387 3427 498 3503 umis.
527 3427 658 3487 cenchris
672 3425 737 3485 sola
753 3442 790 3485 ex
811 3425 856 3485 lris
871 3442 959 3503 supra
974 3432 1112 3502 quaterna

163 3530 230 3567 rurs.
247 3531 309 3568 unu.
323 3530 391 3569 urso.
408 3514 439 3568 II.
457 3515 461 3521 ’
915 3507 953 3568 10
