2542 3842
172 143 231 208 186
545 155 575 203 o.
591 154 686 202 rnrur
699 151 848 204 sucorum
936 181 941 188 -

169 309 248 370 tenui
268 322 319 367 eas
342 307 447 369 obduci
467 308 618 384 lanugine,
644 306 747 385 quibus
768 305 863 365 addita
877 311 939 364 arte
956 315 1045 382 posse
1061 302 1163 380 quales
1258 309 1259 382 l

171 390 345 465 ehomhvoe
367 392 457 451 vestis
480 391 592 451 oonlioi.
621 391 763 448 verticem
778 388 843 448 altis
862 388 947 447 etiam
963 394 1075 447 aestate
1090 403 1163 464 ope·
1258 385 1259 430 t

129 475 217 540 ltriri
238 472 361 533 nivibus.
391 474 520 534 decumis
540 492 573 533 se
595 489 633 533 eo
657 472 828 550 pervenisse
849 471 952 530 eastris
974 477 1004 529 et
1025 469 1101 529 ultra
1126 468 1164 529 ad

170 558 286 617 lluvium
300 557 348 633 qui
363 554 421 617 Ger
439 565 562 616 voretur
576 573 631 634 per
647 555 817 616 solitudines
832 554 906 630 nigri
920 552 1068 630 pulveris,
1093 551 1163 610 erni·

169 638 302 699 nentihus
323 640 463 701 interdum
485 639 566 698 velut
588 636 860 711 exustis-cautibus,
887 636 953 695 looa
968 633 1186 694 inhabitabiliaa
1259 630 1260 712 l

168 723 286 782 fervore
303 739 471 800 quamquam
493 721 614 781 hiberno
634 728 767 796 tempore
793 727 925 797 experto.
943 719 990 796 qui
1005 733 1164 795 proxumos

169 804 327 865 inhabitent
347 806 438 864 saltus
459 804 586 863 refertos
606 800 825 879 elephantorum
846 800 1030 879 ferarumque
1052 809 1081 859 et
1099 818 1162 860 ser·

169 888 297 967 pentium
311 888 386 945 omni
400 903 511 962 genere
526 883 667 945 canarios
681 883 838 960 appellari,
857 883 964 960 quippe
979 884 1085 942 vietum
1100 883 1163 944 eius

169 970 298 1030 animalis
321 971 496 1046 promiscum
522 967 567 1027 his
592 983 661 1026 esse
690 975 719 1025 et
744 964 858 1027 dividua
879 965 1006 1026 ferarum
1034 966 1162 1026 visoera.

129 1053 295 1117 ltlunetam
316 1051 491 1128 Aethiopum
516 1058 650 1126 gentem,
678 1065 751 1127 quos
774 1048 918 1110 Perorsos
941 1056 1063 1122 vocant,
1092 1050 1199 1111 satisro

170 1142 292 1196 onustat.
326 1132 396 1193 luha
416 1132 576 1194 Ptolemaei
595 1141 695 1210 pater,
716 1131 765 1207 qui
789 1133 895 1209 primus
917 1131 1032 1209 utrique
1048 1129 1162 1194 Maure·

169 1219 263 1279 tauiae
290 1217 479 1294 imperitavit,
512 1216 670 1277 studiorum
690 1213 822 1274 claritate
844 1213 1059 1273 memorabilior
1076 1215 1163 1274 etiarn

94 1401 98 1410 -
167 1296 711 1460 litavitetssltltt'itild
728 1295 1162 1440 t‘lttutt‘ittttttt

168 1463 353 1543 appellatam.
383 1465 463 1524 euius
480 1465 605 1524 lacteum
627 1479 727 1522 suoum
746 1463 823 1522 miris
836 1461 970 1526 laudibus
987 1461 1117 1522 oelehrat
1133 1465 1200 1524 inm
1261 1515 1262 1522 ,

168 1547 301 1608 olaritato
314 1547 393 1606 visus
410 1556 568 1624 contraque
582 1555 735 1625 serpentes
751 1555 780 1605 et
795 1563 907 1606 venena
922 1545 1016 1607 omnia
1030 1546 1162 1625 privatim

167 1630 264 1691 dioato
278 1629 432 1690 volumine.
464 1628 503 1689 llt
518 1631 588 1690 satis
604 1646 752 1707 superque
769 1629 804 1688 de
822 1629 949 1690 Atlante.

127 1720 159 1775 17
230 1710 259 1768 2.
276 1711 444 1788 Tingitanae
457 1713 626 1790 provinciae
642 1711 791 1788 longitudo
804 1711 905 1772 CLXX
915 1711 945 1772 hl
956 1723 1091 1790 passuum
1103 1706 1159 1773 est.

154 1792 275 1855 'Gentes
290 1795 319 1852 in
336 1812 385 1854 ea:
408 1794 558 1866 Quondam
578 1797 735 1873 praecipua
750 1793 929 1870 ldaurorum,
955 1794 1029 1855 unde
1044 1813 1159 1871 nomen,

167 1893 242 1954 quos
258 1875 390 1954 plerique
412 1875 573 1937 Maurusios
595 1877 737 1937 dixerunt.
770 1886 915 1938 attenuata
932 1878 1018 1939 bellis
1038 1879 1074 1938 ad
1090 1892 1197 1956 pau-au

167 1975 217 2019 oas
232 1959 336 2019 reoidit
349 1959 481 2019 familias.
519 1977 659 2037 proxuma
674 1961 716 2022 illi
731 1958 975 2036 Massaesylorum
992 1961 1094 2021 iuerat.
1121 1963 1160 2021 si·

165 2041 225 2100 mili
247 2042 334 2101 modo
353 2043 493 2102 exstincta
513 2051 568 2102 est.
599 2042 739 2103 Gaetulae
761 2061 836 2103 nuno
851 2052 950 2104 tenent
963 2053 1083 2119 gentes,
1105 2043 1160 2104 Ba·

166 2126 265 2183 niurae
279 2123 427 2203 multoque
441 2126 608 2186 validissimi
619 2126 775 2187 Autololes
788 2135 817 2187 et
829 2126 930 2187 horum
941 2143 1008 2204 pars
1017 2126 1160 2203 quondam

165 2205 289 2282 Nesimi,
308 2208 357 2284 qui
378 2208 470 2269 avolsi
486 2209 532 2268 his
548 2210 695 2287 propriam
709 2209 809 2269 ieoere
825 2219 941 2289 gentem
955 2210 1034 2270 versi
1050 2208 1085 2268 ad
1099 2209 1158 2267 Ae·

125 2296 158 2351 18
165 2288 288 2368 thiopas.
313 2289 380 2367 lpsa
394 2292 543 2367 provincia
558 2291 594 2350 ah
610 2294 722 2351 oriente
737 2301 888 2351 montuosa
902 2291 959 2349 lert
974 2291 1156 2368 elephantos,
1167 2305 1196 2348 rs

166 2372 194 2429 in
207 2370 303 2444 Ahyla
318 2388 434 2448 quoque
450 2380 547 2431 monte
567 2379 597 2430 et
617 2389 691 2447 quos
707 2373 826 2448 Septem
842 2372 946 2432 iratres
962 2390 978 2431 a
994 2374 1078 2432 simili
1094 2373 1158 2433 alti·

164 2453 262 2512 tudine
285 2453 442 2527 appellant.
468 2453 544 2511 freto
568 2453 704 2511 imminent
727 2454 747 2510 ii
769 2453 858 2511 innoti
879 2452 1003 2526 Ahvlae.
1045 2455 1091 2514 Ab
1113 2456 1159 2515 his

165 2551 215 2592 ora
237 2533 339 2591 interni
362 2533 466 2606 maris,
488 2533 593 2590 humen
613 2532 739 2591 Tamuda
760 2531 940 2608 navigabile,
964 2537 1105 2610 quondam
1121 2544 1160 2598 ¹et

164 2615 316 2692 oppidum,
342 2613 446 2672 llumen
467 2613 545 2673 Laud
570 2622 601 2672 et
625 2615 718 2691 ipsum
738 2615 917 2689 navigiorum
939 2633 1042 2693 uapax.
1077 2617 1157 2693 Rhy-

122 2697 259 2759 19saddir
275 2696 410 2774 oppidum
426 2705 456 2756 et
469 2704 587 2774 portus,
602 2693 735 2756 hlalvane
751 2697 853 2756 llnvius
869 2698 1050 2774 navigabilis.
1086 2702 1158 2778 Siga
1168 2717 1196 2760 ao

28 2778 31 2783 ’
162 2778 299 2856 oppidum
326 2798 364 2838 ex
391 2779 515 2840 adverso
544 2769 673 2838 Malacae
700 2780 729 2838 irr
755 2779 892 2857 hispania
917 2782 990 2841 sitae
1014 2782 1156 2860 Syphacis

162 2863 261 2937 regia,
293 2862 411 2921 alterius
436 2863 491 2922 iam
513 2859 719 2922 hlauretauiae.
754 2880 877 2944 namque
902 2864 949 2924 diu
977 2882 1079 2942 rogum
1104 2883 1156 2926 no·

162 2944 1156 3109 titillatio‘dltili}ltltliltttllthttltt

162 3109 202 3166 tio
218 3108 396 3184 appellatus,
424 3111 527 3170 rivium
541 3110 734 3170 Romanorum
754 3112 872 3189 oppido.
899 3115 987 3172 amnis
1008 3112 1191 3189 Mulucham

161 3188 576 3270 Boeohihlassaesylorumque
589 3192 663 3254 linis.
682 3193 772 3265 Quiza
785 3191 923 3254 Cenitana
934 3198 1154 3274 peregrinorum

162 3270 312 3349 oppidum,
328 3270 501 3334 Arsennaria
515 3274 694 3349 latinorum,
709 3274 748 3336 lll
762 3275 876 3337 milibus
892 3295 1026 3356 passuum
1040 3295 1057 3338 a
1071 3279 1152 3354 mari.

119 3361 155 3416 20
165 3351 308 3414 Cartenna
323 3353 438 3416 eolonia
452 3355 584 3433 Augusti.
597 3356 688 3434 ,legio
704 3359 840 3420 secunda.
863 3360 930 3420 item
947 3359 1061 3420 oolonia
1076 3360 1151 3420 eius·
