<?xml version="1.0" encoding="UTF-8"?>
<!DOCTYPE html PUBLIC "-//W3C//DTD XHTML 1.0 Transitional//EN"
    "http://www.w3.org/TR/xhtml1/DTD/xhtml1-transitional.dtd">
<html xmlns="http://www.w3.org/1999/xhtml" xml:lang="en" lang="en">
 <head>
  <title>
</title>
<meta http-equiv="Content-Type" content="text/html;charset=utf-8" />
  <meta name='ocr-system' content='tesseract 3.04.00' />
  <meta name='ocr-capabilities' content='ocr_page ocr_carea ocr_par ocr_line ocrx_word'/>
</head>
<body>
  <div class='ocr_page' id='page_1' title='image "./cplinisecundina25plingoog_0471.png"; bbox 0 0 2542 3842; ppageno 0'>
   <div class='ocr_carea' id='block_1_1' title="bbox 352 120 1135 210">
    <p class='ocr_par' dir='ltr' id='par_1_1' title="bbox 352 120 1135 210">
     <span class='ocr_line' id='line_1_1' title="bbox 352 120 1135 210; baseline 0.008 -19"><span class='ocrx_word' id='word_1_1' title='bbox 352 120 438 192; x_wconf 75' lang='lat' dir='ltr'>‘unu</span> <span class='ocrx_word' id='word_1_2' title='bbox 455 142 545 191; x_wconf 78' lang='lat' dir='ltr'>mrsu.</span> <span class='ocrx_word' id='word_1_3' title='bbox 562 144 596 191; x_wconf 77' lang='lat' dir='ltr'>X.</span> <span class='ocrx_word' id='word_1_4' title='bbox 621 140 742 202; x_wconf 71' lang='lat' dir='ltr'>te-ts.</span> <span class='ocrx_word' id='word_1_5' title='bbox 762 133 916 210; x_wconf 79' lang='lat'><strong>(33-41.)</strong></span> <span class='ocrx_word' id='word_1_6' title='bbox 1075 134 1135 197; x_wconf 84' lang='lat'>133</span> 
     </span>
    </p>
   </div>
   <div class='ocr_carea' id='block_1_2' title="bbox 87 298 1261 3493">
    <p class='ocr_par' dir='ltr' id='par_1_2' title="bbox 87 298 1261 3493">
     <span class='ocr_line' id='line_1_2' title="bbox 128 298 1135 382; baseline 0.001 -20"><span class='ocrx_word' id='word_1_7' title='bbox 128 312 198 377; x_wconf 90' lang='lat' dir='ltr'>tam,</span> <span class='ocrx_word' id='word_1_8' title='bbox 221 310 252 360; x_wconf 94' lang='lat' dir='ltr'>ut</span> <span class='ocrx_word' id='word_1_9' title='bbox 274 300 332 360; x_wconf 92' lang='lat' dir='ltr'>lino</span> <span class='ocrx_word' id='word_1_10' title='bbox 355 300 391 359; x_wconf 91' lang='lat' dir='ltr'>ad</span> <span class='ocrx_word' id='word_1_11' title='bbox 408 298 514 377; x_wconf 88' lang='lat' dir='ltr'>pedem</span> <span class='ocrx_word' id='word_1_12' title='bbox 534 299 596 358; x_wconf 85' lang='lat' dir='ltr'>eius</span> <span class='ocrx_word' id='word_1_13' title='bbox 612 298 740 375; x_wconf 76' lang='lat' dir='ltr'>adligato</span> <span class='ocrx_word' id='word_1_14' title='bbox 757 298 840 358; x_wconf 89' lang='lat' dir='ltr'>nodis</span> <span class='ocrx_word' id='word_1_15' title='bbox 853 300 1030 376; x_wconf 81' lang='lat' dir='ltr'>signiticaret</span> <span class='ocrx_word' id='word_1_16' title='bbox 1045 311 1135 382; x_wconf 88' lang='lat' dir='ltr'>quoto</span> 
     </span>
     <span class='ocr_line' id='line_1_3' title="bbox 129 382 843 461; baseline -0.007 -15"><span class='ocrx_word' id='word_1_17' title='bbox 129 388 177 447; x_wconf 92' lang='lat' dir='ltr'>die</span> <span class='ocrx_word' id='word_1_18' title='bbox 194 386 366 445; x_wconf 80' lang='lat' dir='ltr'>adveniente</span> <span class='ocrx_word' id='word_1_19' title='bbox 381 384 487 448; x_wconf 80' lang='lat' dir='ltr'>auxilio</span> <span class='ocrx_word' id='word_1_20' title='bbox 505 384 618 461; x_wconf 79' lang='lat' dir='ltr'>eruptio</span> <span class='ocrx_word' id='word_1_21' title='bbox 634 384 699 442; x_wconf 86' lang='lat' dir='ltr'>lieri</span> <span class='ocrx_word' id='word_1_22' title='bbox 710 382 843 442; x_wconf 90' lang='lat' dir='ltr'>deberet.</span> 
     </span>
     <span class='ocr_line' id='line_1_4' title="bbox 184 466 1178 549; baseline 0.01 -28"><span class='ocrx_word' id='word_1_23' title='bbox 184 470 281 549; x_wconf 74' lang='lat'>¹(35.)</span> <span class='ocrx_word' id='word_1_24' title='bbox 305 468 422 527; x_wconf 80' lang='lat' dir='ltr'>Abeunt</span> <span class='ocrx_word' id='word_1_25' title='bbox 443 476 473 527; x_wconf 83' lang='lat' dir='ltr'>ct</span> <span class='ocrx_word' id='word_1_26' title='bbox 491 466 621 527; x_wconf 87' lang='lat' dir='ltr'>merulae</span> <span class='ocrx_word' id='word_1_27' title='bbox 635 467 770 545; x_wconf 87' lang='lat' dir='ltr'>turdique</span> <span class='ocrx_word' id='word_1_28' title='bbox 792 466 932 528; x_wconf 65' lang='lat' dir='ltr'>et‘sturni</span> <span class='ocrx_word' id='word_1_29' title='bbox 953 470 1037 529; x_wconf 79' lang='lat' dir='ltr'>simili</span> <span class='ocrx_word' id='word_1_30' title='bbox 1051 469 1137 531; x_wconf 90' lang='lat' dir='ltr'>modo</span> <span class='ocrx_word' id='word_1_31' title='bbox 1145 481 1178 537; x_wconf 74' lang='lat'>72</span> 
     </span>
     <span class='ocr_line' id='line_1_5' title="bbox 128 552 1136 631; baseline 0.001 -17"><span class='ocrx_word' id='word_1_32' title='bbox 128 557 157 615; x_wconf 94' lang='lat' dir='ltr'>in</span> <span class='ocrx_word' id='word_1_33' title='bbox 172 556 276 613; x_wconf 81' lang='lat' dir='ltr'>vicina.</span> <span class='ocrx_word' id='word_1_34' title='bbox 310 553 362 612; x_wconf 86' lang='lat' dir='ltr'>sed</span> <span class='ocrx_word' id='word_1_35' title='bbox 383 552 411 611; x_wconf 90' lang='lat' dir='ltr'>hi</span> <span class='ocrx_word' id='word_1_36' title='bbox 427 552 551 631; x_wconf 86' lang='lat' dir='ltr'>plumam</span> <span class='ocrx_word' id='word_1_37' title='bbox 566 568 624 611; x_wconf 91' lang='lat' dir='ltr'>non</span> <span class='ocrx_word' id='word_1_38' title='bbox 639 552 783 626; x_wconf 87' lang='lat' dir='ltr'>amittunt,</span> <span class='ocrx_word' id='word_1_39' title='bbox 801 570 858 611; x_wconf 91' lang='lat' dir='ltr'>nec</span> <span class='ocrx_word' id='word_1_40' title='bbox 875 554 1066 631; x_wconf 78' lang='lat' dir='ltr'>occultantur,</span> <span class='ocrx_word' id='word_1_41' title='bbox 1082 556 1136 617; x_wconf 84' lang='lat' dir='ltr'>visi</span> 
     </span>
     <span class='ocr_line' id='line_1_6' title="bbox 105 636 1137 717; baseline 0.001 -18"><span class='ocrx_word' id='word_1_42' title='bbox 105 661 118 699; x_wconf 85' lang='lat'>5</span> <span class='ocrx_word' id='word_1_43' title='bbox 132 656 223 717; x_wconf 88' lang='lat' dir='ltr'>saepe</span> <span class='ocrx_word' id='word_1_44' title='bbox 240 636 280 695; x_wconf 88' lang='lat' dir='ltr'>ibi</span> <span class='ocrx_word' id='word_1_45' title='bbox 296 654 355 715; x_wconf 86' lang='lat' dir='ltr'>quo</span> <span class='ocrx_word' id='word_1_46' title='bbox 370 636 520 696; x_wconf 78' lang='lat' dir='ltr'>hibernum</span> <span class='ocrx_word' id='word_1_47' title='bbox 536 636 672 715; x_wconf 84' lang='lat' dir='ltr'>pabulum</span> <span class='ocrx_word' id='word_1_48' title='bbox 687 644 797 713; x_wconf 86' lang='lat' dir='ltr'>petunt.</span> <span class='ocrx_word' id='word_1_49' title='bbox 827 638 924 715; x_wconf 83' lang='lat' dir='ltr'>itaque</span> <span class='ocrx_word' id='word_1_50' title='bbox 940 639 968 697; x_wconf 93' lang='lat' dir='ltr'>in</span> <span class='ocrx_word' id='word_1_51' title='bbox 986 637 1137 700; x_wconf 80' lang='lat' dir='ltr'>Germania</span> 
     </span>
     <span class='ocr_line' id='line_1_7' title="bbox 127 720 1136 803; baseline 0.001 -20"><span class='ocrx_word' id='word_1_52' title='bbox 127 724 225 783; x_wconf 90' lang='lat' dir='ltr'>hieme</span> <span class='ocrx_word' id='word_1_53' title='bbox 241 736 371 782; x_wconf 86' lang='lat' dir='ltr'>marrnme</span> <span class='ocrx_word' id='word_1_54' title='bbox 388 720 465 782; x_wconf 92' lang='lat' dir='ltr'>turdi</span> <span class='ocrx_word' id='word_1_55' title='bbox 478 730 643 781; x_wconf 83' lang='lat' dir='ltr'>cernuntur.</span> <span class='ocrx_word' id='word_1_56' title='bbox 664 721 762 779; x_wconf 85' lang='lat' dir='ltr'>verius</span> <span class='ocrx_word' id='word_1_57' title='bbox 777 724 870 780; x_wconf 83' lang='lat' dir='ltr'>turtur</span> <span class='ocrx_word' id='word_1_58' title='bbox 886 721 1057 799; x_wconf 84' lang='lat' dir='ltr'>occultatur,</span> <span class='ocrx_word' id='word_1_59' title='bbox 1074 725 1136 803; x_wconf 92' lang='lat' dir='ltr'>pin-</span> 
     </span>
     <span class='ocr_line' id='line_1_8' title="bbox 127 804 1136 883; baseline 0.002 -17"><span class='ocrx_word' id='word_1_60' title='bbox 127 822 241 883; x_wconf 84' lang='lat' dir='ltr'>nasque</span> <span class='ocrx_word' id='word_1_61' title='bbox 258 807 367 865; x_wconf 89' lang='lat' dir='ltr'>amittit.</span> <span class='ocrx_word' id='word_1_62' title='bbox 399 805 505 865; x_wconf 82' lang='lat' dir='ltr'>abeunt</span> <span class='ocrx_word' id='word_1_63' title='bbox 520 814 550 865; x_wconf 88' lang='lat' dir='ltr'>et</span> <span class='ocrx_word' id='word_1_64' title='bbox 572 804 733 883; x_wconf 82' lang='lat' dir='ltr'>palumbes.</span> <span class='ocrx_word' id='word_1_65' title='bbox 766 822 889 882; x_wconf 83' lang='lat' dir='ltr'>quonam</span> <span class='ocrx_word' id='word_1_66' title='bbox 904 815 934 865; x_wconf 89' lang='lat' dir='ltr'>et</span> <span class='ocrx_word' id='word_1_67' title='bbox 948 808 976 865; x_wconf 95' lang='lat' dir='ltr'>in</span> <span class='ocrx_word' id='word_1_68' title='bbox 990 807 1026 865; x_wconf 88' lang='lat' dir='ltr'>iis</span> <span class='ocrx_word' id='word_1_69' title='bbox 1041 808 1136 868; x_wconf 90' lang='lat' dir='ltr'>incer-</span> 
     </span>
     <span class='ocr_line' id='line_1_9' title="bbox 127 890 1179 971; baseline 0.002 -22"><span class='ocrx_word' id='word_1_70' title='bbox 127 900 197 953; x_wconf 90' lang='lat' dir='ltr'>tum.</span> <span class='ocrx_word' id='word_1_71' title='bbox 229 891 397 949; x_wconf 79' lang='lat' dir='ltr'>sturnorum</span> <span class='ocrx_word' id='word_1_72' title='bbox 419 890 521 966; x_wconf 78' lang='lat' dir='ltr'>generi</span> <span class='ocrx_word' id='word_1_73' title='bbox 543 890 692 967; x_wconf 89' lang='lat' dir='ltr'>proprium</span> <span class='ocrx_word' id='word_1_74' title='bbox 711 890 879 950; x_wconf 86' lang='lat' dir='ltr'>catervatim</span> <span class='ocrx_word' id='word_1_75' title='bbox 903 891 1004 950; x_wconf 88' lang='lat' dir='ltr'>volare</span> <span class='ocrx_word' id='word_1_76' title='bbox 1022 901 1052 949; x_wconf 90' lang='lat' dir='ltr'>et</span> <span class='ocrx_word' id='word_1_77' title='bbox 1065 910 1135 971; x_wconf 88' lang='lat' dir='ltr'>quo·</span> <span class='ocrx_word' id='word_1_78' title='bbox 1145 901 1179 957; x_wconf 83' lang='lat'>73</span> 
     </span>
     <span class='ocr_line' id='line_1_10' title="bbox 129 973 1136 1053; baseline 0.001 -19"><span class='ocrx_word' id='word_1_79' title='bbox 129 974 194 1034; x_wconf 91' lang='lat' dir='ltr'>darn</span> <span class='ocrx_word' id='word_1_80' title='bbox 210 975 288 1053; x_wconf 87' lang='lat' dir='ltr'>pilae</span> <span class='ocrx_word' id='word_1_81' title='bbox 304 974 377 1033; x_wconf 89' lang='lat' dir='ltr'>orbe</span> <span class='ocrx_word' id='word_1_82' title='bbox 395 975 552 1051; x_wconf 81' lang='lat' dir='ltr'>circumagi</span> <span class='ocrx_word' id='word_1_83' title='bbox 574 973 704 1033; x_wconf 87' lang='lat' dir='ltr'>omnibus</span> <span class='ocrx_word' id='word_1_84' title='bbox 722 974 749 1032; x_wconf 92' lang='lat' dir='ltr'>in</span> <span class='ocrx_word' id='word_1_85' title='bbox 764 974 889 1033; x_wconf 88' lang='lat' dir='ltr'>medium</span> <span class='ocrx_word' id='word_1_86' title='bbox 902 991 1005 1051; x_wconf 78' lang='lat' dir='ltr'>agmen</span> <span class='ocrx_word' id='word_1_87' title='bbox 1017 976 1136 1036; x_wconf 87' lang='lat' dir='ltr'>tenden-</span> 
     </span>
     <span class='ocr_line' id='line_1_11' title="bbox 93 1057 1135 1119; baseline 0.003 -3"><span class='ocrx_word' id='word_1_88' title='bbox 93 1057 217 1117; x_wconf 77' lang='lat' dir='ltr'>rotilrus.</span> <span class='ocrx_word' id='word_1_89' title='bbox 255 1060 406 1118; x_wconf 84' lang='lat' dir='ltr'>volucrum</span> <span class='ocrx_word' id='word_1_90' title='bbox 428 1058 484 1118; x_wconf 89' lang='lat' dir='ltr'>soli</span> <span class='ocrx_word' id='word_1_91' title='bbox 510 1058 653 1118; x_wconf 90' lang='lat' dir='ltr'>lrirundini</span> <span class='ocrx_word' id='word_1_92' title='bbox 677 1058 801 1117; x_wconf 89' lang='lat' dir='ltr'>llexuosi</span> <span class='ocrx_word' id='word_1_93' title='bbox 818 1058 934 1117; x_wconf 86' lang='lat' dir='ltr'>volatus</span> <span class='ocrx_word' id='word_1_94' title='bbox 951 1058 1040 1119; x_wconf 84' lang='lat' dir='ltr'>velox</span> <span class='ocrx_word' id='word_1_95' title='bbox 1057 1060 1135 1119; x_wconf 89' lang='lat' dir='ltr'>cele-</span> 
     </span>
     <span class='ocr_line' id='line_1_12' title="bbox 128 1142 1221 1221; baseline 0.003 -20"><span class='ocrx_word' id='word_1_96' title='bbox 128 1143 211 1218; x_wconf 85' lang='lat' dir='ltr'>ritas,</span> <span class='ocrx_word' id='word_1_97' title='bbox 231 1143 334 1221; x_wconf 84' lang='lat' dir='ltr'>quihus</span> <span class='ocrx_word' id='word_1_98' title='bbox 350 1160 388 1203; x_wconf 85' lang='lat' dir='ltr'>ex</span> <span class='ocrx_word' id='word_1_99' title='bbox 404 1145 499 1202; x_wconf 87' lang='lat' dir='ltr'>causis</span> <span class='ocrx_word' id='word_1_100' title='bbox 521 1160 617 1221; x_wconf 86' lang='lat' dir='ltr'>neque</span> <span class='ocrx_word' id='word_1_101' title='bbox 642 1143 763 1219; x_wconf 70' lang='lat' dir='ltr'>rapinae</span> <span class='ocrx_word' id='word_1_102' title='bbox 779 1151 942 1202; x_wconf 89' lang='lat' dir='ltr'>ceterarum</span> <span class='ocrx_word' id='word_1_103' title='bbox 963 1142 1060 1202; x_wconf 91' lang='lat' dir='ltr'>alitum</span> <span class='ocrx_word' id='word_1_104' title='bbox 1083 1142 1134 1203; x_wconf 91' lang='lat' dir='ltr'>ob·</span> <span class='ocrx_word' id='word_1_105' title='bbox 1213 1195 1221 1204; x_wconf 89' lang='lat'>.</span> 
     </span>
     <span class='ocr_line' id='line_1_13' title="bbox 129 1224 1115 1305; baseline 0 -20"><span class='ocrx_word' id='word_1_106' title='bbox 129 1228 217 1287; x_wconf 87' lang='lat' dir='ltr'>noxia</span> <span class='ocrx_word' id='word_1_107' title='bbox 233 1236 287 1286; x_wconf 88' lang='lat' dir='ltr'>est.</span> <span class='ocrx_word' id='word_1_108' title='bbox 321 1244 356 1288; x_wconf 92' lang='lat' dir='ltr'>ea</span> <span class='ocrx_word' id='word_1_109' title='bbox 372 1226 485 1287; x_wconf 87' lang='lat' dir='ltr'>demum</span> <span class='ocrx_word' id='word_1_110' title='bbox 500 1227 563 1286; x_wconf 89' lang='lat' dir='ltr'>sola</span> <span class='ocrx_word' id='word_1_111' title='bbox 580 1226 674 1286; x_wconf 89' lang='lat' dir='ltr'>avium</span> <span class='ocrx_word' id='word_1_112' title='bbox 694 1224 807 1285; x_wconf 89' lang='lat' dir='ltr'>nonnisi</span> <span class='ocrx_word' id='word_1_113' title='bbox 824 1226 852 1284; x_wconf 91' lang='lat' dir='ltr'>in</span> <span class='ocrx_word' id='word_1_114' title='bbox 867 1227 967 1287; x_wconf 85' lang='lat' dir='ltr'>volatu</span> <span class='ocrx_word' id='word_1_115' title='bbox 978 1229 1115 1305; x_wconf 75' lang='lat' dir='ltr'>pasoitur.</span> 
     </span>
     <span class='ocr_line' id='line_1_14' title="bbox 191 1310 1136 1391; baseline 0.001 -22"><span class='ocrx_word' id='word_1_116' title='bbox 191 1310 241 1370; x_wconf 82' lang='grc'><strong>25.</strong></span> <span class='ocrx_word' id='word_1_117' title='bbox 268 1310 352 1391; x_wconf 77' lang='grc'><strong>(36.)</strong></span> <span class='ocrx_word' id='word_1_118' title='bbox 382 1310 554 1390; x_wconf 85' lang='lat' dir='ltr'>Temporum</span> <span class='ocrx_word' id='word_1_119' title='bbox 579 1328 682 1387; x_wconf 83' lang='lat' dir='ltr'>magua</span> <span class='ocrx_word' id='word_1_120' title='bbox 703 1310 865 1370; x_wconf 74' lang='lat' dir='ltr'>differentia</span> <span class='ocrx_word' id='word_1_121' title='bbox 886 1310 1003 1370; x_wconf 89' lang='lat' dir='ltr'>avibus:</span> <span class='ocrx_word' id='word_1_122' title='bbox 1033 1329 1136 1389; x_wconf 88' lang='lat' dir='ltr'>peren-</span> 
     </span>
     <span class='ocr_line' id='line_1_15' title="bbox 113 1392 1138 1471; baseline -0.002 -16"><span class='ocrx_word' id='word_1_123' title='bbox 113 1414 199 1470; x_wconf 84' lang='lat' dir='ltr'>nes,</span> <span class='ocrx_word' id='word_1_124' title='bbox 218 1404 248 1455; x_wconf 91' lang='lat' dir='ltr'>ut</span> <span class='ocrx_word' id='word_1_125' title='bbox 264 1395 427 1471; x_wconf 88' lang='lat' dir='ltr'>columbae,</span> <span class='ocrx_word' id='word_1_126' title='bbox 445 1404 620 1470; x_wconf 81' lang='lat' dir='ltr'>semestres,</span> <span class='ocrx_word' id='word_1_127' title='bbox 643 1404 674 1454; x_wconf 92' lang='lat' dir='ltr'>ut</span> <span class='ocrx_word' id='word_1_128' title='bbox 696 1392 874 1471; x_wconf 77' lang='lat' dir='ltr'>hirundines,</span> <span class='ocrx_word' id='word_1_129' title='bbox 897 1396 1077 1469; x_wconf 83' lang='lat' dir='ltr'>trimestres,</span> <span class='ocrx_word' id='word_1_130' title='bbox 1107 1404 1138 1453; x_wconf 90' lang='lat' dir='ltr'>ut</span> 
     </span>
     <span class='ocr_line' id='line_1_16' title="bbox 95 1441 1137 1558; baseline 0.004 -23"><span class='ocrx_word' id='word_1_131' title='bbox 95 1490 119 1535; x_wconf 86' lang='lat'>15</span> <span class='ocrx_word' id='word_1_132' title='bbox 131 1441 217 1557; x_wconf 68' lang='lat' dir='ltr'>turdi,</span> <span class='ocrx_word' id='word_1_133' title='bbox 236 1488 363 1539; x_wconf 84' lang='lat' dir='ltr'>turtures</span> <span class='ocrx_word' id='word_1_134' title='bbox 379 1489 408 1539; x_wconf 89' lang='lat' dir='ltr'>et</span> <span class='ocrx_word' id='word_1_135' title='bbox 424 1496 509 1558; x_wconf 90' lang='lat' dir='ltr'>quae,</span> <span class='ocrx_word' id='word_1_136' title='bbox 529 1496 592 1539; x_wconf 91' lang='lat' dir='ltr'>cum</span> <span class='ocrx_word' id='word_1_137' title='bbox 607 1480 696 1539; x_wconf 87' lang='lat' dir='ltr'>fetum</span> <span class='ocrx_word' id='word_1_138' title='bbox 712 1479 857 1553; x_wconf 84' lang='lat' dir='ltr'>eduxere,</span> <span class='ocrx_word' id='word_1_139' title='bbox 881 1479 1003 1555; x_wconf 86' lang='lat' dir='ltr'>abeunt,</span> <span class='ocrx_word' id='word_1_140' title='bbox 1030 1489 1061 1539; x_wconf 93' lang='lat' dir='ltr'>ut</span> <span class='ocrx_word' id='word_1_141' title='bbox 1075 1480 1137 1557; x_wconf 80' lang='lat' dir='ltr'>gal·</span> 
     </span>
     <span class='ocr_line' id='line_1_17' title="bbox 171 1564 345 1623; baseline 0 0"><span class='ocrx_word' id='word_1_142' title='bbox 171 1564 345 1623; x_wconf 71' lang='lat' dir='ltr'>duum</span> 
     </span>
     <span class='ocr_line' id='line_1_18' title="bbox 130 1582 1180 1729; baseline 0.004 -22"><span class='ocrx_word' id='word_1_143' title='bbox 130 1582 202 1642; x_wconf 64' lang='lat' dir='ltr'>gu</span> <span class='ocrx_word' id='word_1_144' title='bbox 194 1582 345 1727; x_wconf 34' lang='grc'><strong>268387.</strong></span> <span class='ocrx_word' id='word_1_145' title='bbox 334 1651 351 1729; x_wconf 85' lang='grc'>)</span> <span class='ocrx_word' id='word_1_146' title='bbox 372 1649 518 1708; x_wconf 84' lang='lat' dir='ltr'>Auctores</span> <span class='ocrx_word' id='word_1_147' title='bbox 540 1654 604 1707; x_wconf 91' lang='lat' dir='ltr'>sunt</span> <span class='ocrx_word' id='word_1_148' title='bbox 627 1649 759 1708; x_wconf 89' lang='lat' dir='ltr'>omnibus</span> <span class='ocrx_word' id='word_1_149' title='bbox 781 1647 862 1707; x_wconf 90' lang='lat' dir='ltr'>annis</span> <span class='ocrx_word' id='word_1_150' title='bbox 890 1645 1029 1707; x_wconf 82' lang='lat' dir='ltr'>advolare</span> <span class='ocrx_word' id='word_1_151' title='bbox 1054 1646 1180 1710; x_wconf 77' lang='grc' dir='ltr'><strong>11ιιιιιι74</strong></span> 
     </span>
     <span class='ocr_line' id='line_1_19' title="bbox 131 1730 1137 1811; baseline -0.001 -20"><span class='ocrx_word' id='word_1_152' title='bbox 131 1748 169 1791; x_wconf 87' lang='lat' dir='ltr'>ex</span> <span class='ocrx_word' id='word_1_153' title='bbox 184 1732 340 1811; x_wconf 81' lang='lat' dir='ltr'>Aethiopia</span> <span class='ocrx_word' id='word_1_154' title='bbox 356 1734 416 1793; x_wconf 90' lang='lat' dir='ltr'>avis</span> <span class='ocrx_word' id='word_1_155' title='bbox 435 1742 465 1791; x_wconf 90' lang='lat' dir='ltr'>et</span> <span class='ocrx_word' id='word_1_156' title='bbox 482 1732 643 1809; x_wconf 83' lang='lat' dir='ltr'>confligere</span> <span class='ocrx_word' id='word_1_157' title='bbox 666 1732 702 1793; x_wconf 92' lang='lat' dir='ltr'>ad</span> <span class='ocrx_word' id='word_1_158' title='bbox 716 1730 877 1792; x_wconf 72' lang='lat' dir='ltr'>Memnonis</span> <span class='ocrx_word' id='word_1_159' title='bbox 894 1731 1041 1805; x_wconf 91' lang='lat' dir='ltr'>tumulum,</span> <span class='ocrx_word' id='word_1_160' title='bbox 1067 1748 1137 1809; x_wconf 89' lang='lat' dir='ltr'>quas</span> 
     </span>
     <span class='ocr_line' id='line_1_20' title="bbox 87 1814 1137 1895; baseline -0.001 -19"><span class='ocrx_word' id='word_1_161' title='bbox 87 1868 93 1883; x_wconf 82' lang='grc'><strong>,</strong></span> <span class='ocrx_word' id='word_1_162' title='bbox 132 1816 170 1875; x_wconf 79' lang='lat' dir='ltr'>ol)</span> <span class='ocrx_word' id='word_1_163' title='bbox 186 1816 214 1876; x_wconf 88' lang='lat' dir='ltr'>id</span> <span class='ocrx_word' id='word_1_164' title='bbox 226 1814 424 1877; x_wconf 83' lang='lat' dir='ltr'>Memnonidas</span> <span class='ocrx_word' id='word_1_165' title='bbox 442 1824 558 1876; x_wconf 83' lang='lat' dir='ltr'>vocant.</span> <span class='ocrx_word' id='word_1_166' title='bbox 587 1816 645 1875; x_wconf 89' lang='lat' dir='ltr'>lroc</span> <span class='ocrx_word' id='word_1_167' title='bbox 662 1816 744 1880; x_wconf 87' lang='lat' dir='ltr'>idem</span> <span class='ocrx_word' id='word_1_168' title='bbox 755 1817 854 1895; x_wconf 81' lang='lat' dir='ltr'>quinto</span> <span class='ocrx_word' id='word_1_169' title='bbox 875 1832 991 1893; x_wconf 82' lang='lat' dir='ltr'>quoqne</span> <span class='ocrx_word' id='word_1_170' title='bbox 1007 1830 1081 1873; x_wconf 90' lang='lat' dir='ltr'>anno</span> <span class='ocrx_word' id='word_1_171' title='bbox 1097 1814 1137 1875; x_wconf 83' lang='lat' dir='ltr'>fa·</span> 
     </span>
     <span class='ocr_line' id='line_1_21' title="bbox 96 1898 1138 1998; baseline 0.003 -44"><span class='ocrx_word' id='word_1_172' title='bbox 96 1912 122 1954; x_wconf 81' lang='lat' dir='ltr'>ao</span> <span class='ocrx_word' id='word_1_173' title='bbox 132 1916 202 1959; x_wconf 87' lang='lat' dir='ltr'>cere</span> <span class='ocrx_word' id='word_1_174' title='bbox 219 1918 270 1961; x_wconf 90' lang='lat' dir='ltr'>eas</span> <span class='ocrx_word' id='word_1_175' title='bbox 284 1904 314 1960; x_wconf 88' lang='lat' dir='ltr'>in</span> <span class='ocrx_word' id='word_1_176' title='bbox 329 1900 486 1979; x_wconf 83' lang='lat' dir='ltr'>Aethiopia</span> <span class='ocrx_word' id='word_1_177' title='bbox 501 1902 586 1961; x_wconf 85' lang='lat' dir='ltr'>circa</span> <span class='ocrx_word' id='word_1_178' title='bbox 591 1902 702 1998; x_wconf 79' lang='lat' dir='ltr'>regiam</span> <span class='ocrx_word' id='word_1_179' title='bbox 713 1900 874 1960; x_wconf 84' lang='lat' dir='ltr'>Memnonis</span> <span class='ocrx_word' id='word_1_180' title='bbox 888 1900 1070 1977; x_wconf 87' lang='lat' dir='ltr'>exploratum</span> <span class='ocrx_word' id='word_1_181' title='bbox 1082 1898 1138 1958; x_wconf 84' lang='lat' dir='ltr'>sibi</span> 
     </span>
     <span class='ocr_line' id='line_1_22' title="bbox 131 1982 404 2045; baseline 0 -3"><span class='ocrx_word' id='word_1_182' title='bbox 131 1982 293 2043; x_wconf 74' lang='lat' dir='ltr'>Cremutius</span> <span class='ocrx_word' id='word_1_183' title='bbox 308 1986 404 2045; x_wconf 86' lang='lat' dir='ltr'>tradit</span> 
     </span>
     <span class='ocr_line' id='line_1_23' title="bbox 193 2065 1138 2147; baseline -0.002 -21"><span class='ocrx_word' id='word_1_184' title='bbox 193 2066 276 2147; x_wconf 90' lang='grc'><strong>(38.)</strong></span> <span class='ocrx_word' id='word_1_185' title='bbox 293 2067 477 2127; x_wconf 87' lang='lat' dir='ltr'>Similimodo</span> <span class='ocrx_word' id='word_1_186' title='bbox 489 2075 615 2145; x_wconf 82' lang='lat' dir='ltr'>pugnant</span> <span class='ocrx_word' id='word_1_187' title='bbox 626 2066 861 2143; x_wconf 82' lang='lat' dir='ltr'>Meleagridesin</span> <span class='ocrx_word' id='word_1_188' title='bbox 870 2065 1002 2125; x_wconf 89' lang='lat' dir='ltr'>Boeotia.</span> <span class='ocrx_word' id='word_1_189' title='bbox 1018 2065 1138 2125; x_wconf 80' lang='lat' dir='ltr'>Africae</span> 
     </span>
     <span class='ocr_line' id='line_1_24' title="bbox 131 2149 1136 2228; baseline -0.004 -17"><span class='ocrx_word' id='word_1_190' title='bbox 131 2150 189 2211; x_wconf 87' lang='lat' dir='ltr'>lino</span> <span class='ocrx_word' id='word_1_191' title='bbox 210 2160 255 2210; x_wconf 90' lang='lat' dir='ltr'>est</span> <span class='ocrx_word' id='word_1_192' title='bbox 276 2151 457 2228; x_wconf 79' lang='lat' dir='ltr'>gallinarum</span> <span class='ocrx_word' id='word_1_193' title='bbox 467 2168 559 2227; x_wconf 84' lang='lat' dir='ltr'>genus</span> <span class='ocrx_word' id='word_1_194' title='bbox 581 2150 750 2227; x_wconf 81' lang='lat' dir='ltr'>gibbernm,</span> <span class='ocrx_word' id='word_1_195' title='bbox 770 2150 857 2209; x_wconf 86' lang='lat' dir='ltr'>variis</span> <span class='ocrx_word' id='word_1_196' title='bbox 874 2166 1006 2227; x_wconf 86' lang='lat' dir='ltr'>sparsum</span> <span class='ocrx_word' id='word_1_197' title='bbox 1022 2149 1136 2227; x_wconf 85' lang='lat' dir='ltr'>plumis</span> 
     </span>
     <span class='ocr_line' id='line_1_25' title="bbox 133 2234 1138 2313; baseline -0.001 -20"><span class='ocrx_word' id='word_1_198' title='bbox 133 2250 208 2311; x_wconf 85' lang='lat' dir='ltr'>qnae</span> <span class='ocrx_word' id='word_1_199' title='bbox 219 2237 395 2295; x_wconf 86' lang='lat' dir='ltr'>novissimae</span> <span class='ocrx_word' id='word_1_200' title='bbox 411 2244 476 2293; x_wconf 91' lang='lat' dir='ltr'>sunt</span> <span class='ocrx_word' id='word_1_201' title='bbox 489 2235 709 2313; x_wconf 80' lang='lat' dir='ltr'>peregrinarum</span> <span class='ocrx_word' id='word_1_202' title='bbox 721 2235 814 2294; x_wconf 83' lang='lat' dir='ltr'>arium</span> <span class='ocrx_word' id='word_1_203' title='bbox 830 2234 860 2293; x_wconf 93' lang='lat' dir='ltr'>in</span> <span class='ocrx_word' id='word_1_204' title='bbox 871 2249 987 2292; x_wconf 91' lang='lat' dir='ltr'>mensas</span> <span class='ocrx_word' id='word_1_205' title='bbox 998 2236 1138 2309; x_wconf 87' lang='lat' dir='ltr'>receptae</span> 
     </span>
     <span class='ocr_line' id='line_1_26' title="bbox 98 2315 1139 2401; baseline -0.005 -21"><span class='ocrx_word' id='word_1_206' title='bbox 98 2327 123 2369; x_wconf 83' lang='lat'>²⁵</span> <span class='ocrx_word' id='word_1_207' title='bbox 132 2328 254 2401; x_wconf 89' lang='lat' dir='ltr'>propter</span> <span class='ocrx_word' id='word_1_208' title='bbox 269 2320 410 2397; x_wconf 81' lang='lat' dir='ltr'>ingratum</span> <span class='ocrx_word' id='word_1_209' title='bbox 422 2319 515 2378; x_wconf 87' lang='lat' dir='ltr'>·.virus</span> <span class='ocrx_word' id='word_1_210' title='bbox 546 2334 646 2377; x_wconf 88' lang='lat' dir='ltr'>verum</span> <span class='ocrx_word' id='word_1_211' title='bbox 661 2316 804 2395; x_wconf 77' lang='lat' dir='ltr'>Meleagri</span> <span class='ocrx_word' id='word_1_212' title='bbox 825 2318 949 2377; x_wconf 88' lang='lat' dir='ltr'>tumulus</span> <span class='ocrx_word' id='word_1_213' title='bbox 964 2315 1070 2374; x_wconf 87' lang='lat' dir='ltr'>nobilis</span> <span class='ocrx_word' id='word_1_214' title='bbox 1088 2332 1139 2375; x_wconf 88' lang='lat' dir='ltr'>eas</span> 
     </span>
     <span class='ocr_line' id='line_1_27' title="bbox 132 2404 613 2465; baseline -0.006 0"><span class='ocrx_word' id='word_1_215' title='bbox 132 2404 613 2465; x_wconf 62' lang='lat' dir='ltr'>lecit1</span> 
     </span>
     <span class='ocr_line' id='line_1_28' title="bbox 195 2480 1181 2567; baseline -0.006 -18"><span class='ocrx_word' id='word_1_216' title='bbox 195 2488 245 2549; x_wconf 88' lang='grc'><strong>27.</strong></span> <span class='ocrx_word' id='word_1_217' title='bbox 269 2486 354 2567; x_wconf 84' lang='grc'><strong>(39.)</strong></span> <span class='ocrx_word' id='word_1_218' title='bbox 373 2487 545 2548; x_wconf 79' lang='lat' dir='ltr'>Seleucides</span> <span class='ocrx_word' id='word_1_219' title='bbox 561 2504 632 2547; x_wconf 82' lang='lat' dir='ltr'>aves</span> <span class='ocrx_word' id='word_1_220' title='bbox 644 2495 785 2547; x_wconf 84' lang='lat' dir='ltr'>vocantur</span> <span class='ocrx_word' id='word_1_221' title='bbox 800 2503 919 2565; x_wconf 85' lang='lat' dir='ltr'>quarum</span> <span class='ocrx_word' id='word_1_222' title='bbox 933 2486 1087 2545; x_wconf 78' lang='lat' dir='ltr'>adventurn</span> <span class='ocrx_word' id='word_1_223' title='bbox 1099 2480 1137 2542; x_wconf 82' lang='lat' dir='ltr'>alt</span> <span class='ocrx_word' id='word_1_224' title='bbox 1147 2490 1181 2546; x_wconf 75' lang='lat' dir='ltr'>it</span> 
     </span>
     <span class='ocr_line' id='line_1_29' title="bbox 132 2569 1136 2651; baseline -0.008 -19"><span class='ocrx_word' id='word_1_225' title='bbox 132 2572 204 2633; x_wconf 84' lang='lat' dir='ltr'>love</span> <span class='ocrx_word' id='word_1_226' title='bbox 219 2572 357 2651; x_wconf 84' lang='lat' dir='ltr'>precihus</span> <span class='ocrx_word' id='word_1_227' title='bbox 378 2573 522 2651; x_wconf 86' lang='lat' dir='ltr'>inpetrant</span> <span class='ocrx_word' id='word_1_228' title='bbox 545 2569 647 2631; x_wconf 83' lang='lat' dir='ltr'>Cadmi</span> <span class='ocrx_word' id='word_1_229' title='bbox 666 2573 769 2631; x_wconf 91' lang='lat' dir='ltr'>montis</span> <span class='ocrx_word' id='word_1_230' title='bbox 786 2570 902 2631; x_wconf 87' lang='lat' dir='ltr'>incolae</span> <span class='ocrx_word' id='word_1_231' title='bbox 917 2569 1018 2645; x_wconf 76' lang='lat' dir='ltr'>fruges</span> <span class='ocrx_word' id='word_1_232' title='bbox 1036 2584 1136 2627; x_wconf 89' lang='lat' dir='ltr'>eorum</span> 
     </span>
     <span class='ocr_line' id='line_1_30' title="bbox 134 2652 1138 2733; baseline -0.007 -18"><span class='ocrx_word' id='word_1_233' title='bbox 134 2656 255 2717; x_wconf 88' lang='lat' dir='ltr'>locustis</span> <span class='ocrx_word' id='word_1_234' title='bbox 271 2657 456 2717; x_wconf 86' lang='lat' dir='ltr'>vastantibus.</span> <span class='ocrx_word' id='word_1_235' title='bbox 495 2675 550 2717; x_wconf 87' lang='lat' dir='ltr'>neo</span> <span class='ocrx_word' id='word_1_236' title='bbox 562 2656 638 2717; x_wconf 90' lang='lat' dir='ltr'>unde</span> <span class='ocrx_word' id='word_1_237' title='bbox 648 2656 765 2716; x_wconf 77' lang='lat' dir='ltr'>veniant</span> <span class='ocrx_word' id='word_1_238' title='bbox 777 2672 872 2733; x_wconf 84' lang='lat' dir='ltr'>quove</span> <span class='ocrx_word' id='word_1_239' title='bbox 891 2652 996 2712; x_wconf 88' lang='lat' dir='ltr'>abeant</span> <span class='ocrx_word' id='word_1_240' title='bbox 1015 2667 1138 2729; x_wconf 87' lang='lat' dir='ltr'>conper-</span> 
     </span>
     <span class='ocr_line' id='line_1_31' title="bbox 100 2736 1137 2820; baseline -0.006 -21"><span class='ocrx_word' id='word_1_241' title='bbox 100 2750 126 2793; x_wconf 70' lang='lat' dir='ltr'>to</span> <span class='ocrx_word' id='word_1_242' title='bbox 135 2746 203 2815; x_wconf 85' lang='lat' dir='ltr'>tum,</span> <span class='ocrx_word' id='word_1_243' title='bbox 219 2758 370 2820; x_wconf 83' lang='lat' dir='ltr'>numquam</span> <span class='ocrx_word' id='word_1_244' title='bbox 383 2741 550 2819; x_wconf 87' lang='lat' dir='ltr'>conspectis</span> <span class='ocrx_word' id='word_1_245' title='bbox 565 2740 619 2799; x_wconf 90' lang='lat' dir='ltr'>uisi</span> <span class='ocrx_word' id='word_1_246' title='bbox 635 2758 700 2799; x_wconf 89' lang='lat' dir='ltr'>oum</span> <span class='ocrx_word' id='word_1_247' title='bbox 710 2739 859 2817; x_wconf 90' lang='lat' dir='ltr'>praesidio</span> <span class='ocrx_word' id='word_1_248' title='bbox 873 2754 972 2797; x_wconf 78' lang='lat' dir='ltr'>earum</span> <span class='ocrx_word' id='word_1_249' title='bbox 984 2736 1137 2812; x_wconf 76' lang='lat' dir='ltr'>indigetur.</span> 
     </span>
     <span class='ocr_line' id='line_1_32' title="bbox 197 2822 1139 2903; baseline -0.008 -20"><span class='ocrx_word' id='word_1_250' title='bbox 197 2822 248 2884; x_wconf 91' lang='grc'><strong>28.</strong></span> <span class='ocrx_word' id='word_1_251' title='bbox 266 2826 352 2902; x_wconf 86' lang='grc'><strong>(49.)</strong></span> <span class='ocrx_word' id='word_1_252' title='bbox 375 2823 516 2884; x_wconf 83' lang='lat' dir='ltr'>lnvoeant</span> <span class='ocrx_word' id='word_1_253' title='bbox 531 2834 560 2883; x_wconf 90' lang='lat' dir='ltr'>et</span> <span class='ocrx_word' id='word_1_254' title='bbox 574 2824 714 2903; x_wconf 70' lang='lat' dir='ltr'>Aegypti</span> <span class='ocrx_word' id='word_1_255' title='bbox 728 2824 785 2882; x_wconf 81' lang='lat' dir='ltr'>itis</span> <span class='ocrx_word' id='word_1_256' title='bbox 808 2840 875 2881; x_wconf 91' lang='lat' dir='ltr'>snas</span> <span class='ocrx_word' id='word_1_257' title='bbox 898 2828 998 2881; x_wconf 89' lang='lat' dir='ltr'>contra</span> <span class='ocrx_word' id='word_1_258' title='bbox 1019 2836 1139 2896; x_wconf 87' lang='lat' dir='ltr'>serpen·</span> 
     </span>
     <span class='ocr_line' id='line_1_33' title="bbox 134 2902 1139 2985; baseline -0.006 -18"><span class='ocrx_word' id='word_1_259' title='bbox 134 2908 202 2967; x_wconf 89' lang='lat' dir='ltr'>tium</span> <span class='ocrx_word' id='word_1_260' title='bbox 224 2908 393 2983; x_wconf 88' lang='lat' dir='ltr'>adventurn,</span> <span class='ocrx_word' id='word_1_261' title='bbox 415 2917 446 2968; x_wconf 92' lang='lat' dir='ltr'>et</span> <span class='ocrx_word' id='word_1_262' title='bbox 468 2908 533 2967; x_wconf 85' lang='lat' dir='ltr'>Elei</span> <span class='ocrx_word' id='word_1_263' title='bbox 553 2908 706 2985; x_wconf 71' lang='lat' dir='ltr'>lilyiagron</span> <span class='ocrx_word' id='word_1_264' title='bbox 725 2907 812 2966; x_wconf 89' lang='lat' dir='ltr'>deum</span> <span class='ocrx_word' id='word_1_265' title='bbox 831 2920 994 2965; x_wconf 86' lang='lat' dir='ltr'>muscarum</span> <span class='ocrx_word' id='word_1_266' title='bbox 1014 2902 1139 2962; x_wconf 88' lang='lat' dir='ltr'>multitu·</span> 
     </span>
     <span class='ocr_line' id='line_1_34' title="bbox 135 2987 1139 3071; baseline -0.006 -20"><span class='ocrx_word' id='word_1_267' title='bbox 135 2992 199 3052; x_wconf 91' lang='lat' dir='ltr'>dine</span> <span class='ocrx_word' id='word_1_268' title='bbox 216 2994 409 3071; x_wconf 90' lang='lat' dir='ltr'>pestilentiam</span> <span class='ocrx_word' id='word_1_269' title='bbox 426 2992 587 3067; x_wconf 80' lang='lat' dir='ltr'>adferente,</span> <span class='ocrx_word' id='word_1_270' title='bbox 606 3009 683 3070; x_wconf 83' lang='lat' dir='ltr'>quae</span> <span class='ocrx_word' id='word_1_271' title='bbox 698 2992 828 3070; x_wconf 90' lang='lat' dir='ltr'>protinus</span> <span class='ocrx_word' id='word_1_272' title='bbox 843 2991 989 3049; x_wconf 84' lang='lat' dir='ltr'>intereunt</span> <span class='ocrx_word' id='word_1_273' title='bbox 1006 3002 1062 3065; x_wconf 79' lang='lat' dir='ltr'>qua</span> <span class='ocrx_word' id='word_1_274' title='bbox 1077 2987 1139 3046; x_wconf 88' lang='lat' dir='ltr'>lita·</span> 
     </span>
     <span class='ocr_line' id='line_1_35' title="bbox 135 3077 382 3137; baseline -0.008 -2"><span class='ocrx_word' id='word_1_275' title='bbox 135 3086 191 3136; x_wconf 87' lang='lat' dir='ltr'>tum</span> <span class='ocrx_word' id='word_1_276' title='bbox 207 3087 251 3136; x_wconf 91' lang='lat' dir='ltr'>est</span> <span class='ocrx_word' id='word_1_277' title='bbox 268 3080 294 3137; x_wconf 91' lang='lat' dir='ltr'>ei</span> <span class='ocrx_word' id='word_1_278' title='bbox 315 3077 382 3136; x_wconf 87' lang='lat' dir='ltr'>deo.</span> 
     </span>
     <span class='ocr_line' id='line_1_36' title="bbox 102 3153 1182 3240; baseline -0.003 -19"><span class='ocrx_word' id='word_1_279' title='bbox 102 3168 128 3210; x_wconf 68' lang='lat'>³⁵</span> <span class='ocrx_word' id='word_1_280' title='bbox 197 3161 247 3221; x_wconf 88' lang='grc'><strong>29.</strong></span> <span class='ocrx_word' id='word_1_281' title='bbox 266 3161 350 3240; x_wconf 80' lang='lat'><strong>(41.)</strong></span> <span class='ocrx_word' id='word_1_282' title='bbox 369 3160 428 3220; x_wconf 79' lang='lat' dir='ltr'>Sed</span> <span class='ocrx_word' id='word_1_283' title='bbox 443 3160 471 3219; x_wconf 89' lang='lat' dir='ltr'>in</span> <span class='ocrx_word' id='word_1_284' title='bbox 489 3175 610 3219; x_wconf 89' lang='lat' dir='ltr'>secessu</span> <span class='ocrx_word' id='word_1_285' title='bbox 626 3160 719 3219; x_wconf 85' lang='lat' dir='ltr'>avium</span> <span class='ocrx_word' id='word_1_286' title='bbox 735 3167 765 3218; x_wconf 90' lang='lat' dir='ltr'>et</span> <span class='ocrx_word' id='word_1_287' title='bbox 778 3167 905 3219; x_wconf 86' lang='lat' dir='ltr'>noctuae</span> <span class='ocrx_word' id='word_1_288' title='bbox 918 3158 1019 3236; x_wconf 86' lang='lat' dir='ltr'>paucis</span> <span class='ocrx_word' id='word_1_289' title='bbox 1035 3153 1138 3214; x_wconf 86' lang='lat' dir='ltr'>diebus</span> <span class='ocrx_word' id='word_1_290' title='bbox 1147 3162 1182 3218; x_wconf 87' lang='grc'>76</span> 
     </span>
     <span class='ocr_line' id='line_1_37' title="bbox 136 3239 1261 3323; baseline -0.006 -20"><span class='ocrx_word' id='word_1_291' title='bbox 136 3243 227 3303; x_wconf 88' lang='lat' dir='ltr'>latere</span> <span class='ocrx_word' id='word_1_292' title='bbox 240 3244 397 3319; x_wconf 89' lang='lat' dir='ltr'>traduntur,</span> <span class='ocrx_word' id='word_1_293' title='bbox 414 3260 533 3323; x_wconf 91' lang='lat' dir='ltr'>quarum</span> <span class='ocrx_word' id='word_1_294' title='bbox 546 3260 639 3322; x_wconf 83' lang='lat' dir='ltr'>genus</span> <span class='ocrx_word' id='word_1_295' title='bbox 652 3244 681 3303; x_wconf 94' lang='lat' dir='ltr'>in</span> <span class='ocrx_word' id='word_1_296' title='bbox 695 3240 784 3303; x_wconf 81' lang='lat' dir='ltr'>Creta</span> <span class='ocrx_word' id='word_1_297' title='bbox 795 3242 889 3303; x_wconf 87' lang='lat' dir='ltr'>insula</span> <span class='ocrx_word' id='word_1_298' title='bbox 898 3259 956 3302; x_wconf 92' lang='lat' dir='ltr'>non</span> <span class='ocrx_word' id='word_1_299' title='bbox 969 3249 1024 3301; x_wconf 90' lang='lat' dir='ltr'>est.</span> <span class='ocrx_word' id='word_1_300' title='bbox 1042 3239 1139 3311; x_wconf 88' lang='lat' dir='ltr'>etiam,</span> <span class='ocrx_word' id='word_1_301' title='bbox 1260 3309 1261 3316; x_wconf 8' lang='grc' dir='ltr'>ἵ</span> 
     </span>
     <span class='ocr_line' id='line_1_38' title="bbox 136 3326 1166 3407; baseline -0.006 -22"><span class='ocrx_word' id='word_1_302' title='bbox 136 3326 160 3385; x_wconf 90' lang='lat' dir='ltr'>sl</span> <span class='ocrx_word' id='word_1_303' title='bbox 184 3344 239 3405; x_wconf 84' lang='lat' dir='ltr'>qua</span> <span class='ocrx_word' id='word_1_304' title='bbox 260 3330 375 3387; x_wconf 83' lang='lat' dir='ltr'>invecta</span> <span class='ocrx_word' id='word_1_305' title='bbox 397 3330 451 3405; x_wconf 92' lang='lat' dir='ltr'>sit,</span> <span class='ocrx_word' id='word_1_306' title='bbox 476 3333 577 3391; x_wconf 89' lang='lat' dir='ltr'>emori.</span> <span class='ocrx_word' id='word_1_307' title='bbox 609 3348 674 3391; x_wconf 91' lang='lat' dir='ltr'>nam</span> <span class='ocrx_word' id='word_1_308' title='bbox 693 3329 768 3388; x_wconf 87' lang='lat' dir='ltr'>lraec</span> <span class='ocrx_word' id='word_1_309' title='bbox 790 3344 908 3407; x_wconf 81' lang='lat' dir='ltr'>qnoque</span> <span class='ocrx_word' id='word_1_310' title='bbox 927 3327 998 3385; x_wconf 87' lang='lat' dir='ltr'>mira</span> <span class='ocrx_word' id='word_1_311' title='bbox 1019 3332 1140 3382; x_wconf 88' lang='lat' dir='ltr'>naturae</span> <span class='ocrx_word' id='word_1_312' title='bbox 1164 3352 1166 3356; x_wconf 81' lang='grc'><em>·</em></span> 
     </span>
     <span class='ocr_line' id='line_1_39' title="bbox 136 3408 1143 3493; baseline -0.007 -23"><span class='ocrx_word' id='word_1_313' title='bbox 136 3409 305 3472; x_wconf 76' lang='lat' dir='ltr'>differentia.</span> <span class='ocrx_word' id='word_1_314' title='bbox 337 3413 393 3473; x_wconf 85' lang='lat' dir='ltr'>alia</span> <span class='ocrx_word' id='word_1_315' title='bbox 418 3416 482 3475; x_wconf 92' lang='lat' dir='ltr'>aliis</span> <span class='ocrx_word' id='word_1_316' title='bbox 504 3415 577 3478; x_wconf 88' lang='lat' dir='ltr'>loeis</span> <span class='ocrx_word' id='word_1_317' title='bbox 598 3424 700 3493; x_wconf 79' lang='lat' dir='ltr'>negat,</span> <span class='ocrx_word' id='word_1_318' title='bbox 724 3423 866 3491; x_wconf 85' lang='lat' dir='ltr'>tamquam</span> <span class='ocrx_word' id='word_1_319' title='bbox 888 3424 1002 3487; x_wconf 83' lang='lat' dir='ltr'>genera</span> <span class='ocrx_word' id='word_1_320' title='bbox 1026 3408 1143 3484; x_wconf 69' lang='lat' dir='ltr'>frugum</span> 
     </span>
    </p>
   </div>
   <div class='ocr_carea' id='block_1_3' title="bbox 0 0 1289 3842">
    <p class='ocr_par' dir='ltr' id='par_1_3' title="bbox 0 0 1289 3842">
     <span class='ocr_line' id='line_1_40' title="bbox 0 0 1289 3842; baseline 0 0"><span class='ocrx_word' id='word_1_321' title='bbox 0 0 1289 3842; x_wconf 95' lang='lat' dir='ltr'> </span> 
     </span>
    </p>
   </div>
  </div>
 </body>
</html>
