2542 3842
310 208 391 258 uun.
407 208 497 257 msa.
512 208 551 257 11.
573 204 726 260 101-103.
743 196 929 275 (roa—106.)
1088 196 1149 259 117

149 362 260 427 insulas
276 368 306 421 et
316 360 443 421 Aradum
458 370 487 421 et
501 360 530 421 in
547 358 688 423 Gaditano
703 377 825 421 oceano.
851 360 1050 423 Patavinorum
1064 364 1148 443 aquis

152 447 253 511 calidis
267 444 378 503 herbae
391 446 520 504 virentes
535 445 730 519 innascuntur,
746 442 911 503 Pisauorum
926 464 1024 521 ranae,
1042 446 1077 506 ad
1088 446 1146 512 Ve-

149 530 278 605 tulonios
301 529 330 586 in
351 526 465 587 Etruria
485 544 543 587 nun
564 528 668 606 procul
688 546 705 588 a
727 527 798 586 mari
820 529 928 605 pisces.
958 529 990 589 lu
1011 526 1148 590 Casinate
1227 588 1230 595 ,

150 615 256 675 lluvius
271 610 435 688 appellatur
449 609 600 684 Scatebra,
618 610 751 687 frigidus,
769 609 957 670 abundantior
972 620 1093 672 aestate.
1118 613 1160 671 io.

127 714 188 761 seo
210 704 241 754 ut
262 695 292 751 iu
314 692 458 760 Arcadiae
481 692 650 771 Stymphali·
668 702 822 753 nascuntur
848 692 988 771 aquatiles
1003 696 1145 761 musculi.

148 780 182 841 ln
193 778 319 838 Dodone
336 775 414 835 lovis
430 776 496 835 iona
513 794 576 835 cum
589 776 626 835 sit
642 776 756 853 gelidus
773 777 965 836 etinmersas
981 776 1053 836 iacis
1076 796 1126 837 ex·
1136 788 1189 843 228

149 865 293 939 stingum,
309 860 334 917 si
350 860 509 920 exstinctae
529 860 752 935 admoveantur,
768 860 910 919 accendit.
941 860 1017 921 idem
1027 860 1147 921 meridie

150 961 269 1022 semper
284 941 398 1017 deficit,
414 960 470 1020 qua
486 942 523 1027 de
539 960 627 1003 causa
642 932 869 1019 ἀναπαυόμενον
881 952 997 1003 uocant.
1023 958 1091 1002 mox
1107 944 1147 1002 in·

150 1026 291 1087 crescens
315 1024 349 1083 ad
375 1026 498 1085 medium
519 1026 613 1085 noctis
638 1024 794 1101 exuberat,
820 1026 857 1085 ab
873 1043 910 1086 eo
925 1045 1024 1087 rursus
1040 1026 1147 1085 sensim

112 1131 140 1173 ro
153 1109 261 1171 delicit.
292 1106 324 1166 ln
339 1106 463 1182 Illyricis
489 1125 577 1185 supra
597 1108 707 1169 iontem
727 1108 860 1185 frigidum
876 1128 1022 1188 expansae
1047 1117 1148 1168 vestes

149 1192 355 1253 accenduntur.
387 1190 466 1249 lovis
480 1190 645 1251 Hammonis
659 1200 790 1267 stagnum
806 1192 930 1251 interdiu
947 1192 1080 1269 frigidum
1095 1208 1147 1251 no·

150 1276 245 1335 atibus
262 1273 366 1333 fervet.
397 1272 429 1332 lu
447 1272 623 1350 Trogodytis
643 1273 708 1333 fons
728 1274 806 1333 Solis
823 1273 987 1351 appellatur
1008 1274 1101 1334 dulcis
1117 1283 1149 1333 et
1178 1330 1181 1334 ,

150 1359 228 1419 circa
244 1356 392 1415 meridiem
407 1358 529 1415 maxime
546 1356 678 1433 lrigidus.
701 1373 770 1415 mox
786 1356 921 1434 paulatim
936 1364 1094 1435 tepescens
1111 1356 1148 1417 ad

149 1442 244 1501 noctis
266 1438 361 1499 media
383 1438 500 1499 iervore
522 1447 552 1499 et
573 1440 759 1499 amaritudine
779 1440 937 1500 infestatur.
967 1439 1036 1501 Padi
1060 1440 1189 1503 ionsttb

111 1524 253 1587 comediis
269 1522 372 1582 diebus
388 1523 506 1581 aestivis
528 1523 607 1582 velut
625 1524 855 1602 interquiescens
876 1541 993 1601 semper
1009 1532 1086 1583 aret.
1119 1524 1148 1582 in

150 1606 271 1667 Tenedo
287 1605 380 1665 insula
394 1604 459 1665 lons
474 1622 621 1683 sempera
641 1608 725 1665 tertia
740 1607 835 1665 noctis
849 1606 921 1666 hora
940 1608 968 1665 iu
982 1615 1094 1665 sextam
1110 1602 1146 1665 ab

149 1690 263 1751 aestivo
276 1688 401 1747 solstitio
417 1688 552 1764 exundat,
570 1697 599 1748 et
613 1690 643 1748 in
653 1688 730 1747 Delo
742 1689 834 1750 insula
845 1688 951 1767 Inopus
965 1689 1030 1748 iona
1042 1688 1147 1749 eodem

151 1790 209 1852 qno
220 1771 302 1831 Nilus
314 1770 399 1830 modo
412 1788 447 1831 ac
458 1772 566 1849 pariter
582 1790 646 1831 cum
657 1788 693 1831 eo
710 1770 855 1831 decrescit
870 1781 1059 1853 augeturque.
1077 1788 1145 1829 con·

149 1864 196 1915 tra
213 1854 358 1914 Timavom
382 1872 493 1913 amnem
507 1854 599 1915 insula
618 1872 708 1933 parva
730 1856 758 1914 in
778 1856 849 1914 mari
867 1864 911 1915 est
935 1873 1000 1914 cum
1019 1852 1147 1917 lontibus

111 1938 263 2011 melidis,
280 1938 329 2015 qui
343 1939 451 2015 pariter
463 1955 526 1997 cum
538 1946 619 1997 aestu
632 1939 718 1999 maris
731 1947 864 1999 crescunt
873 1939 1099 2016 minuunturque.
1117 1938 1146 1996 iu

150 2037 223 2098 agro
235 2018 356 2079 Pitinate
369 2028 446 2079 trans
460 2019 662 2099 Appenninum
676 2021 779 2081 dusius
789 2021 925 2081 Novanus
942 2019 1074 2081 omnibus
1086 2018 1144 2079 sol·

151 2105 237 2163 stitiis
257 2110 371 2162 torrens
388 2103 488 2163 bruma
506 2106 640 2163 siccatur.
671 2102 702 2162 ln
724 2103 839 2163 Falisco
858 2105 949 2161 uminis
964 2120 1038 2181 aqua
1055 2110 1122 2180 pota
1134 2109 1188 2163 23⁰
1233 2102 1237 2109 ’

151 2185 290 2256 candidos
310 2185 402 2245 boves
423 2187 501 2246 iacit.
530 2186 559 2243 in
579 2185 702 2243 Bneutia
725 2186 813 2242 amuis
835 2184 927 2244 hlelas
949 2187 1012 2242 ovis
1036 2186 1145 2257 nigras,

151 2266 296 2347 Cephisus
312 2286 349 2328 ex
365 2268 469 2329 eodem
490 2267 555 2328 lacu
573 2266 721 2345 prulluens
739 2264 836 2341 albas,
860 2284 958 2325 rursus
980 2268 1078 2342 nigras
1092 2263 1145 2324 Pe·

95 2369 140 2409 .2s
151 2352 231 2425 nius,
246 2350 383 2429 rufasque
398 2352 475 2413 iuxta
492 2350 574 2411 llium
588 2349 729 2425 Xanthus,
744 2349 820 2408 uude
837 2357 984 2414 etuomen
999 2348 1082 2408 amni.
1114 2344 1147 2404 ln

149 2434 242 2494 Ponto
265 2433 366 2497 liuvius
382 2432 505 2494 Astaces
529 2435 604 2511 rigat
626 2450 744 2512 campos
766 2433 794 2492 in
817 2431 1044 2513 quibuspastae
1061 2431 1146 2509 nigro

149 2516 227 2577 lacto
241 2534 336 2594 equae
351 2526 467 2593 gentem
483 2518 569 2577 alunt.
600 2516 633 2579 ln
648 2516 770 2577 Reatino
785 2517 851 2577 lons
865 2516 997 2575 Neminie
1015 2511 1145 2593 appella·

148 2607 195 2659 tus
211 2598 269 2658 alio
287 2608 373 2677 atque
395 2600 451 2659 alio
470 2600 537 2659 loeo
561 2602 691 2660 exoritur
709 2617 839 2661 annonae
858 2601 1042 2659 mutationem
1058 2596 1150 2680 sigui-¹

149 2682 250 2741 boans.
279 2680 412 2742 Brundisi
426 2685 455 2741 in
470 2691 556 2761 portu
570 2683 635 2743 lons
653 2684 834 2762 incorruptas
849 2690 977 2760 praestat
993 2696 1082 2758 aquas
1097 2694 1145 2736 na·

111 2764 322 2841 mulgentibus.
352 2764 503 2839 lyncestis
524 2784 598 2844 aqua
616 2784 691 2845 quae
713 2773 835 2825 vocatur
854 2764 966 2823 acidula
985 2763 1043 2821 viui
1057 2758 1145 2819 modo

149 2846 324 2907 temulentos
339 2847 417 2907 lacit.
434 2849 502 2909 item
514 2851 542 2907 in
553 2848 749 2927 Paphlagonia
763 2856 791 2907 et
801 2850 829 2907 iu
841 2861 912 2921 egro
926 2842 1045 2905 Caleno.
1067 2841 1125 2901 An·
1136 2849 1187 2904 231

149 2929 201 2990 dro
219 2931 249 2988 in
268 2930 377 3007 insula,
404 2932 514 3009 templo
530 2930 627 2990 Liberi
650 2932 756 3007 patris,
779 2930 888 2987 iontem
909 2926 991 3009 nouis
1008 2924 1145 2984 Ianuariis

148 3030 267 3089 semper
288 3013 346 3071 vini
370 3031 477 3091 sapore
495 3013 586 3073 ducre
601 3011 750 3073 Mucianus
771 3019 816 3069 ter
837 3008 938 3067 consul
954 3008 1055 3068 credit.
1082 3008 1146 3067 dies

151 3094 293 3154 Θεοδοσία
302 3105 432 3157 vocatur.
461 3096 542 3156 luxta
556 3094 710 3155 Nonacrim
722 3096 750 3152 in
761 3092 886 3153 Arcadia
898 3093 971 3167 Styx
982 3109 1037 3151 nec
1054 3090 1145 3151 udure

110 3202 138 3246 ιι
148 3175 286 3239 differens
301 3196 357 3238 nec
373 3178 475 3237 colore
490 3177 673 3256 epota‘illico
689 3184 783 3248 necat.
798 3176 867 3234 item
880 3177 908 3234 in
918 3174 1059 3235 Liberoso
1073 3172 1145 3232 Tau·

147 3275 245 3319 rorum
261 3260 339 3321 colle
358 3269 418 3319 tres
435 3260 530 3321 fontes
547 3262 608 3320 sine
624 3259 770 3333 remedio,
796 3258 858 3318 sine
873 3258 976 3318 dolore
993 3253 1144 3316 mortiferi.

146 3339 179 3401 lu
201 3340 368 3403 Carrinensi
385 3342 540 3420 Hispaniae
558 3344 630 3423 agro
652 3343 709 3403 duo
730 3342 825 3401 iontes
847 3338 1050 3413 imminuat,
1072 3336 1146 3395 alter

148 3426 242 3485 omnia
257 3442 412 3505 respuens,
431 3426 506 3487 alter
520 3424 692 3487 absorbens.
715 3424 743 3486 in
759 3425 860 3485 eadem
875 3432 962 3501 geute
978 3422 1050 3481 alius
1065 3418 1145 3479 aurei
