2542 3842
79 226 85 239 ,
161 174 180 232 6
274 242 277 249 ,
517 170 838 232 c.'1³u1u1sucoun1

119 340 222 401 actim
244 341 359 419 quidem
377 328 487 414 omnis,
514 350 641 419 patrem,
664 350 693 401 te
709 341 902 420 fratremque,
928 343 1050 402 diximus
1067 342 1160 422 opere

163 428 248 500 iusto,
264 435 425 502 temporum
441 434 604 485 nostrorum
619 425 767 486 historiam
783 427 842 485 orsi
854 444 871 487 a
882 427 938 486 fine
950 427 1055 487 Aulidii
1067 428 1158 487 Bassi.

162 510 218 571 Ubi
234 511 269 567 sit
285 527 319 568 ea
336 507 481 587 quaeres?
497 509 555 570 lam
571 510 683 588 pridem
698 521 817 588 peracta
833 513 971 587 sancitur,
988 521 1018 571 et
1033 512 1161 591 alioquin
1225 548 1229 555 ι
1251 543 1252 562 ι

156 602 296 667 statutum
313 603 374 653 erat
389 594 490 654 heredi
506 594 653 667 mandare,
669 613 706 655 ne
722 595 790 673 quid
808 594 954 655 ambitioni
970 596 1088 656 dedisse
1103 598 1162 655 vita
1251 603 1252 644 ι

163 679 347 739 iudicaretur.
376 679 498 777 proinde
515 678 724 755 occupantibus
742 679 839 739 locum
853 680 952 755 taxeo,
971 698 1028 757 ego
1044 697 1116 740 vero
1133 690 1184 741 ιιι

164 763 290 842 posteris
312 779 387 841 quos
406 764 468 826 scio
486 761 636 821 nobiscum
657 763 860 823 decertaturos
877 766 952 824 sicut
967 766 1022 842 ipsi
1040 752 1162 824 lecimus

90 859 153 915 21
163 866 226 907 cum
251 847 406 925 prioribus.
442 845 649 925 Argumentum
677 846 759 906 huius
786 848 927 910 stomachi
955 849 1011 907 mei
1038 848 1163 908 habebis
1252 883 1253 888 ι

143 932 274 1011 quod
266 950 295 989 ιιι
316 930 360 989 his
382 930 574 989 voluminibus
597 938 746 990 auctorum
771 934 884 991 nomiua
906 934 1068 1011 praetexui.
1110 932 1163 992 list

132 1018 135 1026 '
164 1018 239 1077 enim
254 1014 408 1091 benignum
425 1014 470 1091 (ιιι
485 1013 624 1093 arbitror)
642 1024 672 1074 et
686 1015 802 1093 plenum
819 1017 936 1093 ingenui
947 1017 1067 1095 pudoris
1077 1017 1163 1077 lateri

72 1140 80 1169 ι
164 1118 218 1179 ιιι
235 1115 308 1176 quos
324 1098 505 1197 proieceris,
523 1115 580 1157 non
595 1108 626 1157 ιιι
641 1100 774 1178 plerique
791 1103 878 1159 exiis
894 1119 968 1180 quos
984 1104 1064 1179 attigi
1081 1102 1162 1161 iece-
1174 1120 1199 1160 ro

121 1192 237 1248 aaroni.
271 1184 351 1241 Scito
374 1184 449 1242 eninr
465 1182 665 1243 conferentem
683 1193 820 1245 auctores
834 1204 880 1246 me
899 1186 1130 1265 deprehendisse
1148 1204 1165 1244 a
1253 1219 1254 1308 ι

166 1268 344 1327 iuratissimis
360 1276 389 1327 et
405 1269 552 1345 proxumis
569 1276 689 1328 veteres
704 1272 909 1348 transscriptos
925 1270 1097 1330 adverbum
1113 1288 1164 1328 ue·
1253 1311 1254 1324 r

166 1372 222 1432 que
238 1354 418 1428 nominatos,
435 1370 492 1412 non
507 1354 557 1414 illa
571 1353 740 1430 Vergiliana
755 1356 871 1428 virtute,
889 1362 919 1413 ut
935 1347 1091 1428 certarent,
1107 1371 1165 1412 nou
1253 1339 1254 1410 l

167 1437 357 1496 Ciceroniana
374 1436 567 1534 simplicitate,
585 1439 633 1514 qui
649 1438 685 1495 de
702 1436 866 1514 republica
883 1437 1009 1496 Platonis
1025 1456 1059 1496 se
1075 1439 1164 1496 comi-

165 1532 224 1581 tem
242 1518 442 1597 profitetur,
435 1539 462 1579 ιιι
485 1519 686 1579 consolatione
704 1517 1035 1594 liliaelirantorem,
1061 1522 1162 1597 inquit,
1177 1542 1202 1581 ιι

167 1622 321 1682 sequor,
346 1605 413 1663 item
436 1604 602 1663 Panaetium
623 1604 660 1663 de
684 1603 805 1679 officiis,
834 1622 909 1682 quus
931 1604 1075 1664 volumina
1102 1603 1164 1663 edi·

124 1700 158 1753 23
167 1689 286 1763 scenda,
304 1706 360 1747 non
376 1690 462 1747 modo
475 1690 502 1747 iu
514 1687 644 1748 manibus
656 1688 763 1747 cotidie
775 1688 909 1748 habenda
921 1690 1006 1748 nosti.
1038 1687 1167 1747 Obnoxii
1214 1733 1221 1741 .

168 1772 301 1852 proiecto
328 1773 411 1832 animi
438 1782 467 1831 et
493 1772 618 1833 infelicis
645 1772 810 1849 ingeniosi
834 1773 1013 1852 deprehendi
1037 1774 1065 1831 in
1088 1772 1165 1831 iurto

100 1890 104 1893 ·
167 1857 252 1917 malle
274 1874 359 1935 ιιιιιιιι
382 1866 506 1916 ιιιιιιιιιιιι
528 1857 668 1931 reddere,
692 1875 756 1915 curu
779 1853 950 1934 praesertim
973 1875 1039 1917 sors
1060 1856 1109 1916 liat
1127 1874 1167 1915 ex

126 1952 262 2005 utusura.
295 1939 493 2018 inscriptionis
515 1942 591 2019 apud
610 1940 756 2001 Graecos
761 1943 832 2001 mira
850 1941 984 2002 felicitas.
982 1941 1131 2041 κηρίον
1123 1960 1164 1999 ιιι-
1174 1966 1203 2006 ao

168 2026 333 2103 scripsere,
356 2025 433 2103 quod
455 2025 594 2085 volebant
618 2024 741 2101 intelligi
758 2024 864 2100 iarum,
886 2026 934 2085 alii
958 2020 1044 2107 κέρας
1059 2016 1165 2102 lupar

169 2108 268 2186 θείας,
293 2110 372 2188 quod
396 2110 500 2187 copiae
519 2126 624 2184 cornu,
647 2118 677 2168 ut
697 2109 747 2169 vel
769 2109 854 2169 lactis
871 2051 1027 2208 gallinacei
1041 2126 1165 2208 sperare

168 2196 264 2274 possis
277 2194 305 2253 in
317 2194 461 2255 volumine
473 2194 613 2268 haustum,
631 2185 726 2270 dcccci,
743 2196 877 2270 Μοῦσαι,
892 2183 1086 2270 πανδὲκιαι,’
1074 2214 1166 2272 ιγχει-

169 2280 257 2356 pidia,
274 2271 389 2357 ιιιμών,
406 2279 504 2355 πίναξ,
522 2279 653 2377 ιχεδίων,
669 2279 874 2356 inscriptiones
889 2288 1011 2357 propter
1027 2295 1099 2356 quas
1114 2294 1165 2335 ra·
1252 2349 1256 2357 Δ

168 2365 321 2423 dimonium
336 2360 437 2422 de'seri
450 2364 552 2449 possit.
575 2371 603 2421 ιι
618 2380 682 2421 cum
698 2363 860 2459 intraveris,
877 2362 905 2422 di
920 2364 1062 2440 deaeque,
1080 2374 1204 2437 quatutt

161 2447 273 2507 ‘nihil'
266 2464 293 2503 nn
317 2428 412 2506 medio
435 2437 588 2512 invenies!¹
613 2444 712 2505 Nostri
734 2447 917 2522 grossiores,
947 2445 1166 2523 Antiquitatum,

169 2530 375 2609 Exemplorum
408 2530 578 2608 Antiumque
612 2527 808 2604 facetissimi,
828 2528 1067 2592 Lucubrationem
1096 2536 1166 2606 puto

170 2617 236 2695 quia
248 2614 406 2674 Vivaculus
424 2624 486 2674 erat
503 2623 532 2673 et
546 2613 715 2673 iocabatur.
738 2614 825 2691 paulo
841 2615 932 2674 minus
948 2613 1056 2675 adserit
1070 2612 1166 2676 Varro

63 2712 65 2717 ·
127 2702 197 2760 udin
213 2700 307 2759 satiris
324 2700 382 2757 suis
392 2698 573 2771 sesculixem
588 2707 618 2757 et
629 2696 811 2758 Flextabula.
841 2698 926 2778 Apud
940 2698 1069 2759 Graecos
1081 2696 1168 2755 desiit

170 2785 271 2861 nugari
292 2783 454 2858 Diodorus,
478 2792 507 2859 et
529 2777 724 2860 βιβλιοθηκης
743 2782 890 2841 historiam
914 2800 993 2842 suam
1008 2780 1166 2857 inscripsit
1178 2804 1206 2846 ιι

171 2871 267 2947 Apion
284 2868 400 2946 quidem
414 2828 615 2944 grammaticus
632 2865 695 2943 (hio
710 2884 795 2964 quem
811 2865 944 2927 'liberius
962 2863 1073 2926 Caesar
1087 2881 1166 2937 cynr-

172 2953 266 3013 balum
281 2952 377 3012 mundi
391 2950 526 3025 vocabat,
546 2968 609 3010 cunr
625 2952 762 3027 propriae
779 2950 873 3010 lamae
889 2959 1052 3027 tympanum
1069 2948 1168 3026 potius

171 3037 262 3097 videri
279 3038 396 3115 posset)
414 3035 615 3095 inmortalitate
638 3034 738 3093 donari
760 3052 824 3093 ase
841 3034 958 3112 scripsit
973 3034 1009 3092 ad
1025 3048 1099 3111 quos
1115 3032 1168 3092 ali·

129 3134 227 3201 26ιιιι
244 3120 437 3197 conponebat.
471 3119 517 3179 Μι
540 3135 596 3178 non
613 3119 740 3196 paenitet
758 3116 863 3177 nullum
881 3117 1061 3176 festiviorem
1076 3133 1167 3176 exco-

172 3207 281 3283 gitasse
299 3203 418 3263 titulum.
453 3212 481 3263 ιι
496 3222 532 3263 ιι
548 3204 575 3261 in
591 3210 680 3271 totum
695 3202 796 3261 videar
813 3201 942 3261 Graecos
958 3201 1110 3275 insectari,
1130 3218 1207 3263 exau

173 3288 229 3349 illis
246 3305 314 3347 mox
336 3286 422 3347 velim
444 3286 573 3363 intellegi
599 3286 737 3364 pingendi
755 3285 937 3364 fingendique
956 3284 1169 3360 conditoribus,

173 3390 247 3452 quos
270 3374 297 3431 in
319 3371 426 3431 libellis
448 3370 492 3429 his
514 3371 644 3431 iuvenies
665 3368 797 3429 absoluta
820 3386 912 3449 opera
935 3379 965 3429 ιι
985 3368 1033 3427 illa
1049 3383 1170 3447 quoque

174 3476 248 3536 quae
269 3457 398 3517 mirando
419 3470 476 3513 non
497 3455 631 3514 satiamur
652 3454 789 3532 pendenti
811 3454 892 3513 titulo
913 3452 1114 3531 inscripsisse,
1139 3462 1171 3511 ut
