2542 3842
392 176 397 179 ’
422 200 503 259 nau.
522 200 614 250 nrsr.
637 202 662 250 1.
684 189 751 275 (11.)
1081 197 1101 255 9

102 360 143 419 41.
162 355 390 436 νὶι“1ειιιροιιιιιι
407 358 472 417 anni
498 351 605 444 stata).
639 358 712 437 (42)
729 360 774 421 be
789 364 908 424 incertis
923 368 1101 443 tempestati·

67 490 72 502 .
99 446 158 504 bus.
176 443 216 503 de
235 441 385 503 imbribus.
413 441 486 521 (43)
504 443 541 503 de
558 441 712 504 tonitribus
727 453 757 504 et
770 446 914 524 fulgetris.
942 449 1100 529 (44-48)

98 530 158 603 Qua
173 528 289 587 mdoue
305 525 382 586 echo
397 527 544 589 reddatur.
576 526 737 587 Ventorum
752 546 872 608 genera,
889 543 1024 611 naturae,
1048 534 1100 594 ob·

99 613 292 673 servationes.
321 610 394 690 (49)
406 608 584 690 Eonepbias,
596 612 718 691 typhon,
748 614 821 693 (50)
832 617 970 693 turbines,
986 629 1100 697 preste·

82 716 158 772 ares,
173 697 317 771 vortices,
334 695 390 757 alia
401 697 571 773 prodigiosa
581 714 693 773 genera
704 707 930 777 tempestatum..
944 704 1100 784 (51-56)

98 780 140 842 lie
158 780 328 841 fulminibus
344 773 471 865 (quibus
491 782 623 841 interris
646 798 704 841 non
725 782 846 860 cadant,
873 793 904 845 et
918 803 1018 864 quare.
1050 788 1100 849 52.

99 884 207 944 genera
223 864 369 942 fdlgurum
385 873 414 925 et
429 865 576 925 miracula.
609 864 660 927 53.
676 866 801 928 Etrusca
824 868 995 929 observatio
1014 871 1043 930 in
1058 872 1103 931 bis

99 960 127 1010 et
143 949 284 1009 Romana.
315 949 366 1013 54.
383 949 421 1009 de
436 948 601 1009 fulminibus
619 952 787 1011 evocandis.
819 954 870 1015 55.
889 954 1034 1016 catholica
1050 954 1103 1016 ful·
1196 944 1202 951 ’

99 1054 208 1112 garum.
243 1033 294 1095 56.
311 1052 386 1115 quac
400 1050 553 1113 numquam
568 1030 740 1123 feriantur).
766 1037 838 1118 (57)
854 1038 943 1099 lacte
960 1039 1104 1117 pluuisse,
1186 1106 1189 1114 ¹

74 1122 252 1197 insanguine,
269 1136 368 1194 carue,
385 1118 476 1194 ferro,
493 1118 568 1195 lana,
585 1119 726 1180 lateribus
742 1124 845 1181 coctis.
863 1122 904 1160 **
919 1122 993 1202 (59)
1004 1124 1050 1185 De
1062 1124 1103 1185 la-

100 1204 216 1283 pidibns
239 1201 325 1263 caelo
351 1201 530 1263 cadentibus.
548 1202 759 1281 ‘Anaxagorea
775 1206 812 1265 de
828 1206 884 1265 bis.
917 1208 990 1287 (60)
1009 1209 1104 1269 Arcus

101 1288 250 1348 caelestis.
283 1286 355 1366 (61)
378 1284 486 1347 Natura
506 1287 672 1363 grandinis,
695 1290 787 1364 nivis,
810 1291 949 1367 pruinae,
966 1292 1103 1369 nebulae,

101 1374 184 1433 roris.
215 1370 340 1431 Nubinm
363 1372 514 1449 imagines.
546 1369 620 1450 (62)
645 1371 845 1451 Proprietates
869 1375 946 1435 caeli
967 1377 996 1435 in
1018 1375 1102 1461 locis.

104 1456 172 1535 (63)
189 1455 299 1516 Natura
313 1466 421 1515 terrae.
454 1454 526 1535 (64)
548 1455 586 1515 de
602 1455 694 1516 forma
715 1459 787 1517 eius.
820 1458 886 1537 (65.
903 1458 960 1539 66)
982 1460 1028 1520 Διι
1045 1461 1105 1520 'sint

77 1560 94 1599 re
102 1541 265 1621 antipodes.
297 1539 449 1615 Quomodo
472 1556 545 1619 aqua
566 1548 664 1601 terrae
686 1542 800 1602 innexa.
835 1562 910 1623 quae
925 1546 999 1604 ratio
1014 1545 1103 1605 llnmi·

101 1646 174 1686 num.
207 1624 281 1704 (67)
299 1642 334 1684 an
352 1623 544 1684 circumdatus
559 1632 657 1685 terrae
674 1642 813 1687 oceanus.
852 1626 927 1707 (68)
943 1647 1018 1708 quae
1035 1647 1103 1708 por·

99 1712 138 1771 tio
154 1719 255 1771 terrae
270 1707 425 1768 habitetur.
458 1707 531 1787 (69)
547 1707 672 1769 Mediam
687 1728 755 1771 esse
771 1712 868 1772 mnndi
882 1721 998 1773 terram.
1030 1712 1103 1792 (70)
1150 1778 1154 1783 ,

100 1795 144 1855 lle
172 1793 345 1873 obliquitate
372 1808 518 1853 zonarum.
555 1792 628 1872 (71)
654 1794 692 1853 de
717 1795 922 1875 inaequalitate
948 1798 1102 1858 climatum.

102 1878 175 1958 (72)
192 1876 248 1939 libi
263 1876 394 1956 eclipses
408 1894 465 1937 nou
481 1877 650 1955 adpareant,
667 1886 697 1938 et
711 1897 811 1958 quare.
843 1880 916 1961 (73)
933 1881 1016 1956 Quae
1030 1885 1104 1942 ratio

70 1964 222 2025 rudiumae
237 1962 312 2023 lucis
326 1963 355 2021 in
375 1963 471 2023 terris.
506 1962 577 2041 (74)
595 1960 770 2039 gnomonica
787 1965 825 2025 de
841 1966 1002 2027 eademne.
1037 1968 1103 2046 (75.

102 2048 158 2127 76)
177 2045 232 2107 Ubi
250 2055 278 2106 et
295 2046 409 2125 maudo
424 2046 521 2106 nullae
531 2045 667 2122 umbrae,
683 2047 733 2108 ubi
748 2047 794 2108 bis
810 2067 896 2110 anno.
923 2050 972 2110 nbi
985 2053 1015 2111 in
1035 2069 1104 2111 con·

23 2192 25 2199 ,
103 2133 218 2191 narium
235 2130 355 2191 umbrae
371 2130 509 2191 ferantur.
541 2130 614 2209 (77)
629 2131 687 2189 Ubi
702 2132 863 2207 longissimi
878 2134 956 2209 dies,
972 2134 1022 2193 ubi
1039 2135 1104 2193 bre·

106 2216 222 2273 tissimi.
255 2213 330 2294 (78)
353 2210 398 2274 De
421 2216 513 2293 primo
535 2213 703 2289 horologio.
733 2214 806 2293 (79)
829 2215 982 2287 Quomodo
1003 2215 1105 2274 obser·

106 2309 209 2359 ventur·
229 2300 303 2360 dies.
344 2296 415 2378 (80)
434 2298 605 2359 Differentia
627 2297 756 2374 gentium
777 2298 813 2358 ad
836 2298 976 2358 rationem
1000 2299 1105 2358 mundi.
1127 2338 1135 2360 .

70 2382 261 2463 ιι(81«83)
278 2382 324 2443 De
340 2392 437 2443 terrae
454 2380 589 2443 motibus.
617 2382 654 2443 de
675 2390 773 2443 terrae
788 2381 922 2443 lriatibus.
949 2384 1031 2461 signa
1045 2398 1106 2443 mo·
1158 2439 1163 2445 .

103 2478 150 2527 tus
164 2467 260 2529 futuri.
292 2458 365 2547 (84)
383 2466 488 2527 auxilia
504 2474 605 2531 contra
619 2475 715 2525 motus
729 2466 852 2528 futuros.
883 2465 957 2547 (85)
972 2476 1107 2547 portenta

101 2563 246 2613 terrarum
269 2551 362 2611 semel
382 2551 495 2612 tradita.
528 2548 600 2631 (86)
618 2551 756 2611 miracula
779 2561 877 2613 terrae
900 2562 1004 2613 motus.
1038 2551 1104 2632 (87.

102 2635 159 2716 88)
178 2636 293 2710 Quibus
310 2636 385 2696 locis
401 2636 490 2696 maria
506 2634 695 2695 recesserint.
729 2635 888 2697 lnsnlamm
909 2639 1107 2705 enascentium

102 2723 186 2781 ratio.
220 2718 294 2799 (89)
318 2734 393 2799 quae
416 2729 447 2779 et
470 2718 575 2798 quibus
599 2719 781 2798 temporibus
805 2730 909 2781 enatae
936 2722 1001 2781 sint.
1032 2721 1104 2800 (90)

71 2822 175 2883 aequas
198 2813 295 2864 terras
321 2804 525 2882 interruperint
553 2805 651 2864 maria.
682 2804 755 2883 (91)
783 2823 859 2883 quae
881 2804 996 2864 insulae
1016 2805 1105 2865 conti·

103 2891 180 2948 nenti
197 2888 351 2949 adiunctae
367 2889 432 2947 sint.
463 2885 535 2967 (92)
554 2905 628 2966 quae
644 2897 742 2947 terrae
756 2890 785 2947 in
800 2897 889 2948 totum
905 2889 976 2947 mari
992 2905 1105 2966 permu-

107 2980 193 3031 tatae.
224 2971 297 3052 (93)
310 2990 386 3050 qnae
398 2980 494 3031 terrae
507 2972 589 3051 ipsae
601 2990 634 3033 se
647 2972 821 3032 sorbuerint.
851 2971 924 3051 (94)
936 2971 1025 3031 urbes
1037 2971 1105 3032 ban·

104 3064 166 3115 stae
183 3058 266 3117 mari.
302 3056 375 3135 (95)
393 3056 438 3115 De
456 3056 617 3133 spiraculis.
649 3056 721 3134 (96)
753 3054 798 3116 De
813 3056 900 3115 terris
916 3074 1034 3137 semper
1047 3066 1105 3117 tre·

105 3141 258 3201 menibus.
277 3140 315 3210 de
326 3140 428 3199 insulis
443 3150 560 3221 semper
576 3139 787 3199 fluctuantibus.
815 3140 891 3220 (97)
905 3140 1017 3215 Quibus
1032 3141 1106 3201 locis

74 3242 97 3283 as
108 3240 165 3283 non
178 3225 299 3305 inpluat.
329 3220 402 3303 (98)
419 3222 563 3284 Acervata
578 3232 719 3283 terramm
729 3224 875 3285 miracula.
899 3224 972 3305 (99)
985 3223 1049 3297 Qua
1060 3242 1105 3284 ra·
1168 3294 1173 3300 ,

105 3308 183 3369 none
205 3318 307 3370 aestus
327 3310 415 3368 maris
435 3308 578 3387 accedant
599 3316 629 3367 et
646 3308 794 3369 recedant.
828 3308 922 3386 (100)
937 3308 985 3367 ubi
1000 3305 1106 3367 'aestus

26 3450 27 3455 ,
106 3402 189 3453 extra
213 3394 356 3453 rationem
387 3392 463 3451 idem
487 3390 602 3455 faciant.
639 3390 997 3470 (101-1os)urraeura
1018 3392 1106 3450 maris

107 3471 200 3559 (102.
218 3494 295 3556 quae
310 3478 440 3556 potentia
458 3475 543 3537 lunae
559 3476 596 3537 ad
610 3485 727 3537 terrena
742 3484 773 3535 et
786 3475 910 3548 marina,
943 3470 1012 3532 103.
1029 3482 1104 3547 qnae
