2542 3842
363 222 603 271 1111111111.
624 208 841 294 a—t.(a-t.)
1073 215 1114 276 67
1194 195 1198 201 ’

122 379 209 440 minus
226 378 361 455 evolent,
389 387 547 457 contraque
570 377 670 454 gravia
692 397 729 438 ne
746 388 828 439 ruant
845 380 982 458 suspendi
999 382 1114 445 levibus

122 466 149 523 111
163 461 284 523 sublime
299 462 493 523 tendentibus.
516 461 560 521 sic
576 463 639 539 pari
654 462 818 523 inadiversa
832 464 895 523 nisu
911 465 940 523 in
954 482 1007 525 suo
1024 484 1113 546 quae·
1135 509 1139 520 ,

122 566 174 628 que
187 547 348 607 consistere
361 547 524 625 inrequieto
536 545 631 605 mundi
640 546 731 623 Ipsius
744 548 900 607 constricta
912 550 1041 624 circuitu,
1055 566 1112 628 quo

122 648 235 709 semper
255 631 284 689 in
306 648 340 690 se
362 638 496 689 currente
518 630 602 689 imam
624 638 711 709 atque
732 630 856 696 mediam
872 632 901 689 in
916 639 979 692 toto
993 642 1111 709 terram,

101 715 297 792 scandemque
318 714 454 773 universo
479 712 625 773 cardinem
646 723 724 773 stare
746 714 938 792 pendentem,
961 715 1112 777 librantem
1169 708 1177 721 ⁴

3 796 20 829 ¹*
121 816 172 878 per
187 816 261 876 quae
278 798 483 875 pendeat,·ita
504 798 596 856 solam
620 797 788 857 inmobilem
809 798 889 858 circa
914 816 978 859 eam
992 799 1113 859 volubili

120 882 320 958 universitate,
347 882 528 960 eandemque
545 900 583 941 ex
598 881 729 941 omnibus
744 883 822 941 necti
843 884 998 961 eidemque
1021 884 1113 943 omnia

120 966 206 1027 inniti.
233 964 261 1025 6.
277 964 355 1025 lnter'
369 964 443 1025 banc
459 964 629 1051 caelumque
646 966 752 1026 eodem
767 966 868 1043 spiritu
883 968 1011 1045 pendent
1026 968 1114 1026 certis
1120 984 1154 1035 la

122 1050 245 1110 discreta
267 1050 367 1127 spatiis
388 1057 503 1128 septem
524 1049 619 1108 sidera
636 1066 710 1127 quae
727 1047 763 1108 ab
779 1052 896 1110 incessu
910 1068 1050 1111 vocamus
1067 1069 1113 1110 er·

90 1133 225 1209 rorantia,
249 1151 313 1193 cum
329 1142 427 1192 errent
441 1132 519 1191 nulla
533 1133 625 1191 minus
641 1132 709 1192 illis.
740 1132 848 1193 Eorum
863 1135 975 1194 medius
993 1131 1112 1194 101111-

111 1218 164 1277 'tur
175 1216 349 1295 amplissima
360 1217 553 1293 magnitudine
566 1234 601 1275 ac
613 1225 770 1293 potestate,
787 1235 843 1276 nec
855 1226 1016 1295 temporum
1026 1219 1113 1278 modo

119 1311 317 1379 terrarumque
345 1300 397 1360 sed
423 1300 549 1361 siderum
575 1300 662 1359 etiarn
685 1300 814 1377 ipsorum
841 1302 974 1380 caelique
1002 1310 1111 1361 rector.

119 1384 200 1445 lluuc
222 1403 289 1445 esse
310 1384 405 1445 mundi
423 1385 512 1444 totius
536 1383 658 1444 animum
681 1401 716 1443 ao
737 1384 851 1462 planius
871 1395 1012 1461 mentem,
1039 1385 1155 1448 11111013

118 1468 278 1548 principale
296 1477 414 1529 naturae
431 1468 562 1544 regimen
586 1485 620 1527 ac
641 1485 745 1528 numen
769 1468 892 1529 credere
915 1470 1002 1530 decet
1022 1486 1124 1548 opera.

86 1578 111 1618 aa
121 1554 180 1613 eius
198 1553 393 1613 aestumantis.
420 1551 474 1613 Hic
489 1552 584 1611 lucem
601 1550 691 1611 rebus
707 1552 847 1611 ministrat
862 1553 1014 1632 aufertque
1030 1562 1112 1612 tene-

118 1638 194 1713 bras,
211 1636 259 1697 lrio
269 1637 384 1714 reliqua
397 1635 493 1695 sidera
505 1636 632 1695 occultat
644 1636 792 1711 inlustrat,
808 1635 856 1696 hic
866 1638 940 1697 vicis
952 1647 1113 1715 temporum
1132 1698 1140 1709 ,

118 1738 277 1801 annumque
299 1738 416 1797 semper
443 1729 646 1779 renascentem
674 1738 712 1777 ex
737 1737 791 1779 usu
815 1728 934 1781 naturae
958 1730 1112 1801 temperat,

117 1804 164 1865 1110
187 1803 263 1865 caeli
284 1805 425 1863 tristitiam
440 1804 556 1863 discutit
583 1812 670 1881 atque
688 1804 774 1863 etiam
788 1803 901 1863 bumani
915 1804 1013 1865 nubila
1029 1805 1113 1864 animi

118 1896 251 1965 serenat,
275 1888 323 1947 1110
343 1906 423 1947 suum
444 1887 539 1946 lumen
557 1887 665 1946 ceteris
688 1904 804 1967 quoque
829 1887 973 1948 sideribus
988 1889 1112 1964 fenerat,

6 2016 22 2062 s,
83 1998 109 2037 10
118 1972 302 2051 praeclarus,
319 1972 456 2047 eximius,
474 1970 567 2031 omnia
583 1972 713 2047 intuens,
730 1973 824 2033 omnia
842 1974 927 2032 etiam
942 1973 1112 2048 exaudiens,

118 2064 148 2117 ut
165 2056 288 2135 principi
303 2056 462 2115 litterarum
475 2054 602 2114 Homero
618 2055 765 2133 placuisse
780 2057 809 2117 in
825 2073 882 2117 uno
898 2074 935 2115 eo
950 2058 1047 2117 video.

182 2140 212 2198 7.
230 2140 290 2219 (5.)
307 2138 494 2218 Quapropter
510 2138 638 2214 effigiem
655 2139 702 2197 dei
717 2138 895 2215 formamque
913 2156 1056 2217 quaerere
1072 2139 1154 2206 111-14

115 2222 287 2284 beoillitatis
307 2221 446 2287 humanae
468 2238 549 2285 reor.
581 2219 718 2297 Quisquis
741 2229 786 2278 est
807 2220 896 2296 deus,
926 2219 1051 2279 simodo
1070 2230 1115 2278 est

116 2308 209 2383 alius,
221 2334 223 2339 ¹
235 2316 263 2365 et
278 2324 456 2386 quacumque
473 2306 501 2364 in
516 2312 609 2383 parte,
627 2302 769 2362 totusest
782 2320 903 2379 sensus,
928 2311 1006 2363 totus
1022 2303 1112 2377 visus,
1222 2364 1230 2383 α

81 2392 195 2452 11101111
207 2390 328 2466 auditus,
344 2389 422 2451 totus
433 2392 555 2464 animae,
574 2397 652 2447 totus
667 2383 762 2464 animi,
777 2396 854 2448 totus
869 2389 923 2448 sui.
945 2387 1114 2449 Innumeros

117 2475 235 2555 quidem
257 2474 380 2535 credere
404 2484 490 2553 atque
513 2474 599 2533 etiam
620 2490 658 2531 ex
672 2473 753 2532 vitiis·
770 2472 928 2549 hominum,
956 2482 986 2533 ut
1000 2471 1112 2533 Pudici-

116 2561 202 2635 tiam,
221 2555 431 2634 Goncordiam,
449 2556 590 2632 Mentem,
607 2558 712 2635 Spem,
729 2552 892 2633 Honorem,
912 2556 1112 2630 Clementiam,

116 2642 237 2717 Fidem,
257 2651 305 2702 eut
322 2642 367 2719 (ut
382 2641 549 2702 Democrito
565 2640 688 2719 placuit)
705 2642 777 2700 duos
793 2642 924 2715 omnino,
941 2640 1066 2700 Poenam
1084 2648 1114 2697 et

115 2726 305 2801 Beneficium,
321 2727 459 2785 maiorem
474 2726 510 2785 ad
525 2724 689 2784 socordiam
705 2726 827 2785 accedit.
849 2723 973 2799 Fragilis
989 2733 1019 2782 et
1031 2722 1154 2787 lab0·15

81 2831 107 2872 ao
116 2812 197 2871 riosa
210 2809 372 2871 mortalitas
388 2808 897 2888 1111111111111111111111111111111111111
910 2823 980 2865 suae
991 2820 1112 2879 mernor,

114 2902 146 2955 ut
161 2893 345 2973 portionibus
357 2894 471 2953 coleret
487 2894 608 2971 quisque
625 2910 682 2970 quo
698 2894 820 2952 manime
832 2890 986 2966 indigeret.
1013 2888 1113 2967 ltaque

113 2979 231 3039 nomina
253 2978 310 3038 alia
334 2976 398 3037 aliis
413 2976 549 3054 gentibus
567 2984 597 3034 et
611 2976 723 3034 numina
738 2976 766 3034 in
781 2974 883 3034 iisdem
896 2970 1114 3032 innumerabilia
1187 2974 1190 2979 ’

113 3064 296 3137 invenimus,
318 3061 420 3121 inieris
441 3078 557 3139 quoque
577 3058 607 3117 in
622 3076 732 3135 genera
752 3056 922 3134 descriptis,
945 3057 1113 3136 morbisque

14 3188 19 3209 .
117 3155 146 3205 et
162 3146 260 3207 multis
277 3146 362 3205 ctiam
379 3145 521 3223 pestibus,
537 3144 602 3203 dum
617 3160 684 3201 esse
701 3142 830 3220 placatas
845 3141 957 3219 trepido
971 3150 1049 3201 metu
1065 3154 1112 3200 cu·

81 3244 105 3286 as
115 3231 220 3307 pimus.
254 3228 386 3307 ldeoque
403 3230 488 3288 etiam
503 3226 619 3305 publice
638 3225 740 3285 Febris
755 3225 851 3285 fanum
865 3227 893 3285 in
907 3225 1017 3286 Palatio
1035 3225 1153 3290 dica-16

116 3322 176 3374 turn
192 3322 256 3389 est,
282 3310 418 3373 Orbonae
442 3311 477 3370 ad
498 3311 601 3371 aedem
617 3310 719 3369 Larum
741 3327 791 3369 ara
812 3318 841 3368 et
855 3308 951 3371 Malae
968 3308 1111 3368 Fortunae

118 3394 268 3477 Esquiliis.
302 3394 497 3471 Quamobrem
518 3396 608 3453 maior
632 3394 765 3453 caelitum
788 3394 913 3473 populus
928 3395 1012 3452 etiarn
1029 3407 1113 3468 quarn

117 3478 264 3541 bominum
281 3479 413 3557 intellegi
429 3486 543 3557 potest,
568 3496 630 3537 curn
645 3478 750 3553 singuli
765 3494 881 3557 quoque
896 3472 1112 3589 exsssemetipsis

406 3742 511 3787 f,
