2542 3842
295 164 376 215 nur.
392 164 483 215 uren.
498 164 537 213 ιι.
555 158 710 215 roe—not.
728 152 919 231 (roo—111.)
1079 153 1138 263 tra

108 376 111 383 .
198 317 268 381 106.
286 318 391 397 (110.)
403 314 512 377 Verum
522 319 551 379 in
562 319 698 380 montium
710 318 855 378 miraculis
866 319 949 380 ardet
960 317 1055 378 Aetna
1065 336 1118 379 no·
1129 319 1183 384 23⁴6

135 402 232 463 otibus
247 419 375 481 semper,
391 410 529 480 tantoque
545 400 744 477 aevoignium
757 402 878 461 materia
894 402 1018 477 suffieit,
1036 402 1139 462 nivalis

133 486 265 546 bibernis
291 484 469 562 temporibus
493 493 683 562 egestumque
707 484 834 542 cinerem
860 486 968 565 pruinis
990 487 1138 564 operiens.

133 568 200 629 Nec
217 568 270 629 illo
285 572 392 629 tautum
414 575 515 628 natura
539 569 632 628 saevit
653 568 836 627 exustionem
857 568 943 626 terris
959 563 1151 628 denuntians(

109 652 243 729 cllagrat
272 653 301 711 iu
324 649 478 710 Phaselitis
508 660 590 710 mons
613 648 781 726 Chimaera,
808 658 838 709 et
858 649 976 727 quidem
997 652 1141 711 inmortali

132 735 239 795 diebus
255 752 290 794 ac
306 734 441 793 noctibus
458 732 579 794 damma.
604 735 701 810 iguem
717 734 780 793 eius
792 732 916 794 accendi
931 750 1016 810 aqua,
1033 736 1139 793 exstin-

133 819 184 895 gui
196 834 269 877 vero
285 826 364 877 terra
381 826 429 876 aut
444 816 529 877 laeuo
547 815 664 876 Cnidius
678 814 793 877 Ctesias
810 816 906 877 tradit.
930 816 1034 878 eadem
1046 818 1075 875 iu
1085 816 1139 893 Lp-

134 901 181 961 cia
197 900 369 979 llephaestii
379 908 494 959 montes
509 901 595 960 taeda
610 900 773 960 flammante
784 901 854 959 tacti
864 900 1004 976 flagrant,
1023 908 1052 959 et
1064 899 1139 959 adeo

134 992 167 1043 nt
183 983 297 1061 lapides
312 1001 430 1061 quoque
447 983 575 1043 rivorum
590 992 619 1041 et
636 982 764 1043 harenae
780 984 810 1042 in
823 984 896 1061 ipsis
911 984 993 1061 aquis
1008 982 1139 1056 ardeant,

98 1083 124 1125 ro
136 1066 280 1143 aliturque
294 1067 369 1142 iguis
388 1066 438 1126 ille
453 1066 568 1144 pluviis.
592 1065 698 1125 baculo
713 1068 738 1125 si
754 1068 818 1145 quis
836 1085 874 1125 ex
888 1067 924 1126 113
939 1083 1067 1127 accenso
1082 1074 1139 1125 tra·

133 1150 212 1209 xerit
227 1150 353 1224 sulcum,
367 1150 449 1213 rivos
466 1149 572 1225 ignium
589 1150 674 1227 sequi
689 1158 816 1221 uarrqut.
845 1148 950 1224 llagrat
964 1150 992 1207 in
1007 1148 1118 1210 Bactris
1129 1154 1182 1211 23⁷

135 1230 280 1309 Gopbanti
294 1232 428 1295 noctibus
442 1240 556 1291 vertex.
578 1229 681 1308 flagrat
696 1233 726 1290 iu
738 1230 832 1291 Medis
848 1240 878 1290 et
894 1232 1053 1306 Sittacene,
1071 1249 1139 1291 cou-

132 1315 204 1374 liuio
226 1314 372 1390 Persidis,
397 1315 478 1375 Susis
501 1314 617 1393 quidem
638 1313 675 1374 ad
690 1313 802 1373 Turrim
824 1313 919 1375 albam
931 1312 988 1373 XV
1010 1315 1139 1389 caminis,

133 1414 267 1457 maxumo
284 1414 384 1457 eorum
400 1407 429 1457 et
449 1399 583 1460 interdiu
610 1415 729 1476 campus
745 1395 923 1472 Babyloniae
947 1397 1050 1474 llagrat
1069 1415 1139 1476 qua·

95 1507 124 1549 15
135 1480 200 1541 dam
214 1480 305 1541 veluti
320 1481 431 1558 piscina
447 1482 540 1558 iugeri
562 1482 766 1558 magnitudine.
793 1480 968 1559 Aethiopum
989 1483 1066 1540 iuxta
1081 1479 1139 1539 lle·

134 1581 254 1641 sperum
274 1572 416 1639 montem,
442 1564 590 1625 stellarum
612 1564 699 1623 modo
721 1566 816 1642 campi
833 1572 930 1623 noctu.
960 1564 1090 1623 similiter
1111 1565 1140 1622 iu

133 1645 448 1725 Megalopolitanorum
474 1665 556 1727 agro.
586 1665 652 1724 nam
682 1649 707 1707 si
737 1648 889 1707 intermisit
920 1646 971 1706 ille
999 1645 1138 1706 iucundus

134 1728 327 1807 frondemque
342 1730 425 1790 densi
440 1748 528 1809 supra
543 1748 576 1791 se
592 1731 720 1790 nemoris
734 1748 792 1789 nou
806 1732 930 1791 adurens
948 1738 977 1789 et
992 1731 1070 1790 iuxta
1085 1748 1138 1806 ge·

133 1812 224 1873 lidum
240 1812 356 1873 *fontem
378 1831 496 1892 semper
517 1814 622 1874 ardeus
637 1813 800 1892 Nymphaei
816 1822 921 1888 crater,
938 1814 999 1873 dira
1015 1812 1139 1891 Apollo·

96 1914 125 1955 ao
135 1896 220 1954 uiatis
232 1897 291 1955 suis
305 1896 460 1975 portendit,
473 1904 504 1956 ut
514 1896 721 1975 Theopompus
732 1897 857 1957 tradidit
871 1906 992 1974 augetur
1002 1896 1141 1956 imbribus

137 1979 290 2077 egeritque
305 1978 432 2039 bitumen
453 1981 671 2064 temperandum
692 1980 772 2041 lonte
794 1980 845 2040 illo
862 1978 1042 2055 ingustabili,
1066 1980 1140 2040 alias

135 2062 213 2120 omni
230 2054 366 2121 bilumiue
391 2050 516 2122 dilutius.
547 2062 607 2123 Sed
628 2065 692 2142 quis
715 2063 789 2123 haec
811 2060 949 2121 miretur?
976 2061 1182 2127 iuueniores

134 2162 213 2203 marr
199 2140 310 2203 Hiera
324 2145 417 2205 insula
432 2146 538 2205 Aeolia
552 2148 630 2205 iuxta
646 2145 756 2205 ltaliam
779 2162 843 2203 cum
863 2146 928 2222 ipso
951 2145 1022 2202 mari
1037 2163 1138 2204 arsere

134 2244 191 2303 per
206 2226 316 2305 aliquot
334 2227 397 2288 dies
419 2227 521 2288 sociali
537 2225 638 2302 bollo,
663 2226 759 2285 donec
776 2226 885 2301 legatio
906 2233 1023 2284 senatus
1039 2227 1136 2302 piavit
1177 2224 1183 2232 '

96 2327 125 2368 2⁵
135 2326 269 2383 maxumo
283 2318 380 2369 tamen
395 2312 477 2371 ardet
493 2310 628 2370 incendio
642 2309 744 2369 Theon
761 2309 883 2369 ochema
897 2307 1003 2369 dictum
1017 2307 1138 2367 Aethio·

136 2410 205 2469 pum
221 2393 329 2469 iugum,
344 2396 540 2475 torrentisque
552 2393 624 2452 solis
640 2392 792 2453 ardoribus
807 2392 934 2453 dammas
948 2392 1060 2469 egerit.
1083 2390 1141 2451 Tot

134 2473 223 2549 loeis,
242 2482 284 2533 tot
300 2477 440 2536 incendiis
456 2495 552 2536 rerum
567 2486 670 2537 natura
684 2485 779 2537 terras
798 2484 917 2536 cremat.

198 2557 268 2617 107.
286 2556 391 2638 (111.)
406 2554 563 2621 Praeterea
580 2579 644 2621 cum
658 2561 695 2619 sit
709 2560 793 2619 buius
805 2560 886 2620 unius
898 2558 1033 2631 elementi
1044 2560 1119 2618 ratio
1130 2568 1182 2624 239

134 2639 278 2715 fecunda,
303 2658 395 2719 seque
419 2644 483 2719 ipsa
504 2644 596 2721 pariat
618 2652 649 2703 et
671 2644 801 2702 miuumis
826 2651 940 2701 crescat
963 2642 1139 2715 asciutillis,

96 2736 126 2777 ao
139 2721 207 2801 quid
221 2722 287 2782 fore
303 2724 458 2801 putandum
473 2735 517 2785 est
532 2726 560 2784 in
577 2734 620 2787 tot
636 2727 716 2803 rogis
732 2722 849 2785 terrae?
872 2741 946 2801 quae
963 2733 1008 2784 est
1026 2724 1075 2783 illa
1089 2741 1138 2783 ua·

136 2814 199 2864 tura
214 2822 290 2882 quae
307 2810 494 2867 voracitatem
509 2810 537 2867 in
551 2818 613 2868 toto
629 2809 733 2868 mundo
749 2806 942 2868 avidissimam
958 2807 1019 2864 siue
1036 2806 1139 2865 damno

136 2888 181 2947 sui
198 2886 314 2965 pascit?
339 2888 489 2950 Addautur
504 2891 549 2950 lris
565 2890 662 2949 sidera
677 2892 823 2949 innumera
837 2891 998 2965 ingensque
1014 2887 1070 2960 sol,
1090 2889 1138 2948 ad·

135 2970 239 3030 dautur
256 2970 370 3037 huma‘nl
387 2972 472 3049 ignes
485 2982 515 3032 et
527 2972 654 3051 lapidum
666 2989 783 3050 quoque
793 2972 868 3036 insiti
880 2977 1009 3044 naturae,
1029 2972 1138 3029 attritu-

136 3070 194 3131 que
209 3054 285 3113 inter
300 3072 333 3114 se
351 3055 432 3131 ligni,
451 3055 508 3115 iam
521 3054 639 3115 nubium
653 3064 683 3114 et
696 3055 826 3130 origines
840 3051 995 3112 fulminum
1023 3054 1139 3114 excedit

99 3134 273 3214 aeproiecto
294 3138 434 3199 miracula
457 3140 550 3197 omnia
575 3138 664 3198 ullum
687 3137 762 3196 diem
777 3136 867 3196 luisse
891 3154 948 3215 quo
963 3154 1020 3196 uon
1036 3146 1138 3197 cuncta

137 3217 368 3295 conflagrarent,
393 3238 458 3279 cum
481 3220 602 3299 specula
626 3237 741 3298 quoque
767 3236 897 3279 concava
917 3220 1041 3279 adversa
1065 3219 1137 3277 solis

135 3300 226 3361 radiis
242 3302 358 3362 facilius
373 3303 459 3361 etiam
475 3304 636 3363 accendant
650 3321 735 3381 quam
749 3300 824 3362 ullus
839 3302 937 3363 alius
929 3303 1012 3378 iguis.
1042 3300 1117 3372 Quid
1127 3310 1181 3365 240

136 3384 215 3463 quod
239 3384 463 3448 imumerabiles
484 3387 567 3469 parvi
592 3386 646 3448 sed
667 3385 813 3448 naturales
834 3383 967 3445 scatent?
996 3384 1029 3443 In
1049 3382 1137 3458 Nym‘
