2542 3842
192 132 253 196 ²64
537 144 567 192 c.
582 143 842 192 emissenam
881 145 908 186 x

190 297 299 360 Calena
312 309 341 360 et
350 317 426 379 quaa
437 300 465 360 iu
476 299 569 360 riusis
579 297 764 377 arbustisque
778 307 931 359 naseuntur
940 297 1082 359 Fundana
1096 310 1132 360 et
1144 303 1203 363 alia

190 381 229 446 ‘ex
247 383 350 444 aioinia
371 383 467 460 urbis,
490 383 656 459 Veliternus,
679 381 865 443 Privernatia.
894 399 958 443 uana
974 382 1055 460 qaod
1070 384 1201 461 Signiae

186 469 315 528 woltun
336 469 504 528 austeritate
525 469 609 528 nimia
625 468 814 528 contineam
836 466 908 526 utile
923 467 992 527 alvo
1006 469 1090 526 inter
1103 471 1199 530 merli·

145 553 301 616 tooaruirla
316 559 489 612 numeratur.
518 553 570 632 {a}
602 550 739 624 Quartum
756 551 927 611 ourrionlum
943 550 1072 630 pnlslieis
1097 554 1198 631 opalis

190 637 342 714 optinuere
349 653 375 696 -a
389 637 455 698 alirn
470 635 544 698 lulio
561 636 643 694 -is
657 635 731 694 enirn
745 637 852 714 primns
866 637 1069 695 sonoritatem
1083 635 1134 696 lais
1149 640 1215 696 tri-s

188 719 264 795 iuis,
281 729 312 780 nt
326 720 457 798 epistulis
474 721 539 780 eius
555 719 677 797 adparet
695 751 738 764 -
750 718 916 779 llamertina
930 720 1008 779 eirea
1023 718 1196 781 Messanam

188 804 217 863 in
232 804 330 864 Sicilia
341 805 448 881 genita.
466 821 504 864 ex
518 804 563 863 his
574 802 712 862 Potulana
726 803 763 862 als
775 811 896 862 anctore
907 802 992 862 iliata.
1006 803 1063 862 illo
1081 821 1194 882 cogno

189 887 265 948 naine
285 895 426 966 'proxuma
449 886 550 948 ltaliae
574 886 915 965 laudantnr‘praeoipue.
957 885 1011 945 list
1030 888 1065 945 in
1091 890 1195 948 eaden

186 971 289 1032 Sicilia
306 981 337 1030 et
350 970 596 1032 Tauromenitanis
619 970 714 1031 honos
732 970 845 1048 lagonis
863 988 917 1050 pro
931 969 1114 1030 llnmertino
1135 972 1194 1050 ple·

143 1059 181 1120 at
191 1071 311 1134 raraque
320 1054 455 1135 pellitis.
480 1056 532 1134 [5.]
555 1053 602 1114 lix
615 1054 736 1133 reliquis
749 1063 844 1126 antem
857 1072 874 1115 a
891 1069 997 1132 supero
1011 1056 1090 1114 meri
1108 1053 1216 1115 Prae-s

189 1140 258 1200 tatia
280 1136 366 1217 atque
384 1137 506 1200 Annene
533 1139 697 1214 nascentia,
726 1146 757 1197 et
774 1155 886 1215 quaea
906 1136 1000 1217 palma
1029 1152 1091 1198 nna
1119 1139 1194 1198 torte

190 1231 274 1282 enata
300 1222 457 1300 palmensia
479 1221 688 1302 appellavere,
709 1223 737 1281 in
759 1222 970 1282 mediterraneo
985 1237 1063 1280 vero
1080 1219 1193 1284 Caese-

189 1307 265 1366 natia
285 1322 320 1367 ao
333 1304 565 1382 llaeoenatiana‚
587 1309 615 1366 iu
628 1306 802 1366 veroniensi
821 1306 889 1366 itera
902 1304 1023 1364 llaetioa
1055 1303 1193 1366 Falernis

186 1398 295 1450 tautum
317 1390 443 1468 postlata
464 1408 481 1450 a
502 1389 654 1468 Vergilio,
676 1406 744 1449 moa
763 1388 801 1448 als
820 1390 926 1449 intumo
947 1389 1011 1448 nau
1025 1392 1126 1449 maris
1141 1390 1192 1450 lla

188 1473 300 1547 laianu,
315 1473 352 1534 ab
366 1475 460 1534 iniero
472 1483 566 1535 autem
580 1473 763 1548 beliniensis,
776 1471 965 1549 Graviseana,
977 1474 1191 1532 Statoniensia.
1199 1489 1214 1531 o

146 1555 324 1623 nslltrurlae
342 1557 420 1620 tuna
440 1559 563 1638 palmam
585 1558 690 1636 habet,
711 1556 844 1633 Liguriae
859 1556 967 1617 Genua.
1002 1554 1087 1632 lutea
1104 1556 1191 1631 Pyre

187 1657 291 1702 naenia
304 1641 446 1722 Alpisque
461 1640 588 1702 llassilia
602 1642 718 1718 gemino
734 1657 859 1719 sapore,
875 1639 989 1718 quanm
1002 1647 1032 1697 et
1050 1640 1191 1699 conlisa

75 1792 82 1802 ,
187 1725 233 1786 lis
244 1725 309 1784 aliis
320 1725 558 1801 piaqaiusgignit
571 1725 648 1804 qaod
658 1733 899 1784 voeatsneosum.
916 1723 1105 1782 Beterraraar
1115 1725 1189 1781 intra

188 1805 295 1868 Gallias
312 1808 442 1866 consistit
458 1809 625 1867 auotoritas.
656 1805 693 1867 (le
706 1807 827 1885 reliquis
836 1808 870 1874 ,in
879 1805 1065 1868 Narbonensi
1077 1806 1185 1880 genitis

188 1888 364 1950 alsarerare
375 1907 432 1951 non
444 1899 500 1966 est,
510 1892 643 1970 qnoniam
654 1890 797 1952 olioinara
808 1891 871 1951 eius
882 1891 926 1950 rei
936 1890 1042 1967 leeere
1056 1889 1219 1965 tinguen-so

187 1980 233 2032 tes
247 1972 343 2050 inmo,
359 1976 523 2054 utinamque
544 1992 602 2035 non
620 1984 650 2034 et
663 1974 763 2035 laerlris
777 1991 813 2035 ae
826 1973 1066 2035 moliminibus
1079 1974 1188 2032 noxiis.

188 2057 298 2136 quippe
318 2060 404 2120 etiarn
422 2059 489 2120 aloe
506 2067 652 2120 mereator
666 2075 800 2138 saporem
822 2059 1009 2135 oolorearque
1030 2056 1190 2117 arlalterat.

145 2147 182 2205 69
193 2141 246 2220 [il
268 2141 377 2203 Veram
390 2153 422 2203 et
436 2144 637 2222 longinquiora
652 2142 753 2202 ltaliae
773 2142 811 2203 alr
824 2141 955 2201 Ausonio
970 2142 1044 2200 mari
1066 2156 1131 2199 non
1147 2157 1190 2200 oa·

187 2233 252 2284 rant
272 2226 384 2302 gloria,
405 2226 559 2288 larentina
576 2236 605 2286 et
618 2227 779 2287 Serviliana
800 2234 832 2285 st
846 2223 1021 2284 consentiae
1033 2225 1145 2299 genita
1166 2232 1192 2282 et

188 2305 331 2387 'l'erapsae
342 2327 378 2370 ao
392 2309 500 2370 Bahiae
512 2309 686 2389 Lucanaque
698 2307 935 2370 antecedentibus
945 2307 1094 2366 Thurinis.
1133 2323 1214 2367 ona-s

186 2393 262 2452 aium
283 2409 354 2452 vero
377 2409 476 2452 eorum
497 2409 628 2454 maxume
648 2393 798 2453 inlustrata
816 2389 959 2452 lleasalae
981 2389 1192 2450 Potitisalute

187 2473 344 2552 lupariae,
366 2490 424 2534 nou
435 2475 541 2553 prooul
557 2475 715 2538 (immerito
733 2476 889 2536 nascentia.
920 2472 1081 2550 l'ampauia
1094 2471 1192 2551 uiper

187 2558 323 2618 exotavit
334 2559 418 2616 noris
432 2559 595 2620 nominibus
609 2561 808 2619 anctoritatem
822 2559 969 2618 siveeura
984 2557 1139 2618 sireaeasu
1152 2554 1192 2614 aal

187 2649 316 2720 quartum
335 2657 351 2700 a
373 2640 499 2722 Neapoli
521 2643 645 2721 lapidera
660 2641 849 2717 Trebellian,
870 2642 948 2701 iuxta
965 2638 1100 2718 Capuam
1115 2638 1193 2700 Gau-

186 2722 268 2798 liais,
281 2731 311 2782 et
320 2725 349 2785 in
364 2743 416 2786 sao
430 2743 502 2803 agro
516 2724 699 2802 Trebulanis,
715 2725 823 2805 alioqui
838 2738 954 2802 seraper
967 2724 1045 2783 inter
1056 2724 1219 2801 plebeias

144 2811 218 2868 roes
234 2803 382 2868 Triioliais
401 2810 535 2886 gloriata.
567 2825 631 2870 nara
647 2809 828 2888 Pompeianis
849 2823 987 2867 summam
1006 2807 1123 2868 desem
1147 2825 1196 2868 aa·

187 2905 288 2950 norum
313 2894 519 2952 inerementnm
546 2903 608 2968 est,
633 2893 703 2953 uilril
724 2902 842 2952 senecta
864 2890 1047 2951 conferente.
1086 2892 1198 2952 dolore

188 2973 273 3034 etiarn
288 2976 413 3054 sapitum
427 2979 457 3036 in
472 2985 585 3037 sextam
599 2978 699 3037 laoranr
716 2977 775 3038 liei
792 2975 942 3054 sequentis
957 2972 1067 3034 infesta
1083 2976 1198 3054 depre-

185 3053 354 3118 henduntnr.
398 3058 509 3132 Quibus
536 3061 695 3139 exemplis,
727 3061 781 3119 uisi
805 3057 908 3132 fallor,
932 3056 1124 3134 manifestpur
1153 3067 1200 3119 est

187 3142 307 3215 patriam
321 3149 485 3219 terramque
502 3143 631 3218 referre,
655 3159 713 3202 non
730 3159 828 3216 aram,
849 3150 881 3201 et
901 3156 1124 3218 supervacuam
1144 3157 1224 3221 ges

157 3293 160 3298 Ι
186 3237 286 3282 nerum
308 3227 556 3286 consectationem
576 3229 605 3287 ia
627 3243 791 3301 asarenam,
813 3243 877 3285 eum
898 3224 1001 3284 eaden
1023 3226 1098 3284 vitis
1117 3227 1202 3288 alind

145 3308 178 3365 ⁷1
192 3304 255 3366 aliis
270 3308 298 3364 iu
316 3305 389 3366 loeis
410 3307 530 3384 polleat.
560 3308 759 3387 llispauiaram
772 3309 908 3369 Labraua
928 3307 1015 3384 eopia
1032 3308 1202 3370 nobilitan-

188 3391 248 3464 tur,
269 3387 414 3465 elegantia
428 3389 743 3452 vero'l'arranoneusia
765 3401 853 3470 atque
865 3389 1065 3451 lauronensia
1089 3402 1126 3452 et
1145 3395 1203 3455 lia·
