2542 3842
156 172 219 235 206
492 183 522 232 c.
544 183 640 231 emur
662 183 809 231 suenum

158 341 256 402 radice
277 338 533 415 montissigniae,
556 336 727 397 circumfusa
747 335 876 412 Marsya,
905 335 1036 412 Obrima,
1065 332 1144 397 Orba

156 423 315 486 fluminibus
337 424 365 481 in
383 420 565 482 Maeandrum
587 420 765 480 cadentibus.
802 419 932 494 Marsyas
954 421 993 479 ibi
1016 419 1144 480 redditur

154 517 237 568 ortus
251 523 286 566 ac
300 505 386 585 paulo
401 522 469 564 mox
484 505 625 580 conditus,
638 503 685 563 ubi
703 505 821 564 certavit
839 502 967 564 tibiarum
983 511 1065 582 cantu
1079 520 1142 562 cnm

156 590 304 671 Apolline.
349 589 515 649 Aulocrene
538 589 594 648 sita
612 597 733 647 vocatur
757 587 895 647 convallis
915 588 1017 647 decern
1031 585 1059 646 M
1075 603 1141 664 pas·

156 693 237 734 suum
260 674 295 734 ab
310 672 454 751 Apamea,
478 669 630 748 Phrygiam
652 670 824 749 petentibus.
863 689 900 730 ex
926 671 983 731 hoc
1000 677 1167 734 conuentus

156 759 259 821 deceat
279 757 424 816 nominare
444 753 661 833 Metropolitas,
688 753 942 832 Dionysopolitas,
972 753 1142 832 Euphorbe-

155 858 224 917 nos,
255 840 461 915 Acmonensis,
492 838 643 912 Peltenos,
673 837 825 896 Silbianos.
869 838 973 916 reliqui
998 837 1142 914 ignobiles

110 924 261 990 'amittit
294 923 410 983 Doridis
424 924 452 982 in
466 923 529 981 sinu
545 921 731 999 Leucopolis,
748 919 929 996 Hamaxitos,
946 921 1051 996 Eleus,
1073 920 1141 1006 Ete-

155 1028 202 1069 ne.
242 1008 308 1068 dein
324 1004 426 1066 Cariae
441 1004 547 1083 oppida
563 1004 699 1080 Pitaium,
715 1003 835 1083 Eutane,
853 1003 1063 1064 Halicarnasus.
1088 1022 1142 1066 sex

101 1112 103 1117 ·
157 1092 262 1171 oppida
278 1088 438 1150 contributa
460 1091 487 1147 ei
508 1097 573 1148 sunt
594 1106 610 1148 a
627 1087 732 1165 Magno
754 1087 938 1163 Alexandro,
963 1087 1139 1165 Theangela,
1152 1088 1195 1150 10'

155 1176 242 1251 Side,
257 1174 417 1248 Medmasa,
439 1172 591 1248 Uranium,
617 1170 773 1246 Pedasum,
799 1171 961 1232 Telmisom.
1000 1171 1143 1232 habitatur

154 1263 229 1319 inter
245 1260 316 1319 duos
333 1259 427 1332 sinus,
448 1254 625 1316 ceramicum·
641 1265 669 1316 et
683 1254 795 1317 Iasium.
833 1255 899 1316 iude
913 1255 1034 1330 Myndos
1050 1265 1079 1316 et
1093 1254 1141 1316 ubi

155 1344 207 1404 fuit
223 1341 444 1416 Palaemyndus,
460 1340 635 1414 Mariandos,
651 1335 806 1418 Neapolis,
824 1339 989 1414 caryanda,
1004 1338 1142 1400 Termera

115 1428 273 1500 lodlibera,
291 1425 424 1500 Bargylia
441 1433 472 1482 et
486 1424 518 1501 (a
535 1442 592 1500 quo
608 1426 686 1482 sinus
701 1423 808 1502 Iasius)
824 1423 958 1500 oppidum
969 1423 1059 1482 lasus.
1087 1421 1141 1484 (la-

155 1513 197 1570 ria
212 1511 375 1569 interiorum
390 1508 531 1566 nominum
546 1508 619 1566 lama
639 1507 789 1584 praenitet.
828 1508 934 1585 quippe
955 1506 994 1566 ibi
1009 1515 1073 1568 sunt
1089 1525 1140 1586 op·
1151 1529 1177 1572 ue

155 1594 221 1673 pida
236 1591 345 1667 Mylasa
362 1591 467 1665 libera,
483 1590 634 1649 Antiochia
649 1589 698 1649 ubi
713 1590 794 1650 luere
811 1590 1007 1666 Symmaethos
1025 1601 1054 1650 et
1072 1587 1140 1650 Cra·

156 1694 226 1736 naos
248 1675 363 1752 oppida.
397 1693 470 1733 nunc
492 1691 554 1733 earn
575 1673 771 1733 circumfluunt
786 1673 941 1734 Maeander
962 1683 991 1734 et
1012 1673 1139 1733 Orsinus.

155 1761 207 1820 luit
229 1761 257 1817 in
277 1775 313 1816 eo
335 1766 426 1816 tractu
442 1767 472 1816 et
485 1756 728 1836 Maeandropolis.
755 1767 800 1818 est
814 1757 953 1818 Eumenia.
968 1756 1074 1818 cludro
1090 1758 1141 1818 ilu-

155 1842 222 1902 mini
239 1842 386 1919 adposita,
411 1840 535 1900 Glaucus
551 1841 657 1914 amnis,
678 1841 777 1917 Lysias
794 1843 928 1920 oppidum
952 1851 980 1901 et
995 1840 1139 1917 Orthosia,

154 1925 360 2000 Berecynthius
375 1933 496 1999 tractus,
517 1923 614 2000 Nysa,
633 1923 752 1998 Trallis,
774 1925 874 1984 eadem
889 1925 1028 1986 Euanthia
1046 1935 1073 1985 et
1088 1927 1175 1986 Seio

156 2010 249 2069 leucia
265 2018 293 2068 et
309 2008 462 2068 Antiochia
476 2008 560 2069 dicta.
598 2007 722 2068 adluitur
735 2008 855 2068 Eudone
876 2027 973 2085 amne,
996 2008 1139 2088 periundi·

114 2101 165 2157 109
172 2102 216 2152 tur
227 2091 374 2152 Thebaite.
396 2093 508 2170 quidam
521 2091 560 2152 ibi
573 2092 734 2170 Pygmaem
749 2093 895 2154 habitasse
908 2094 1029 2155 tradunt.
1057 2111 1140 2172 prae·

155 2186 236 2236 terea
252 2186 318 2236 sunt
334 2175 505 2252 Thydonos,
526 2176 631 2253 Pyrra‘,
654 2176 795 2254 Eurome,
818 2177 975 2254 heraclea,
1000 2179 1138 2253 Amyron,

105 2261 109 2267 “
155 2259 303 2320 Alabanda
317 2259 408 2320 libera
424 2278 498 2339 quae
515 2270 683 2320 conventum
701 2279 764 2320 enm
782 2262 1007 2337 cognominavit,
1031 2262 1139 2320 Strato·

155 2346 238 2403 nicea
252 2344 358 2418 libera,
374 2343 516 2418 llynidos,
533 2340 686 2416 Ceramus,
705 2344 869 2418 Troezene,
886 2344 1047 2403 Phorontis.
1077 2343 1138 2404 lon·
1149 2357 1175 2398 aa

156 2428 322 2503 ginqtriores
340 2427 441 2484 eodem
457 2426 521 2483 ioro
537 2426 698 2501 disceptant
715 2425 952 2501 Orthronienses,
975 2425 1140 2486 Alidienses

156 2528 208 2568 seu
224 2507 354 2585 llippini,
377 2506 522 2580 Xystiani,
549 2506 759 2580 llydissenses,
785 2505 1004 2584 Apolloniatae,
1032 2508 1139 2587 Trape-

156 2591 318 2670 zopolitae,
341 2588 585 2668 Aphrodisienses
604 2588 698 2648 liberi.
733 2587 853 2649 Praeter
865 2590 938 2650 haec
959 2600 1023 2650 sunt
1039 2588 1139 2650 Cosci-

155 2694 223 2750 nus,
238 2673 367 2752 llarpasa
384 2673 514 2751 adposita
529 2672 617 2731 linum
630 2669 771 2750 llarpaso,
789 2689 846 2752 quo
863 2682 892 2734 et
902 2673 1058 2749 Trallicon,
1077 2691 1139 2734 cum

155 2759 222 2835 fuit,
242 2758 419 2818 adluebatur.
1148 2781 1174 2822 30

115 2850 166 2904 llo
248 2841 331 2922 (30.)
362 2842 450 2917 Lydia
474 2849 567 2900 autern
587 2839 704 2919 perlusa
724 2839 861 2900 flexuosis
885 2839 1030 2902 Maeandri
1051 2843 1139 2903 amnis

45 2991 47 2996 ,
154 2926 320 2986 recursibus
343 2942 431 3004 super
455 2923 562 2984 Ioniam
578 2924 726 3004 procedit,
742 2924 883 3001 Phrygiae
896 2926 931 2985 ab
949 2934 1051 2985 exortu
1068 2926 1139 2987 solis

154 3010 263 3084 vicina,
289 3009 325 3068 ad
351 3011 574 3086 septentrionem
593 3007 719 3084 Mysiae,
744 3008 895 3068 meridiana
923 3019 1005 3087 parte
1027 3006 1139 3069 Cariam

156 3092 346 3170 amplectens,
373 3091 503 3151 Maeonia
523 3101 605 3152 antea
624 3091 779 3170 appellata.
825 3091 991 3152 celebratur
1008 3109 1138 3154 maxume

37 3177 43 3190 “
156 3174 293 3234 Sardibus
306 3176 336 3233 iu
349 3174 441 3234 latere
455 3173 547 3234 Tmoli
567 3177 684 3253 montis,
707 3177 753 3253 qui
769 3183 854 3236 antea
867 3173 993 3236 Timolus
1009 3177 1137 3255 appella·
1147 3195 1172 3236 ss

154 3256 253 3334 batur,
269 3256 397 3317 conditis.
430 3274 467 3318 ex
484 3275 541 3336 guo
557 3258 717 3335 profluente
732 3257 850 3319 Pactolo
868 3259 1028 3338 eodemque
1048 3258 1137 3334 Chry-

155 3357 257 3400 sorroa
271 3359 306 3400 ac
320 3338 400 3398 fonte
415 3339 500 3400 Tarni
521 3339 690 3400 aMaeoniis
709 3342 810 3401 civitas
830 3344 893 3420 ipsa
912 3341 994 3416 llyde
1012 3343 1138 3404 vocitata

12 3461 14 3485 ,¹
114 3433 216 3496 illest
227 3423 308 3484 clara
330 3430 431 3500 stagno
450 3421 578 3500 Gygaeo.
617 3423 753 3484 Sardiano
768 3441 843 3484 nnnc
864 3423 1026 3504 appellatur
1047 3441 1080 3484 ea
1096 3425 1137 3486 in-

684 3757 713 3819 a
