<?xml version="1.0" encoding="UTF-8"?>
<!DOCTYPE html PUBLIC "-//W3C//DTD XHTML 1.0 Transitional//EN"
    "http://www.w3.org/TR/xhtml1/DTD/xhtml1-transitional.dtd">
<html xmlns="http://www.w3.org/1999/xhtml" xml:lang="en" lang="en">
 <head>
  <title>
</title>
<meta http-equiv="Content-Type" content="text/html;charset=utf-8" />
  <meta name='ocr-system' content='tesseract 3.04.00' />
  <meta name='ocr-capabilities' content='ocr_page ocr_carea ocr_par ocr_line ocrx_word'/>
</head>
<body>
  <div class='ocr_page' id='page_1' title='image "./cplinisecundina25plingoog_0391.png"; bbox 0 0 2542 3842; ppageno 0'>
   <div class='ocr_carea' id='block_1_1' title="bbox 318 224 1210 305">
    <p class='ocr_par' dir='ltr' id='par_1_1' title="bbox 318 224 1210 305">
     <span class='ocr_line' id='line_1_1' title="bbox 318 224 1210 305; baseline 0.002 -22"><span class='ocrx_word' id='word_1_1' title='bbox 318 224 908 305; x_wconf 78' lang='lat' dir='ltr'><strong>nnn.nrsu.v111.1o—17.(19-21.)</strong></span> <span class='ocrx_word' id='word_1_2' title='bbox 1069 229 1116 289; x_wconf 69' lang='grc'><strong>«53</strong></span> <span class='ocrx_word' id='word_1_3' title='bbox 1204 270 1210 285; x_wconf 88' lang='grc'>,</span> 
     </span>
    </p>
   </div>
   <div class='ocr_carea' id='block_1_2' title="bbox 117 389 1159 473">
    <p class='ocr_par' dir='ltr' id='par_1_2' title="bbox 117 389 1159 473">
     <span class='ocr_line' id='line_1_2' title="bbox 117 389 1159 473; baseline 0.009 -24"><span class='ocrx_word' id='word_1_4' title='bbox 117 389 258 449; x_wconf 75' lang='lat' dir='ltr'><strong>cessisset</strong></span> <span class='ocrx_word' id='word_1_5' title='bbox 274 390 360 447; x_wconf 93' lang='lat' dir='ltr'><strong>etiam</strong></span> <span class='ocrx_word' id='word_1_6' title='bbox 375 389 486 449; x_wconf 89' lang='lat' dir='ltr'><strong>ieritas.</strong></span> <span class='ocrx_word' id='word_1_7' title='bbox 513 391 583 448; x_wconf 92' lang='lat' dir='ltr'><strong>Sunt</strong></span> <span class='ocrx_word' id='word_1_8' title='bbox 594 407 666 448; x_wconf 87' lang='lat' dir='ltr'><strong>sero</strong></span> <span class='ocrx_word' id='word_1_9' title='bbox 677 399 712 449; x_wconf 90' lang='lat' dir='ltr'><strong>et</strong></span> <span class='ocrx_word' id='word_1_10' title='bbox 725 390 857 450; x_wconf 80' lang='lat' dir='ltr'><strong>fortunae</strong></span> <span class='ocrx_word' id='word_1_11' title='bbox 880 408 978 453; x_wconf 93' lang='lat' dir='ltr'><strong>eornm</strong></span> <span class='ocrx_word' id='word_1_12' title='bbox 997 406 1159 473; x_wconf 76' lang='lat' dir='ltr'><strong>qnoqueto</strong></span> 
     </span>
    </p>
   </div>
   <div class='ocr_carea' id='block_1_3' title="bbox 77 470 1209 3573">
    <p class='ocr_par' dir='ltr' id='par_1_3' title="bbox 92 470 1158 1141">
     <span class='ocr_line' id='line_1_3' title="bbox 117 470 1117 551; baseline 0.005 -18"><span class='ocrx_word' id='word_1_13' title='bbox 117 474 289 533; x_wconf 89' lang='lat' dir='ltr'><strong>clementiae</strong></span> <span class='ocrx_word' id='word_1_14' title='bbox 305 474 455 551; x_wconf 86' lang='lat' dir='ltr'><strong>exempla:</strong></span> <span class='ocrx_word' id='word_1_15' title='bbox 477 470 591 533; x_wconf 84' lang='lat' dir='ltr'><strong>blentor</strong></span> <span class='ocrx_word' id='word_1_16' title='bbox 605 476 804 549; x_wconf 78' lang='lat' dir='ltr'><strong>Syracusanus</strong></span> <span class='ocrx_word' id='word_1_17' title='bbox 820 477 848 533; x_wconf 88' lang='lat' dir='ltr'><strong>in</strong></span> <span class='ocrx_word' id='word_1_18' title='bbox 862 477 946 549; x_wconf 76' lang='lat' dir='ltr'><strong>Syria</strong></span> <span class='ocrx_word' id='word_1_19' title='bbox 963 480 1051 538; x_wconf 89' lang='lat' dir='ltr'><strong>leone</strong></span> <span class='ocrx_word' id='word_1_20' title='bbox 1066 479 1117 537; x_wconf 94' lang='lat' dir='ltr'><strong>ob-</strong></span> 
     </span>
     <span class='ocr_line' id='line_1_4' title="bbox 116 558 1117 638; baseline 0.006 -23"><span class='ocrx_word' id='word_1_21' title='bbox 116 559 165 615; x_wconf 87' lang='lat' dir='ltr'><strong>vio</strong></span> <span class='ocrx_word' id='word_1_22' title='bbox 189 558 361 635; x_wconf 72' lang='lat' dir='ltr'><strong>suppliciter</strong></span> <span class='ocrx_word' id='word_1_23' title='bbox 389 558 538 617; x_wconf 74' lang='lat' dir='ltr'>volutante</span> <span class='ocrx_word' id='word_1_24' title='bbox 561 562 697 617; x_wconf 87' lang='lat' dir='ltr'><strong>attonitus</strong></span> <span class='ocrx_word' id='word_1_25' title='bbox 720 575 845 637; x_wconf 87' lang='lat' dir='ltr'><strong>pavore,</strong></span> <span class='ocrx_word' id='word_1_26' title='bbox 872 576 935 617; x_wconf 86' lang='lat' dir='ltr'><strong>curn</strong></span> <span class='ocrx_word' id='word_1_27' title='bbox 961 563 1117 638; x_wconf 72' lang='lat' dir='ltr'><strong>refugienti</strong></span> 
     </span>
     <span class='ocr_line' id='line_1_5' title="bbox 116 640 1117 720; baseline 0.004 -20"><span class='ocrx_word' id='word_1_28' title='bbox 116 641 243 719; x_wconf 92' lang='lat' dir='ltr'><strong>undique</strong></span> <span class='ocrx_word' id='word_1_29' title='bbox 265 640 329 700; x_wconf 85' lang='lat' dir='ltr'><strong>iera</strong></span> <span class='ocrx_word' id='word_1_30' title='bbox 350 651 515 720; x_wconf 90' lang='lat' dir='ltr'><strong>opponeret</strong></span> <span class='ocrx_word' id='word_1_31' title='bbox 539 660 607 701; x_wconf 87' lang='lat' dir='ltr'><strong>sese</strong></span> <span class='ocrx_word' id='word_1_32' title='bbox 633 652 664 701; x_wconf 93' lang='lat' dir='ltr'><strong>et</strong></span> <span class='ocrx_word' id='word_1_33' title='bbox 686 643 811 718; x_wconf 88' lang='lat' dir='ltr'><strong>vestigia</strong></span> <span class='ocrx_word' id='word_1_34' title='bbox 832 643 972 703; x_wconf 78' lang='lat' dir='ltr'><strong>lamberet</strong></span> <span class='ocrx_word' id='word_1_35' title='bbox 992 646 1117 705; x_wconf 79' lang='lat' dir='ltr'><strong>adulanti</strong></span> 
     </span>
     <span class='ocr_line' id='line_1_6' title="bbox 92 725 1116 806; baseline 0.008 -26"><span class='ocrx_word' id='word_1_36' title='bbox 92 725 233 800; x_wconf 79' lang='lat' dir='ltr'><strong>ssimilis,</strong></span> <span class='ocrx_word' id='word_1_37' title='bbox 253 726 452 786; x_wconf 81' lang='lat' dir='ltr'><strong>animadvertit</strong></span> <span class='ocrx_word' id='word_1_38' title='bbox 472 728 500 785; x_wconf 90' lang='lat' dir='ltr'><strong>in</strong></span> <span class='ocrx_word' id='word_1_39' title='bbox 514 726 592 805; x_wconf 90' lang='lat' dir='ltr'><strong>pede</strong></span> <span class='ocrx_word' id='word_1_40' title='bbox 612 729 675 785; x_wconf 89' lang='lat' dir='ltr'><strong>eius</strong></span> <span class='ocrx_word' id='word_1_41' title='bbox 699 736 839 786; x_wconf 90' lang='lat' dir='ltr'><strong>tumorem</strong></span> <span class='ocrx_word' id='word_1_42' title='bbox 859 728 1030 806; x_wconf 90' lang='lat' dir='ltr'><strong>volnusque.</strong></span> <span class='ocrx_word' id='word_1_43' title='bbox 1066 746 1116 788; x_wconf 79' lang='lat' dir='ltr'><strong>ex-</strong></span> 
     </span>
     <span class='ocr_line' id='line_1_7' title="bbox 114 809 1115 889; baseline 0.003 -20"><span class='ocrx_word' id='word_1_44' title='bbox 114 817 210 869; x_wconf 88' lang='lat' dir='ltr'><strong>tracto</strong></span> <span class='ocrx_word' id='word_1_45' title='bbox 226 809 343 868; x_wconf 86' lang='lat' dir='ltr'><strong>surculo</strong></span> <span class='ocrx_word' id='word_1_46' title='bbox 359 810 493 869; x_wconf 82' lang='lat' dir='ltr'><strong>liberavit</strong></span> <span class='ocrx_word' id='word_1_47' title='bbox 516 811 654 869; x_wconf 88' lang='lat' dir='ltr'><strong>cruciatu.</strong></span> <span class='ocrx_word' id='word_1_48' title='bbox 685 812 798 889; x_wconf 87' lang='lat' dir='ltr'><strong>pictura</strong></span> <span class='ocrx_word' id='word_1_49' title='bbox 813 828 911 871; x_wconf 88' lang='lat' dir='ltr'><strong>casum</strong></span> <span class='ocrx_word' id='word_1_50' title='bbox 933 811 1008 871; x_wconf 88' lang='lat' dir='ltr'><strong>bunc</strong></span> <span class='ocrx_word' id='word_1_51' title='bbox 1028 821 1115 873; x_wconf 74' lang='lat' dir='ltr'><strong>testa</strong></span> 
     </span>
     <span class='ocr_line' id='line_1_8' title="bbox 116 892 1158 971; baseline 0.004 -19"><span class='ocrx_word' id='word_1_52' title='bbox 116 902 162 952; x_wconf 92' lang='lat' dir='ltr'><strong>tur</strong></span> <span class='ocrx_word' id='word_1_53' title='bbox 177 893 338 966; x_wconf 76' lang='lat' dir='ltr'><strong>Syracusis.</strong></span> <span class='ocrx_word' id='word_1_54' title='bbox 369 894 460 953; x_wconf 89' lang='lat' dir='ltr'><strong>Simili</strong></span> <span class='ocrx_word' id='word_1_55' title='bbox 482 893 567 953; x_wconf 94' lang='lat' dir='ltr'><strong>modo</strong></span> <span class='ocrx_word' id='word_1_56' title='bbox 584 892 667 971; x_wconf 82' lang='lat' dir='ltr'><strong>Elpis</strong></span> <span class='ocrx_word' id='word_1_57' title='bbox 685 895 796 955; x_wconf 90' lang='lat' dir='ltr'><strong>Samius</strong></span> <span class='ocrx_word' id='word_1_58' title='bbox 811 896 926 955; x_wconf 89' lang='lat' dir='ltr'><strong>natione</strong></span> <span class='ocrx_word' id='word_1_59' title='bbox 945 898 973 954; x_wconf 91' lang='lat' dir='ltr'><strong>in</strong></span> <span class='ocrx_word' id='word_1_60' title='bbox 989 895 1158 966; x_wconf 76' lang='lat' dir='ltr'><strong>Airieam57</strong></span> 
     </span>
     <span class='ocr_line' id='line_1_9' title="bbox 116 976 1116 1055; baseline 0.003 -20"><span class='ocrx_word' id='word_1_61' title='bbox 116 976 229 1036; x_wconf 89' lang='lat' dir='ltr'><strong>delatus</strong></span> <span class='ocrx_word' id='word_1_62' title='bbox 247 995 321 1036; x_wconf 87' lang='lat' dir='ltr'><strong>nave</strong></span> <span class='ocrx_word' id='word_1_63' title='bbox 341 979 419 1037; x_wconf 84' lang='lat' dir='ltr'><strong>iuxta</strong></span> <span class='ocrx_word' id='word_1_64' title='bbox 436 978 503 1036; x_wconf 89' lang='lat' dir='ltr'><strong>litus</strong></span> <span class='ocrx_word' id='word_1_65' title='bbox 525 986 685 1055; x_wconf 91' lang='lat' dir='ltr'><strong>conspecto</strong></span> <span class='ocrx_word' id='word_1_66' title='bbox 710 979 796 1037; x_wconf 91' lang='lat' dir='ltr'><strong>leone</strong></span> <span class='ocrx_word' id='word_1_67' title='bbox 819 978 895 1038; x_wconf 90' lang='lat' dir='ltr'><strong>biatu</strong></span> <span class='ocrx_word' id='word_1_68' title='bbox 911 981 1013 1038; x_wconf 90' lang='lat' dir='ltr'><strong>minaci</strong></span> <span class='ocrx_word' id='word_1_69' title='bbox 1030 980 1116 1039; x_wconf 70' lang='lat' dir='ltr'><strong>arbo³</strong></span> 
     </span>
     <span class='ocr_line' id='line_1_10' title="bbox 115 1059 1115 1141; baseline 0.004 -22"><span class='ocrx_word' id='word_1_70' title='bbox 115 1078 178 1119; x_wconf 88' lang='lat' dir='ltr'><strong>rem</strong></span> <span class='ocrx_word' id='word_1_71' title='bbox 193 1061 221 1117; x_wconf 92' lang='lat' dir='ltr'><strong>in</strong></span> <span class='ocrx_word' id='word_1_72' title='bbox 235 1059 304 1137; x_wconf 90' lang='lat' dir='ltr'><strong>iuga</strong></span> <span class='ocrx_word' id='word_1_73' title='bbox 322 1063 394 1138; x_wconf 91' lang='lat' dir='ltr'><strong>petit</strong></span> <span class='ocrx_word' id='word_1_74' title='bbox 408 1061 513 1121; x_wconf 88' lang='lat' dir='ltr'><strong>bibero</strong></span> <span class='ocrx_word' id='word_1_75' title='bbox 529 1072 611 1140; x_wconf 89' lang='lat' dir='ltr'><strong>patre</strong></span> <span class='ocrx_word' id='word_1_76' title='bbox 627 1063 774 1137; x_wconf 90' lang='lat' dir='ltr'><strong>invocato,</strong></span> <span class='ocrx_word' id='word_1_77' title='bbox 799 1064 933 1140; x_wconf 90' lang='lat' dir='ltr'><strong>qnoniam</strong></span> <span class='ocrx_word' id='word_1_78' title='bbox 958 1072 1015 1121; x_wconf 88' lang='lat' dir='ltr'><strong>tum</strong></span> <span class='ocrx_word' id='word_1_79' title='bbox 1031 1081 1115 1141; x_wconf 87' lang='lat' dir='ltr'><strong>prae-</strong></span> 
     </span>
    </p>

    <p class='ocr_par' dir='ltr' id='par_1_4' title="bbox 80 1145 1116 1393">
     <span class='ocr_line' id='line_1_11' title="bbox 80 1145 1115 1225; baseline 0.002 -22"><span class='ocrx_word' id='word_1_80' title='bbox 80 1163 106 1203; x_wconf 84' lang='lat' dir='ltr'><strong>ro</strong></span> <span class='ocrx_word' id='word_1_81' title='bbox 116 1146 220 1222; x_wconf 89' lang='lat' dir='ltr'><strong>cipuus</strong></span> <span class='ocrx_word' id='word_1_82' title='bbox 236 1153 370 1203; x_wconf 82' lang='lat' dir='ltr'><strong>votorum</strong></span> <span class='ocrx_word' id='word_1_83' title='bbox 384 1146 470 1205; x_wconf 87' lang='lat' dir='ltr'><strong>locus</strong></span> <span class='ocrx_word' id='word_1_84' title='bbox 484 1149 544 1220; x_wconf 87' lang='lat' dir='ltr'><strong>est,</strong></span> <span class='ocrx_word' id='word_1_85' title='bbox 569 1163 633 1204; x_wconf 91' lang='lat' dir='ltr'><strong>cum</strong></span> <span class='ocrx_word' id='word_1_86' title='bbox 656 1146 722 1223; x_wconf 89' lang='lat' dir='ltr'><strong>spei</strong></span> <span class='ocrx_word' id='word_1_87' title='bbox 735 1145 828 1204; x_wconf 90' lang='lat' dir='ltr'><strong>nullus</strong></span> <span class='ocrx_word' id='word_1_88' title='bbox 850 1156 904 1205; x_wconf 85' lang='lat' dir='ltr'><strong>est.</strong></span> <span class='ocrx_word' id='word_1_89' title='bbox 936 1162 1032 1225; x_wconf 87' lang='lat' dir='ltr'><strong>neque</strong></span> <span class='ocrx_word' id='word_1_90' title='bbox 1048 1164 1115 1225; x_wconf 91' lang='lat' dir='ltr'><strong>pro·</strong></span> 
     </span>
     <span class='ocr_line' id='line_1_12' title="bbox 115 1228 1116 1308; baseline 0.003 -21"><span class='ocrx_word' id='word_1_91' title='bbox 115 1228 254 1303; x_wconf 76' lang='lat' dir='ltr'><strong>fugienti,</strong></span> <span class='ocrx_word' id='word_1_92' title='bbox 272 1247 335 1287; x_wconf 88' lang='lat' dir='ltr'><strong>cum</strong></span> <span class='ocrx_word' id='word_1_93' title='bbox 351 1231 513 1307; x_wconf 89' lang='lat' dir='ltr'><strong>potuisset,</strong></span> <span class='ocrx_word' id='word_1_94' title='bbox 543 1229 606 1288; x_wconf 86' lang='lat' dir='ltr'><strong>iera</strong></span> <span class='ocrx_word' id='word_1_95' title='bbox 627 1230 784 1304; x_wconf 85' lang='lat' dir='ltr'><strong>institerat,</strong></span> <span class='ocrx_word' id='word_1_96' title='bbox 813 1240 842 1288; x_wconf 92' lang='lat' dir='ltr'><strong>et</strong></span> <span class='ocrx_word' id='word_1_97' title='bbox 863 1230 1057 1308; x_wconf 84' lang='lat' dir='ltr'><strong>procumbens</strong></span> <span class='ocrx_word' id='word_1_98' title='bbox 1080 1231 1116 1290; x_wconf 88' lang='lat' dir='ltr'><strong>ad</strong></span> 
     </span>
     <span class='ocr_line' id='line_1_13' title="bbox 115 1311 1115 1393; baseline 0.002 -22"><span class='ocrx_word' id='word_1_99' title='bbox 115 1312 251 1373; x_wconf 85' lang='lat' dir='ltr'><strong>arborem</strong></span> <span class='ocrx_word' id='word_1_100' title='bbox 276 1311 354 1372; x_wconf 89' lang='lat' dir='ltr'><strong>biatu</strong></span> <span class='ocrx_word' id='word_1_101' title='bbox 380 1330 437 1392; x_wconf 92' lang='lat' dir='ltr'><strong>quo</strong></span> <span class='ocrx_word' id='word_1_102' title='bbox 463 1322 606 1372; x_wconf 89' lang='lat' dir='ltr'><strong>terruerat</strong></span> <span class='ocrx_word' id='word_1_103' title='bbox 635 1314 848 1373; x_wconf 87' lang='lat' dir='ltr'><strong>miserationem</strong></span> <span class='ocrx_word' id='word_1_104' title='bbox 875 1314 1042 1393; x_wconf 89' lang='lat' dir='ltr'><strong>quaerebat.</strong></span> <span class='ocrx_word' id='word_1_105' title='bbox 1082 1332 1115 1374; x_wconf 91' lang='lat' dir='ltr'><strong>os</strong></span> 
     </span>
    </p>

    <p class='ocr_par' dir='ltr' id='par_1_5' title="bbox 95 1396 1115 1559">
     <span class='ocr_line' id='line_1_14' title="bbox 95 1396 1115 1477; baseline 0.007 -28"><span class='ocrx_word' id='word_1_106' title='bbox 95 1413 213 1455; x_wconf 86' lang='lat' dir='ltr'><strong>morsu</strong></span> <span class='ocrx_word' id='word_1_107' title='bbox 236 1396 365 1457; x_wconf 85' lang='lat' dir='ltr'><strong>avidiore</strong></span> <span class='ocrx_word' id='word_1_108' title='bbox 384 1398 549 1456; x_wconf 88' lang='lat' dir='ltr'><strong>inbaeserat</strong></span> <span class='ocrx_word' id='word_1_109' title='bbox 563 1397 696 1456; x_wconf 88' lang='lat' dir='ltr'><strong>dentibus</strong></span> <span class='ocrx_word' id='word_1_110' title='bbox 715 1398 919 1477; x_wconf 84' lang='lat' dir='ltr'><strong>cruciabatque</strong></span> <span class='ocrx_word' id='word_1_111' title='bbox 936 1398 1041 1472; x_wconf 90' lang='lat' dir='ltr'><strong>inedia,</strong></span> <span class='ocrx_word' id='word_1_112' title='bbox 1058 1406 1115 1456; x_wconf 89' lang='lat' dir='ltr'><strong>tum</strong></span> 
     </span>
     <span class='ocr_line' id='line_1_15' title="bbox 116 1480 1114 1559; baseline 0.001 -20"><span class='ocrx_word' id='word_1_113' title='bbox 116 1496 210 1558; x_wconf 90' lang='lat' dir='ltr'><strong>poena</strong></span> <span class='ocrx_word' id='word_1_114' title='bbox 227 1480 256 1539; x_wconf 95' lang='lat' dir='ltr'><strong>in</strong></span> <span class='ocrx_word' id='word_1_115' title='bbox 273 1480 345 1557; x_wconf 90' lang='lat' dir='ltr'><strong>ipsis</strong></span> <span class='ocrx_word' id='word_1_116' title='bbox 364 1482 427 1541; x_wconf 85' lang='lat' dir='ltr'><strong>eiua</strong></span> <span class='ocrx_word' id='word_1_117' title='bbox 442 1481 520 1555; x_wconf 91' lang='lat' dir='ltr'><strong>telis,</strong></span> <span class='ocrx_word' id='word_1_118' title='bbox 542 1490 757 1557; x_wconf 84' lang='lat' dir='ltr'><strong>suspectantem</strong></span> <span class='ocrx_word' id='word_1_119' title='bbox 772 1500 806 1541; x_wconf 89' lang='lat' dir='ltr'><strong>ac</strong></span> <span class='ocrx_word' id='word_1_120' title='bbox 822 1483 901 1541; x_wconf 90' lang='lat' dir='ltr'><strong>velut</strong></span> <span class='ocrx_word' id='word_1_121' title='bbox 921 1484 1004 1542; x_wconf 92' lang='lat' dir='ltr'><strong>mutis</strong></span> <span class='ocrx_word' id='word_1_122' title='bbox 1020 1483 1114 1559; x_wconf 89' lang='lat' dir='ltr'><strong>preci-</strong></span> 
     </span>
    </p>

    <p class='ocr_par' dir='ltr' id='par_1_6' title="bbox 81 1562 1158 1980">
     <span class='ocr_line' id='line_1_16' title="bbox 81 1562 1114 1639; baseline 0.004 -20"><span class='ocrx_word' id='word_1_123' title='bbox 81 1579 106 1619; x_wconf 79' lang='lat'><strong>15</strong></span> <span class='ocrx_word' id='word_1_124' title='bbox 115 1564 170 1623; x_wconf 92' lang='lat' dir='ltr'><strong>bus</strong></span> <span class='ocrx_word' id='word_1_125' title='bbox 194 1572 334 1624; x_wconf 90' lang='lat' dir='ltr'><strong>orantem.</strong></span> <span class='ocrx_word' id='word_1_126' title='bbox 380 1564 444 1624; x_wconf 91' lang='lat' dir='ltr'><strong>dum</strong></span> <span class='ocrx_word' id='word_1_127' title='bbox 459 1564 578 1625; x_wconf 77' lang='lat' dir='ltr'><strong>fortuitu</strong></span> <span class='ocrx_word' id='word_1_128' title='bbox 594 1562 627 1597; x_wconf 82' lang='grc'><strong>**</strong></span> <span class='ocrx_word' id='word_1_129' title='bbox 650 1566 742 1624; x_wconf 90' lang='lat' dir='ltr'><strong>lidens</strong></span> <span class='ocrx_word' id='word_1_130' title='bbox 757 1583 813 1624; x_wconf 92' lang='lat' dir='ltr'><strong>non</strong></span> <span class='ocrx_word' id='word_1_131' title='bbox 835 1577 880 1626; x_wconf 89' lang='lat' dir='ltr'><strong>est</strong></span> <span class='ocrx_word' id='word_1_132' title='bbox 896 1576 995 1625; x_wconf 87' lang='lat' dir='ltr'><strong>contra</strong></span> <span class='ocrx_word' id='word_1_133' title='bbox 1012 1566 1114 1639; x_wconf 87' lang='lat' dir='ltr'><strong>leram,</strong></span> 
     </span>
     <span class='ocr_line' id='line_1_17' title="bbox 115 1647 1158 1726; baseline 0.002 -19"><span class='ocrx_word' id='word_1_134' title='bbox 115 1648 264 1724; x_wconf 93' lang='lat' dir='ltr'><strong>multoque</strong></span> <span class='ocrx_word' id='word_1_135' title='bbox 279 1647 384 1707; x_wconf 87' lang='lat' dir='ltr'><strong>diutius</strong></span> <span class='ocrx_word' id='word_1_136' title='bbox 398 1649 538 1708; x_wconf 90' lang='lat' dir='ltr'><strong>miraculo</strong></span> <span class='ocrx_word' id='word_1_137' title='bbox 555 1666 639 1726; x_wconf 90' lang='lat' dir='ltr'><strong>quam</strong></span> <span class='ocrx_word' id='word_1_138' title='bbox 654 1658 729 1707; x_wconf 91' lang='lat' dir='ltr'><strong>metu</strong></span> <span class='ocrx_word' id='word_1_139' title='bbox 752 1660 895 1709; x_wconf 89' lang='lat' dir='ltr'><strong>cessatum</strong></span> <span class='ocrx_word' id='word_1_140' title='bbox 910 1659 963 1709; x_wconf 90' lang='lat' dir='ltr'><strong>est.</strong></span> <span class='ocrx_word' id='word_1_141' title='bbox 995 1651 1114 1726; x_wconf 84' lang='lat' dir='ltr'><strong>degrss·</strong></span> <span class='ocrx_word' id='word_1_142' title='bbox 1124 1654 1158 1709; x_wconf 82' lang='grc'><strong>58</strong></span> 
     </span>
     <span class='ocr_line' id='line_1_18' title="bbox 116 1730 1116 1812; baseline 0.002 -21"><span class='ocrx_word' id='word_1_143' title='bbox 116 1750 166 1791; x_wconf 89' lang='lat' dir='ltr'><strong>sus</strong></span> <span class='ocrx_word' id='word_1_144' title='bbox 186 1730 301 1791; x_wconf 88' lang='lat' dir='ltr'><strong>tandem</strong></span> <span class='ocrx_word' id='word_1_145' title='bbox 323 1733 423 1792; x_wconf 91' lang='lat' dir='ltr'><strong>evellit</strong></span> <span class='ocrx_word' id='word_1_146' title='bbox 448 1732 599 1811; x_wconf 90' lang='lat' dir='ltr'><strong>praebenti</strong></span> <span class='ocrx_word' id='word_1_147' title='bbox 626 1743 655 1792; x_wconf 90' lang='lat' dir='ltr'><strong>et</strong></span> <span class='ocrx_word' id='word_1_148' title='bbox 676 1751 760 1811; x_wconf 90' lang='lat' dir='ltr'><strong>quam</strong></span> <span class='ocrx_word' id='word_1_149' title='bbox 781 1752 913 1795; x_wconf 83' lang='lat' dir='ltr'><strong>maxume</strong></span> <span class='ocrx_word' id='word_1_150' title='bbox 935 1752 1008 1812; x_wconf 90' lang='lat' dir='ltr'><strong>opus</strong></span> <span class='ocrx_word' id='word_1_151' title='bbox 1037 1742 1116 1793; x_wconf 89' lang='lat' dir='ltr'><strong>esset</strong></span> 
     </span>
     <span class='ocr_line' id='line_1_19' title="bbox 115 1813 1116 1896; baseline 0.001 -20"><span class='ocrx_word' id='word_1_152' title='bbox 115 1813 356 1876; x_wconf 90' lang='lat' dir='ltr'><strong>adcommodanti.</strong></span> <span class='ocrx_word' id='word_1_153' title='bbox 392 1818 563 1895; x_wconf 89' lang='lat' dir='ltr'><strong>traduntque</strong></span> <span class='ocrx_word' id='word_1_154' title='bbox 584 1816 716 1896; x_wconf 87' lang='lat' dir='ltr'><strong>quamdiu</strong></span> <span class='ocrx_word' id='word_1_155' title='bbox 739 1820 820 1877; x_wconf 90' lang='lat' dir='ltr'><strong>navis</strong></span> <span class='ocrx_word' id='word_1_156' title='bbox 842 1836 877 1878; x_wconf 89' lang='lat' dir='ltr'><strong>ea</strong></span> <span class='ocrx_word' id='word_1_157' title='bbox 899 1820 926 1877; x_wconf 92' lang='lat' dir='ltr'><strong>in</strong></span> <span class='ocrx_word' id='word_1_158' title='bbox 950 1820 1035 1878; x_wconf 88' lang='lat' dir='ltr'><strong>litore</strong></span> <span class='ocrx_word' id='word_1_159' title='bbox 1058 1827 1116 1877; x_wconf 86' lang='lat' dir='ltr'><strong>ste·</strong></span> 
     </span>
     <span class='ocr_line' id='line_1_20' title="bbox 115 1899 1115 1980; baseline 0.001 -22"><span class='ocrx_word' id='word_1_160' title='bbox 115 1900 186 1958; x_wconf 91' lang='lat' dir='ltr'><strong>terit</strong></span> <span class='ocrx_word' id='word_1_161' title='bbox 201 1899 338 1960; x_wconf 80' lang='lat' dir='ltr'><strong>retulisse</strong></span> <span class='ocrx_word' id='word_1_162' title='bbox 352 1902 472 1977; x_wconf 83' lang='lat' dir='ltr'><strong>gratiam</strong></span> <span class='ocrx_word' id='word_1_163' title='bbox 488 1911 609 1961; x_wconf 87' lang='lat' dir='ltr'><strong>venatus</strong></span> <span class='ocrx_word' id='word_1_164' title='bbox 630 1902 808 1977; x_wconf 87' lang='lat' dir='ltr'><strong>adgerendo.</strong></span> <span class='ocrx_word' id='word_1_165' title='bbox 840 1920 894 1980; x_wconf 90' lang='lat' dir='ltr'><strong>qua</strong></span> <span class='ocrx_word' id='word_1_166' title='bbox 910 1903 946 1961; x_wconf 92' lang='lat' dir='ltr'><strong>de</strong></span> <span class='ocrx_word' id='word_1_167' title='bbox 969 1916 1055 1962; x_wconf 89' lang='lat' dir='ltr'><strong>causa</strong></span> <span class='ocrx_word' id='word_1_168' title='bbox 1071 1900 1115 1960; x_wconf 87' lang='lat' dir='ltr'><strong>bi·</strong></span> 
     </span>
    </p>

    <p class='ocr_par' dir='ltr' id='par_1_7' title="bbox 79 1983 1115 2393">
     <span class='ocr_line' id='line_1_21' title="bbox 79 1983 1115 2063; baseline 0 -21"><span class='ocrx_word' id='word_1_169' title='bbox 79 1983 190 2045; x_wconf 83' lang='lat' dir='ltr'><strong>aobero</strong></span> <span class='ocrx_word' id='word_1_170' title='bbox 211 1984 285 2061; x_wconf 88' lang='lat' dir='ltr'><strong>patri</strong></span> <span class='ocrx_word' id='word_1_171' title='bbox 298 1985 441 2062; x_wconf 87' lang='lat' dir='ltr'><strong>templum</strong></span> <span class='ocrx_word' id='word_1_172' title='bbox 455 1988 483 2046; x_wconf 93' lang='lat' dir='ltr'><strong>in</strong></span> <span class='ocrx_word' id='word_1_173' title='bbox 498 1987 585 2045; x_wconf 88' lang='lat' dir='ltr'><strong>Samo</strong></span> <span class='ocrx_word' id='word_1_174' title='bbox 600 1984 683 2062; x_wconf 83' lang='lat' dir='ltr'><strong>Elpis</strong></span> <span class='ocrx_word' id='word_1_175' title='bbox 695 1986 833 2060; x_wconf 86' lang='lat' dir='ltr'><strong>sacravit,¹</strong></span> <span class='ocrx_word' id='word_1_176' title='bbox 845 1986 920 2063; x_wconf 93' lang='lat' dir='ltr'><strong>quod</strong></span> <span class='ocrx_word' id='word_1_177' title='bbox 935 1986 971 2044; x_wconf 92' lang='lat' dir='ltr'><strong>ab</strong></span> <span class='ocrx_word' id='word_1_178' title='bbox 987 2003 1023 2045; x_wconf 89' lang='lat' dir='ltr'><strong>eo</strong></span> <span class='ocrx_word' id='word_1_179' title='bbox 1037 1985 1115 2044; x_wconf 87' lang='lat' dir='ltr'><strong>lacto</strong></span> 
     </span>
     <span class='ocr_line' id='line_1_22' title="bbox 117 2061 1115 2147; baseline 0 -20"><span class='ocrx_word' id='word_1_180' title='bbox 117 2066 221 2127; x_wconf 80' lang='lat' dir='ltr'><strong>Graeci</strong></span> <span class='ocrx_word' id='word_1_181' title='bbox 236 2061 413 2143; x_wconf 69' lang='grc' dir='ltr'><strong><em>κεχηνότος</em></strong></span> <span class='ocrx_word' id='word_1_182' title='bbox 424 2062 599 2129; x_wconf 78' lang='grc' dir='ltr'><strong><em>Διονύσου</em></strong></span> <span class='ocrx_word' id='word_1_183' title='bbox 621 2068 820 2145; x_wconf 87' lang='lat' dir='ltr'><strong>appellavere.</strong></span> <span class='ocrx_word' id='word_1_184' title='bbox 862 2068 997 2127; x_wconf 84' lang='lat' dir='ltr'><strong>bliremur</strong></span> <span class='ocrx_word' id='word_1_185' title='bbox 1011 2077 1115 2147; x_wconf 87' lang='lat' dir='ltr'><strong>postea</strong></span> 
     </span>
     <span class='ocr_line' id='line_1_23' title="bbox 114 2150 1115 2228; baseline 0.002 -20"><span class='ocrx_word' id='word_1_186' title='bbox 114 2151 241 2227; x_wconf 87' lang='lat' dir='ltr'><strong>vestigia</strong></span> <span class='ocrx_word' id='word_1_187' title='bbox 256 2150 398 2211; x_wconf 89' lang='lat' dir='ltr'><strong>bominum</strong></span> <span class='ocrx_word' id='word_1_188' title='bbox 414 2152 545 2228; x_wconf 87' lang='lat' dir='ltr'><strong>intellegi</strong></span> <span class='ocrx_word' id='word_1_189' title='bbox 561 2170 577 2209; x_wconf 90' lang='lat' dir='ltr'><strong>a</strong></span> <span class='ocrx_word' id='word_1_190' title='bbox 592 2151 675 2224; x_wconf 83' lang='lat' dir='ltr'><strong>ieris,</strong></span> <span class='ocrx_word' id='word_1_191' title='bbox 692 2170 755 2211; x_wconf 88' lang='lat' dir='ltr'><strong>cum</strong></span> <span class='ocrx_word' id='word_1_192' title='bbox 771 2154 856 2210; x_wconf 91' lang='lat' dir='ltr'><strong>etiam</strong></span> <span class='ocrx_word' id='word_1_193' title='bbox 878 2153 983 2211; x_wconf 85' lang='lat' dir='ltr'><strong>auxilia</strong></span> <span class='ocrx_word' id='word_1_194' title='bbox 1000 2152 1036 2211; x_wconf 92' lang='lat' dir='ltr'><strong>ab</strong></span> <span class='ocrx_word' id='word_1_195' title='bbox 1058 2168 1115 2210; x_wconf 93' lang='lat' dir='ltr'><strong>uno</strong></span> 
     </span>
     <span class='ocr_line' id='line_1_24' title="bbox 116 2235 1115 2313; baseline 0 -18"><span class='ocrx_word' id='word_1_196' title='bbox 116 2235 277 2295; x_wconf 88' lang='lat' dir='ltr'><strong>animalium</strong></span> <span class='ocrx_word' id='word_1_197' title='bbox 293 2235 433 2313; x_wconf 84' lang='lat' dir='ltr'><strong>sperent?</strong></span> <span class='ocrx_word' id='word_1_198' title='bbox 464 2254 514 2295; x_wconf 92' lang='lat' dir='ltr'><strong>cur</strong></span> <span class='ocrx_word' id='word_1_199' title='bbox 529 2236 604 2294; x_wconf 91' lang='lat' dir='ltr'><strong>euim</strong></span> <span class='ocrx_word' id='word_1_200' title='bbox 618 2252 675 2293; x_wconf 93' lang='lat' dir='ltr'><strong>non</strong></span> <span class='ocrx_word' id='word_1_201' title='bbox 691 2235 794 2295; x_wconf 90' lang='lat' dir='ltr'><strong>adalia</strong></span> <span class='ocrx_word' id='word_1_202' title='bbox 810 2236 882 2309; x_wconf 88' lang='lat' dir='ltr'><strong>iere,</strong></span> <span class='ocrx_word' id='word_1_203' title='bbox 901 2245 948 2294; x_wconf 90' lang='lat' dir='ltr'><strong>aut</strong></span> <span class='ocrx_word' id='word_1_204' title='bbox 965 2235 1040 2294; x_wconf 89' lang='lat' dir='ltr'><strong>unde</strong></span> <span class='ocrx_word' id='word_1_205' title='bbox 1056 2252 1115 2295; x_wconf 84' lang='lat' dir='ltr'><strong>me·</strong></span> 
     </span>
     <span class='ocr_line' id='line_1_25' title="bbox 115 2316 1115 2393; baseline 0 -14"><span class='ocrx_word' id='word_1_206' title='bbox 115 2320 199 2379; x_wconf 89' lang='lat' dir='ltr'><strong>dicas</strong></span> <span class='ocrx_word' id='word_1_207' title='bbox 212 2337 312 2379; x_wconf 91' lang='lat' dir='ltr'><strong>manus</strong></span> <span class='ocrx_word' id='word_1_208' title='bbox 326 2319 448 2380; x_wconf 91' lang='lat' dir='ltr'><strong>bominis</strong></span> <span class='ocrx_word' id='word_1_209' title='bbox 463 2316 577 2380; x_wconf 81' lang='lat' dir='ltr'><strong>sciunt?</strong></span> <span class='ocrx_word' id='word_1_210' title='bbox 593 2320 647 2378; x_wconf 89' lang='lat' dir='ltr'><strong>nisi</strong></span> <span class='ocrx_word' id='word_1_211' title='bbox 662 2318 797 2393; x_wconf 74' lang='lat' dir='ltr'><strong>fontenis</strong></span> <span class='ocrx_word' id='word_1_212' title='bbox 813 2320 951 2380; x_wconf 91' lang='lat' dir='ltr'><strong>malorum</strong></span> <span class='ocrx_word' id='word_1_213' title='bbox 970 2320 1054 2379; x_wconf 93' lang='lat' dir='ltr'><strong>etiam</strong></span> <span class='ocrx_word' id='word_1_214' title='bbox 1073 2319 1115 2379; x_wconf 84' lang='lat' dir='ltr'><strong>le·</strong></span> 
     </span>
    </p>

    <p class='ocr_par' dir='ltr' id='par_1_8' title="bbox 80 2404 1209 2819">
     <span class='ocr_line' id='line_1_26' title="bbox 80 2404 523 2482; baseline -0.002 -19"><span class='ocrx_word' id='word_1_215' title='bbox 80 2421 166 2467; x_wconf 76' lang='lat' dir='ltr'><strong>saras</strong></span> <span class='ocrx_word' id='word_1_216' title='bbox 182 2405 275 2463; x_wconf 91' lang='lat' dir='ltr'><strong>omnia</strong></span> <span class='ocrx_word' id='word_1_217' title='bbox 292 2404 523 2482; x_wconf 79' lang='lat' dir='ltr'><strong>experiri-cogit.</strong></span> 
     </span>
     <span class='ocr_line' id='line_1_27' title="bbox 126 2479 1158 2566; baseline 0.006 -20"><span class='ocrx_word' id='word_1_218' title='bbox 126 2536 136 2546; x_wconf 91' lang='lat'><em>.</em></span> <span class='ocrx_word' id='word_1_219' title='bbox 184 2487 230 2544; x_wconf 85' lang='lat'><strong>17.</strong></span> <span class='ocrx_word' id='word_1_220' title='bbox 253 2486 357 2565; x_wconf 81' lang='lat' dir='ltr'><strong>Aeque</strong></span> <span class='ocrx_word' id='word_1_221' title='bbox 377 2488 588 2548; x_wconf 89' lang='lat' dir='ltr'><strong>memorandum</strong></span> <span class='ocrx_word' id='word_1_222' title='bbox 615 2497 645 2547; x_wconf 90' lang='lat' dir='ltr'><strong>et</strong></span> <span class='ocrx_word' id='word_1_223' title='bbox 676 2488 712 2547; x_wconf 92' lang='lat' dir='ltr'><strong>de</strong></span> <span class='ocrx_word' id='word_1_224' title='bbox 732 2487 872 2566; x_wconf 89' lang='lat' dir='ltr'><strong>panthera</strong></span> <span class='ocrx_word' id='word_1_225' title='bbox 894 2489 980 2549; x_wconf 86' lang='lat' dir='ltr'><strong>tradit</strong></span> <span class='ocrx_word' id='word_1_226' title='bbox 1007 2479 1158 2552; x_wconf 72' lang='lat' dir='ltr'><strong>Deme-69</strong></span> 
     </span>
     <span class='ocr_line' id='line_1_28' title="bbox 115 2569 1115 2648; baseline 0 -19"><span class='ocrx_word' id='word_1_227' title='bbox 115 2572 190 2630; x_wconf 89' lang='lat' dir='ltr'><strong>trius</strong></span> <span class='ocrx_word' id='word_1_228' title='bbox 214 2569 367 2648; x_wconf 76' lang='lat' dir='ltr'><strong>physicus,</strong></span> <span class='ocrx_word' id='word_1_229' title='bbox 388 2573 529 2632; x_wconf 87' lang='lat' dir='ltr'><strong>iacentem</strong></span> <span class='ocrx_word' id='word_1_230' title='bbox 551 2574 580 2631; x_wconf 92' lang='lat' dir='ltr'><strong>in</strong></span> <span class='ocrx_word' id='word_1_231' title='bbox 598 2571 691 2631; x_wconf 90' lang='lat' dir='ltr'><strong>media</strong></span> <span class='ocrx_word' id='word_1_232' title='bbox 709 2574 755 2631; x_wconf 92' lang='lat' dir='ltr'><strong>via</strong></span> <span class='ocrx_word' id='word_1_233' title='bbox 771 2572 892 2631; x_wconf 90' lang='lat' dir='ltr'><strong>hominis</strong></span> <span class='ocrx_word' id='word_1_234' title='bbox 907 2574 1054 2633; x_wconf 89' lang='lat' dir='ltr'><strong>desiderio</strong></span> <span class='ocrx_word' id='word_1_235' title='bbox 1069 2588 1115 2630; x_wconf 90' lang='lat' dir='ltr'><strong>re·</strong></span> 
     </span>
     <span class='ocr_line' id='line_1_29' title="bbox 116 2655 1116 2735; baseline 0.001 -23"><span class='ocrx_word' id='word_1_236' title='bbox 116 2664 206 2732; x_wconf 79' lang='lat' dir='ltr'><strong>pente</strong></span> <span class='ocrx_word' id='word_1_237' title='bbox 226 2655 395 2733; x_wconf 83' lang='lat' dir='ltr'><strong>adparuisse</strong></span> <span class='ocrx_word' id='word_1_238' title='bbox 415 2658 488 2735; x_wconf 92' lang='lat' dir='ltr'><strong>patri</strong></span> <span class='ocrx_word' id='word_1_239' title='bbox 505 2656 650 2717; x_wconf 88' lang='lat' dir='ltr'><strong>cuiusdam</strong></span> <span class='ocrx_word' id='word_1_240' title='bbox 671 2656 772 2715; x_wconf 88' lang='lat' dir='ltr'><strong>Philini</strong></span> <span class='ocrx_word' id='word_1_241' title='bbox 788 2656 979 2715; x_wconf 89' lang='lat' dir='ltr'><strong>adsectatoris</strong></span> <span class='ocrx_word' id='word_1_242' title='bbox 1002 2658 1116 2734; x_wconf 89' lang='lat' dir='ltr'><strong>sapien·</strong></span> 
     </span>
     <span class='ocr_line' id='line_1_30' title="bbox 116 2737 1209 2819; baseline 0.004 -24"><span class='ocrx_word' id='word_1_243' title='bbox 116 2739 186 2796; x_wconf 90' lang='lat' dir='ltr'><strong>tiae.</strong></span> <span class='ocrx_word' id='word_1_244' title='bbox 218 2737 297 2797; x_wconf 89' lang='lat' dir='ltr'><strong>illum</strong></span> <span class='ocrx_word' id='word_1_245' title='bbox 313 2757 423 2816; x_wconf 89' lang='lat' dir='ltr'><strong>pavore</strong></span> <span class='ocrx_word' id='word_1_246' title='bbox 440 2742 578 2819; x_wconf 86' lang='lat' dir='ltr'><strong>coepisse</strong></span> <span class='ocrx_word' id='word_1_247' title='bbox 592 2740 720 2815; x_wconf 83' lang='lat' dir='ltr'><strong>regredi,</strong></span> <span class='ocrx_word' id='word_1_248' title='bbox 736 2748 831 2798; x_wconf 90' lang='lat' dir='ltr'><strong>tamen</strong></span> <span class='ocrx_word' id='word_1_249' title='bbox 850 2739 940 2798; x_wconf 81' lang='lat' dir='ltr'><strong>leram</strong></span> <span class='ocrx_word' id='word_1_250' title='bbox 957 2742 1115 2799; x_wconf 76' lang='lat' dir='ltr'><strong>circumeo·</strong></span> <span class='ocrx_word' id='word_1_251' title='bbox 1205 2760 1209 2770; x_wconf 84' lang='grc'><strong>’</strong></span> 
     </span>
    </p>

    <p class='ocr_par' dir='ltr' id='par_1_9' title="bbox 80 2822 1160 3234">
     <span class='ocr_line' id='line_1_31' title="bbox 80 2822 1116 2904; baseline -0.002 -21"><span class='ocrx_word' id='word_1_252' title='bbox 80 2843 108 2883; x_wconf 81' lang='lat' dir='ltr'><strong>ao</strong></span> <span class='ocrx_word' id='word_1_253' title='bbox 118 2822 203 2881; x_wconf 91' lang='lat' dir='ltr'><strong>lutari</strong></span> <span class='ocrx_word' id='word_1_254' title='bbox 215 2839 273 2880; x_wconf 94' lang='lat' dir='ltr'><strong>non</strong></span> <span class='ocrx_word' id='word_1_255' title='bbox 288 2824 374 2882; x_wconf 93' lang='lat' dir='ltr'><strong>dubie</strong></span> <span class='ocrx_word' id='word_1_256' title='bbox 394 2824 587 2884; x_wconf 87' lang='lat' dir='ltr'><strong>blandientem</strong></span> <span class='ocrx_word' id='word_1_257' title='bbox 597 2841 733 2904; x_wconf 64' lang='lat' dir='ltr'><strong>seseque</strong></span> <span class='ocrx_word' id='word_1_258' title='bbox 757 2823 968 2882; x_wconf 82' lang='lat' dir='ltr'><strong>conflictantem</strong></span> <span class='ocrx_word' id='word_1_259' title='bbox 983 2840 1116 2883; x_wconf 89' lang='lat' dir='ltr'><strong>maerore</strong></span> 
     </span>
     <span class='ocr_line' id='line_1_32' title="bbox 118 2906 1115 2984; baseline 0.002 -21"><span class='ocrx_word' id='word_1_260' title='bbox 118 2906 167 2984; x_wconf 89' lang='lat' dir='ltr'><strong>qui</strong></span> <span class='ocrx_word' id='word_1_261' title='bbox 183 2907 267 2965; x_wconf 89' lang='lat' dir='ltr'><strong>etiam</strong></span> <span class='ocrx_word' id='word_1_262' title='bbox 281 2907 309 2965; x_wconf 92' lang='lat' dir='ltr'><strong>in</strong></span> <span class='ocrx_word' id='word_1_263' title='bbox 323 2907 463 2983; x_wconf 87' lang='lat' dir='ltr'><strong>panthera</strong></span> <span class='ocrx_word' id='word_1_264' title='bbox 481 2906 611 2982; x_wconf 88' lang='lat' dir='ltr'><strong>intellegi</strong></span> <span class='ocrx_word' id='word_1_265' title='bbox 628 2915 739 2983; x_wconf 86' lang='lat' dir='ltr'><strong>posset.</strong></span> <span class='ocrx_word' id='word_1_266' title='bbox 772 2907 831 2965; x_wconf 87' lang='lat' dir='ltr'><strong>leta</strong></span> <span class='ocrx_word' id='word_1_267' title='bbox 852 2915 914 2965; x_wconf 89' lang='lat' dir='ltr'><strong>erat</strong></span> <span class='ocrx_word' id='word_1_268' title='bbox 930 2906 1033 2966; x_wconf 91' lang='lat' dir='ltr'><strong>catulis</strong></span> <span class='ocrx_word' id='word_1_269' title='bbox 1049 2922 1115 2983; x_wconf 85' lang='lat' dir='ltr'><strong>pro-</strong></span> 
     </span>
     <span class='ocr_line' id='line_1_33' title="bbox 118 2988 1160 3068; baseline 0.002 -21"><span class='ocrx_word' id='word_1_270' title='bbox 118 2989 166 3048; x_wconf 90' lang='lat' dir='ltr'><strong>cul</strong></span> <span class='ocrx_word' id='word_1_271' title='bbox 186 2990 214 3048; x_wconf 92' lang='lat' dir='ltr'><strong>in</strong></span> <span class='ocrx_word' id='word_1_272' title='bbox 235 2988 350 3049; x_wconf 82' lang='lat' dir='ltr'><strong>foveam</strong></span> <span class='ocrx_word' id='word_1_273' title='bbox 365 2991 502 3068; x_wconf 84' lang='lat' dir='ltr'><strong>delapsis.</strong></span> <span class='ocrx_word' id='word_1_274' title='bbox 533 2992 653 3067; x_wconf 88' lang='lat' dir='ltr'><strong>primum</strong></span> <span class='ocrx_word' id='word_1_275' title='bbox 674 3007 746 3065; x_wconf 87' lang='lat' dir='ltr'><strong>ergo</strong></span> <span class='ocrx_word' id='word_1_276' title='bbox 768 2991 961 3049; x_wconf 86' lang='lat' dir='ltr'><strong>miserationis</strong></span> <span class='ocrx_word' id='word_1_277' title='bbox 983 2990 1034 3049; x_wconf 92' lang='lat' dir='ltr'><strong>luit</strong></span> <span class='ocrx_word' id='word_1_278' title='bbox 1056 3002 1160 3055; x_wconf 72' lang='lat' dir='ltr'><strong>nonno</strong></span> 
     </span>
     <span class='ocr_line' id='line_1_34' title="bbox 117 3074 1116 3152; baseline 0.002 -21"><span class='ocrx_word' id='word_1_279' title='bbox 117 3090 332 3150; x_wconf 82' lang='lat' dir='ltr'><strong>expavescere,</strong></span> <span class='ocrx_word' id='word_1_280' title='bbox 348 3091 516 3152; x_wconf 89' lang='lat' dir='ltr'><strong>proxumum</strong></span> <span class='ocrx_word' id='word_1_281' title='bbox 531 3084 560 3133; x_wconf 92' lang='lat' dir='ltr'><strong>et</strong></span> <span class='ocrx_word' id='word_1_282' title='bbox 576 3092 672 3132; x_wconf 92' lang='lat' dir='ltr'><strong>curam</strong></span> <span class='ocrx_word' id='word_1_283' title='bbox 688 3074 849 3147; x_wconf 87' lang='lat' dir='ltr'><strong>intendere,</strong></span> <span class='ocrx_word' id='word_1_284' title='bbox 867 3084 1042 3151; x_wconf 87' lang='lat' dir='ltr'><strong>secutusque</strong></span> <span class='ocrx_word' id='word_1_285' title='bbox 1061 3086 1116 3150; x_wconf 87' lang='lat' dir='ltr'><strong>qna</strong></span> 
     </span>
     <span class='ocr_line' id='line_1_35' title="bbox 117 3157 1117 3234; baseline 0 -19"><span class='ocrx_word' id='word_1_286' title='bbox 117 3157 251 3219; x_wconf 90' lang='lat' dir='ltr'><strong>trabebat</strong></span> <span class='ocrx_word' id='word_1_287' title='bbox 265 3168 381 3217; x_wconf 80' lang='lat' dir='ltr'><strong>uestem</strong></span> <span class='ocrx_word' id='word_1_288' title='bbox 403 3159 538 3234; x_wconf 89' lang='lat' dir='ltr'><strong>unguium</strong></span> <span class='ocrx_word' id='word_1_289' title='bbox 554 3158 611 3217; x_wconf 90' lang='lat' dir='ltr'><strong>levi</strong></span> <span class='ocrx_word' id='word_1_290' title='bbox 633 3158 751 3231; x_wconf 89' lang='lat' dir='ltr'><strong>iniectu,</strong></span> <span class='ocrx_word' id='word_1_291' title='bbox 772 3165 802 3215; x_wconf 92' lang='lat' dir='ltr'><strong>ut</strong></span> <span class='ocrx_word' id='word_1_292' title='bbox 819 3174 933 3217; x_wconf 88' lang='lat' dir='ltr'><strong>eausam</strong></span> <span class='ocrx_word' id='word_1_293' title='bbox 950 3157 1061 3217; x_wconf 89' lang='lat' dir='ltr'><strong>doloris</strong></span> <span class='ocrx_word' id='word_1_294' title='bbox 1076 3158 1117 3215; x_wconf 88' lang='lat' dir='ltr'><strong>in·</strong></span> 
     </span>
    </p>

    <p class='ocr_par' dir='ltr' id='par_1_10' title="bbox 81 3240 1118 3404">
     <span class='ocr_line' id='line_1_36' title="bbox 81 3240 1117 3319; baseline 0 -19"><span class='ocrx_word' id='word_1_295' title='bbox 81 3240 234 3301; x_wconf 74' lang='lat' dir='ltr'><strong>³⁵tellexit</strong></span> <span class='ocrx_word' id='word_1_296' title='bbox 252 3240 393 3319; x_wconf 91' lang='lat' dir='ltr'><strong>simulque</strong></span> <span class='ocrx_word' id='word_1_297' title='bbox 417 3242 517 3301; x_wconf 88' lang='lat' dir='ltr'><strong>salutis</strong></span> <span class='ocrx_word' id='word_1_298' title='bbox 533 3259 602 3301; x_wconf 91' lang='lat' dir='ltr'><strong>snae</strong></span> <span class='ocrx_word' id='word_1_299' title='bbox 617 3241 798 3316; x_wconf 89' lang='lat' dir='ltr'><strong>mercedem,</strong></span> <span class='ocrx_word' id='word_1_300' title='bbox 823 3244 930 3301; x_wconf 85' lang='lat' dir='ltr'><strong>exemit</strong></span> <span class='ocrx_word' id='word_1_301' title='bbox 944 3243 1065 3315; x_wconf 91' lang='lat' dir='ltr'><strong>catulos,</strong></span> <span class='ocrx_word' id='word_1_302' title='bbox 1083 3258 1117 3300; x_wconf 92' lang='lat' dir='ltr'><strong>ea</strong></span> 
     </span>
     <span class='ocr_line' id='line_1_37' title="bbox 119 3324 1118 3404; baseline 0 -21"><span class='ocrx_word' id='word_1_303' title='bbox 119 3324 244 3384; x_wconf 89' lang='lat' dir='ltr'><strong>cumbis</strong></span> <span class='ocrx_word' id='word_1_304' title='bbox 266 3335 463 3404; x_wconf 83' lang='lat' dir='ltr'><strong>prosequente</strong></span> <span class='ocrx_word' id='word_1_305' title='bbox 479 3344 571 3404; x_wconf 85' lang='lat' dir='ltr'><strong>usque</strong></span> <span class='ocrx_word' id='word_1_306' title='bbox 589 3335 671 3384; x_wconf 85' lang='lat' dir='ltr'><strong>extra</strong></span> <span class='ocrx_word' id='word_1_307' title='bbox 687 3324 856 3385; x_wconf 87' lang='lat' dir='ltr'><strong>solitudines</strong></span> <span class='ocrx_word' id='word_1_308' title='bbox 878 3326 1018 3385; x_wconf 88' lang='lat' dir='ltr'><strong>deductus</strong></span> <span class='ocrx_word' id='word_1_309' title='bbox 1042 3326 1118 3385; x_wconf 85' lang='lat' dir='ltr'><strong>laeta</strong></span> 
     </span>
    </p>

    <p class='ocr_par' dir='ltr' id='par_1_11' title="bbox 77 3407 1118 3573">
     <span class='ocr_line' id='line_1_38' title="bbox 77 3407 1118 3487; baseline 0 -20"><span class='ocrx_word' id='word_1_310' title='bbox 77 3428 85 3434; x_wconf 86' lang='lat'>·</span> <span class='ocrx_word' id='word_1_311' title='bbox 117 3416 208 3486; x_wconf 88' lang='lat' dir='ltr'><strong>atque</strong></span> <span class='ocrx_word' id='word_1_312' title='bbox 223 3410 383 3485; x_wconf 84' lang='lat' dir='ltr'><strong>gestiente,</strong></span> <span class='ocrx_word' id='word_1_313' title='bbox 398 3419 430 3469; x_wconf 92' lang='lat' dir='ltr'><strong>ut</strong></span> <span class='ocrx_word' id='word_1_314' title='bbox 447 3409 534 3470; x_wconf 83' lang='lat' dir='ltr'><strong>facile</strong></span> <span class='ocrx_word' id='word_1_315' title='bbox 551 3410 707 3487; x_wconf 86' lang='lat' dir='ltr'><strong>adpareret</strong></span> <span class='ocrx_word' id='word_1_316' title='bbox 726 3410 846 3485; x_wconf 89' lang='lat' dir='ltr'><strong>gratiam</strong></span> <span class='ocrx_word' id='word_1_317' title='bbox 867 3410 979 3469; x_wconf 86' lang='lat' dir='ltr'><strong>reierre</strong></span> <span class='ocrx_word' id='word_1_318' title='bbox 1001 3418 1031 3468; x_wconf 87' lang='lat' dir='ltr'><strong>et</strong></span> <span class='ocrx_word' id='word_1_319' title='bbox 1048 3407 1118 3467; x_wconf 92' lang='lat' dir='ltr'><strong>nibil</strong></span> 
     </span>
     <span class='ocr_line' id='line_1_39' title="bbox 118 3492 962 3573; baseline -0.001 -22"><span class='ocrx_word' id='word_1_320' title='bbox 118 3494 148 3551; x_wconf 88' lang='lat' dir='ltr'><strong>in</strong></span> <span class='ocrx_word' id='word_1_321' title='bbox 164 3492 258 3552; x_wconf 86' lang='lat' dir='ltr'><strong>vicem</strong></span> <span class='ocrx_word' id='word_1_322' title='bbox 275 3495 417 3573; x_wconf 89' lang='lat' dir='ltr'><strong>inputare,</strong></span> <span class='ocrx_word' id='word_1_323' title='bbox 435 3494 511 3571; x_wconf 88' lang='lat' dir='ltr'><strong>quod</strong></span> <span class='ocrx_word' id='word_1_324' title='bbox 526 3496 610 3552; x_wconf 89' lang='lat' dir='ltr'><strong>etiam</strong></span> <span class='ocrx_word' id='word_1_325' title='bbox 625 3494 653 3551; x_wconf 90' lang='lat' dir='ltr'><strong>in</strong></span> <span class='ocrx_word' id='word_1_326' title='bbox 670 3492 783 3552; x_wconf 88' lang='lat' dir='ltr'><strong>bomine</strong></span> <span class='ocrx_word' id='word_1_327' title='bbox 799 3511 893 3553; x_wconf 91' lang='lat' dir='ltr'><strong>rarum</strong></span> <span class='ocrx_word' id='word_1_328' title='bbox 909 3502 962 3553; x_wconf 89' lang='lat' dir='ltr'><strong>est.</strong></span> 
     </span>
    </p>
   </div>
   <div class='ocr_carea' id='block_1_4' title="bbox 0 0 1276 3842">
    <p class='ocr_par' dir='ltr' id='par_1_12' title="bbox 0 0 1276 3842">
     <span class='ocr_line' id='line_1_40' title="bbox 0 0 1276 3842; baseline 0 0"><span class='ocrx_word' id='word_1_329' title='bbox 0 0 1276 3842; x_wconf 95' lang='lat' dir='ltr'><strong> </strong></span> 
     </span>
    </p>
   </div>
  </div>
 </body>
</html>
