2542 3842
193 154 251 215 196
515 163 827 227 ornrmsscounn

190 337 274 399 qnam
294 318 379 379 exilis
402 334 484 379 umor
505 317 541 379 ab
563 318 614 379 illo
636 321 685 397 qui
706 299 900 379 cacuminibus
924 319 1079 379 innumeris
1102 319 1205 381 sudor

191 402 363 483 appellatur.
395 420 532 462 venarum
546 404 575 461 in
590 400 725 461 umbilico
741 402 834 463 nodus
851 421 886 464 ac
903 404 1005 464 coitus.

148 496 198 553 ²¹1
271 486 321 547 38.
340 485 423 566 (90.)
454 486 577 563 Sanguis
599 485 706 570 quibus
731 486 836 547 multus
857 494 888 546 et
906 487 1021 567 pinguis
1051 487 1201 547 iracundi.

190 570 316 635 maribus
339 588 425 650 quam
447 570 560 631 leminis
573 570 685 647 nigrior
699 579 729 631 et
743 572 877 640 iuventae
893 588 977 650 guam
995 571 1093 645 senio,
1109 580 1144 631 et
1160 573 1202 631 in·

190 656 299 717 feriore
323 663 405 733 parte
432 655 577 732 pinguior.
618 672 722 732 magna
745 663 775 713 et
799 655 829 713 in
849 672 886 715 eo
910 654 1057 715 vitalitatis
1085 656 1223 732 portion

191 740 313 799 emissus
329 738 459 818 spiritum
474 754 573 797 secum
591 738 688 814 trabit,
703 747 810 801 tactum
824 749 921 799 tamen
933 757 992 799 non
1007 739 1105 798 sentit.
1126 738 1202 799 Ani·

190 822 303 884 melium
325 822 445 884 fortiora
466 821 570 901 quibus
594 822 721 883 crassior
735 824 869 901 sanguis,
891 824 1069 901 sapientiora
1089 822 1201 902 quibus

148 906 344 982 mtenuiorg
365 906 508 966 timidiora
528 905 633 985 quibus
653 907 793 966 minumus
815 916 863 968 aut
883 906 990 968 nullus.
1033 906 1201 968 Taurorum

191 990 344 1053 celerrime
366 990 424 1055 coit
445 998 532 1069 atque
556 990 700 1067 durescit,
724 991 793 1051 ideo
816 992 941 1070 pestifer
962 998 1032 1070 pota
1049 1009 1198 1051 maxume.

191 1091 327 1156 aprorum
348 1092 383 1135 ac
403 1090 555 1137 ceruorum
576 1092 804 1154 caprearumque
825 1085 855 1135 et
876 1075 1047 1136 bubalorum
1068 1078 1228 1138 omniumo

191 1177 249 1220 non
270 1160 422 1240 spissatus.
453 1158 658 1237 pinguissimus
678 1161 784 1235 asinis,
806 1159 914 1221 bomini
933 1160 1131 1221 tenuissimus.
1166 1162 1200 1219 iis

191 1242 294 1325 quibus
315 1242 381 1321 plus
402 1244 532 1322 quaterni
555 1241 648 1321 pedes
668 1243 774 1304 nullus.
808 1244 912 1304 'obesis
934 1246 1027 1305 minus
1041 1246 1199 1323 copiosus,

148 1329 342 1409 mquoniam
358 1324 515 1388 absumitur
529 1327 638 1405 pingui.
655 1326 830 1387 Produvium
846 1328 908 1388 eius
922 1330 970 1387 uni
985 1328 1018 1387 lit
1033 1328 1200 1389 lunaribus

193 1412 316 1487 homini,
332 1412 396 1472 aliis
410 1426 481 1471 nare
498 1410 652 1487 alterutra,
669 1412 733 1471 allis
750 1420 882 1491 unaque,
899 1411 1070 1492 quibusdam
1084 1430 1145 1491 per
1160 1414 1200 1471 in·

192 1498 284 1572 lerna,
301 1495 396 1556 multis
411 1514 465 1575 per
481 1512 532 1555 ora
548 1504 623 1555 stato
639 1504 788 1573 tempore,
806 1506 837 1556 ut
850 1514 945 1575 nuper
958 1494 1088 1555 Macrino
1103 1495 1226 1557 Vissoo

192 1581 340 1661 praetorio
354 1580 417 1638 viro
433 1588 462 1637 et
478 1577 608 1637 omnibus
623 1580 703 1637 annis
711 1576 834 1639 Volusio
845 1580 999 1640 Saturnino
1014 1578 1093 1638 urbis
1109 1597 1198 1657 prae·

192 1664 281 1737 lecto,
298 1662 347 1738 qui
361 1661 579 1738 nonagesimum
594 1664 680 1721 etiam
693 1664 822 1723 excessit
838 1680 950 1727 annum,
982 1663 1076 1722 solum
1092 1663 1155 1732 boc
1172 1666 1199 1723 iu

192 1745 544 1821 corpore-temporarium
568 1744 656 1803 sentit
676 1746 896 1821 incrementum,
915 1744 1057 1825 siquidem
1078 1746 1198 1807 hostiae

191 1826 427 1887 abundantiorem
441 1827 570 1901 fundunt,
587 1828 611 1885 si
627 1828 706 1904 prius
722 1826 833 1888 bibere.

149 1922 201 1977 224
270 1906 352 1993 (91.)
376 1910 458 1985 Quae
477 1910 638 1971 animalium
660 1912 751 1972 latere
773 1912 862 1971 certis
876 1910 1057 1991 temporibus
1070 1912 1227 1978 diximnsao

148 1995 278 2073 ‘plynos
290 1994 397 2055 babent
409 2004 478 2056 tunc
492 1997 660 2073 sanguinem
674 2004 791 2073 praeter
801 1998 924 2074 exiguas
942 1995 1094 2056 admodum
1117 2000 1196 2059 circa

193 2080 281 2143 corda
296 2088 405 2157 guttas,
420 2082 492 2140 miro
508 2096 599 2159 opere
613 2089 744 2157 naturae,
752 2082 828 2140 siout
839 2082 868 2139 in
881 2079 996 2142 bomine
1013 2080 1070 2140 uim
1081 2082 1146 2141 eius
1159 2082 1195 2143 ad

191 2166 313 2227 minum
329 2174 473 2225 momenta
488 2165 605 2241 mutari,
626 2182 685 2225 non
703 2164 789 2225 modo
804 2164 885 2225 lellis
899 2173 1007 2225 tantum
1020 2164 1052 2225 iu
1067 2182 1119 2225 ore
1133 2184 1194 2225 nna-

192 2250 266 2311 teria
281 2249 398 2325 suffusi,
419 2266 520 2309 verum
540 2248 577 2309 ad
599 2249 729 2327 singulos
747 2250 831 2310 animi
849 2246 980 2325 babitus,
997 2249 1119 2327 pudore,
1135 2249 1192 2324 ira,

93 2397 94 2401 ,
191 2344 284 2410 meto,
302 2333 425 2412 palloris
439 2330 570 2409 pluribus
584 2333 688 2408 modis,
703 2334 772 2393 item
786 2331 909 2393 ruboris.
938 2333 1013 2393 alins
1027 2335 1100 2394 enin
1113 2333 1187 2407 irae,
1200 2354 1232 2392 25

150 2429 201 2483 225
213 2419 284 2479 alius
301 2414 505 2475 verecundiae.
550 2434 614 2476 nam
634 2418 663 2474 in
681 2426 758 2477 metu
774 2415 913 2495 reingere
927 2426 956 2477 et
970 2434 1107 2495 nusquam
1122 2432 1194 2474 esse

194 2510 303 2563 certum
318 2506 381 2573 est,
393 2487 547 2577 multisque
563 2516 621 2559 non
633 2499 780 2579 profluere
794 2501 980 2577 transfossis,
995 2501 1069 2580 qnod
1084 2499 1197 2559 bomini

149 2584 324 2669 23gt²tantum
341 2584 447 2643 evenit.
477 2600 541 2643 nam
564 2600 639 2662 quae
659 2592 769 2643 mutare
789 2583 911 2645 diximus
926 2580 1053 2645 colorem
1066 2581 1197 2643 alienum

194 2666 339 2744 accipiunt
354 2666 477 2747 quodam
491 2682 679 2746 repercussu,
695 2665 782 2727 bomo
797 2669 876 2729 solus
890 2669 919 2728 in
933 2686 967 2729 se
982 2674 1078 2729 mutat.
1094 2668 1196 2728 morbi

194 2767 294 2810 omnes
310 2749 447 2829 morsque
463 2752 630 2827 sanguinem
646 2748 806 2812 absumunt.
1203 2767 1225 2807 so

105 2838 110 2845 '
141 2844 212 2913 aad
276 2834 326 2897 39.
346 2832 429 2915 (92.)
456 2836 526 2896 Sunt
548 2836 596 2915 qui
615 2834 802 2896 subtilitatem
818 2837 902 2897 animi
923 2844 1058 2897 constare
1074 2851 1134 2894 non
1151 2843 1194 2894 te·

193 2918 300 2979 onitate
320 2919 467 2995 sanguinis
487 2927 603 2999 putent,
625 2919 677 2979 sed
693 2928 759 2980 cute
774 2922 1019 2999 operimentisque
1036 2936 1196 2998 corporum

192 3004 284 3081 magis
305 3010 354 3062 aut
373 3004 464 3063 minus
485 3002 571 3063 bruta
592 3020 677 3081 esse,
693 3012 724 3063 ut
738 3015 851 3067 ostreas
864 3013 894 3064 et
906 3003 1076 3065 testudines.
1106 3003 1196 3063 boum

193 3097 292 3167 terga,
315 3096 410 3147 saetas
430 3103 510 3146 suum
533 3086 652 3147 obstare
666 3089 794 3148 tenuitati
815 3089 964 3149 inmeantis
979 3090 1115 3167 spiritus,
1138 3106 1196 3149 nec

170 3194 172 3200 ‘
194 3188 294 3251 purum
310 3168 505 3250 liquidumque
520 3170 645 3232 tramitti.
675 3174 717 3231 sio
736 3174 807 3233 etin
827 3171 957 3248 bomine,
978 3190 1044 3232 cum
1066 3174 1227 3234 crassiores

195 3253 371 3314 callosiorve
388 3254 623 3330 excludatcutis,
641 3274 696 3315 eeu
711 3274 783 3317 vero
800 3275 858 3317 non
873 3254 1030 3330 crocodilis
1044 3266 1073 3315 et
1088 3258 1195 3317 duritia
1250 3267 1251 3270 ’

125 3357 129 3365 ’
194 3338 320 3415 tergoris
337 3335 477 3398 tribuatur
494 3347 524 3397 et
537 3336 678 3399 sollertia.

151 3428 203 3483 tal
279 3420 361 3500 (93.)
378 3415 582 3500 Hippopotami
598 3422 679 3482 corio
695 3423 854 3485 crassitudo
869 3422 935 3485 talis
949 3424 1060 3487 atinde
1074 3433 1195 3487 tornen-
