<?xml version="1.0" encoding="UTF-8"?>
<!DOCTYPE html PUBLIC "-//W3C//DTD XHTML 1.0 Transitional//EN"
    "http://www.w3.org/TR/xhtml1/DTD/xhtml1-transitional.dtd">
<html xmlns="http://www.w3.org/1999/xhtml" xml:lang="en" lang="en">
 <head>
  <title>
</title>
<meta http-equiv="Content-Type" content="text/html;charset=utf-8" />
  <meta name='ocr-system' content='tesseract 3.04.00' />
  <meta name='ocr-capabilities' content='ocr_page ocr_carea ocr_par ocr_line ocrx_word'/>
</head>
<body>
  <div class='ocr_page' id='page_1' title='image "./cplinisecundina25plingoog_0594.png"; bbox 0 0 2542 3842; ppageno 0'>
   <div class='ocr_carea' id='block_1_1' title="bbox 168 171 826 234">
    <p class='ocr_par' dir='ltr' id='par_1_1' title="bbox 168 171 826 234">
     <span class='ocr_line' id='line_1_1' title="bbox 168 171 826 234; baseline -0.008 -2"><span class='ocrx_word' id='word_1_1' title='bbox 168 171 229 234; x_wconf 73' lang='lat'>256</span> <span class='ocrx_word' id='word_1_2' title='bbox 519 182 549 230; x_wconf 88' lang='lat' dir='ltr'>c.</span> <span class='ocrx_word' id='word_1_3' title='bbox 565 183 661 229; x_wconf 75' lang='lat' dir='ltr'>annu</span> <span class='ocrx_word' id='word_1_4' title='bbox 676 180 826 230; x_wconf 81' lang='lat' dir='ltr'>sucurmr</span> 
     </span>
    </p>
   </div>
   <div class='ocr_carea' id='block_1_2' title="bbox 37 335 1236 3513">
    <p class='ocr_par' dir='ltr' id='par_1_2' title="bbox 37 335 1236 3513">
     <span class='ocr_line' id='line_1_2' title="bbox 167 335 1191 414; baseline 0 -16"><span class='ocrx_word' id='word_1_5' title='bbox 167 339 341 400; x_wconf 86' lang='lat' dir='ltr'>duratricem</span> <span class='ocrx_word' id='word_1_6' title='bbox 359 337 437 400; x_wconf 84' lang='lat' dir='ltr'>illan</span> <span class='ocrx_word' id='word_1_7' title='bbox 459 337 620 398; x_wconf 77' lang='lat' dir='ltr'>firmitatem</span> <span class='ocrx_word' id='word_1_8' title='bbox 638 337 791 396; x_wconf 84' lang='lat' dir='ltr'>austeritas</span> <span class='ocrx_word' id='word_1_9' title='bbox 812 336 886 414; x_wconf 91' lang='lat' dir='ltr'>picis</span> <span class='ocrx_word' id='word_1_10' title='bbox 905 335 1000 396; x_wconf 87' lang='lat' dir='ltr'>inlusa</span> <span class='ocrx_word' id='word_1_11' title='bbox 1015 335 1191 413; x_wconf 86' lang='lat' dir='ltr'>pediculo.</span> 
     </span>
     <span class='ocr_line' id='line_1_3' title="bbox 126 418 1191 500; baseline 0 -18"><span class='ocrx_word' id='word_1_12' title='bbox 126 433 160 488; x_wconf 78' lang='lat'>18</span> <span class='ocrx_word' id='word_1_13' title='bbox 170 423 225 482; x_wconf 89' lang='lat' dir='ltr'>ianr</span> <span class='ocrx_word' id='word_1_14' title='bbox 240 422 354 482; x_wconf 86' lang='lat' dir='ltr'>inventa</span> <span class='ocrx_word' id='word_1_15' title='bbox 364 423 431 480; x_wconf 82' lang='lat' dir='ltr'>ritis</span> <span class='ocrx_word' id='word_1_16' title='bbox 446 439 499 500; x_wconf 87' lang='lat' dir='ltr'>por</span> <span class='ocrx_word' id='word_1_17' title='bbox 516 439 550 480; x_wconf 89' lang='lat' dir='ltr'>se</span> <span class='ocrx_word' id='word_1_18' title='bbox 564 422 592 480; x_wconf 92' lang='lat' dir='ltr'>in</span> <span class='ocrx_word' id='word_1_19' title='bbox 604 421 671 479; x_wconf 82' lang='lat' dir='ltr'>vino</span> <span class='ocrx_word' id='word_1_20' title='bbox 685 421 779 497; x_wconf 80' lang='lat' dir='ltr'><strong>picem</strong></span> <span class='ocrx_word' id='word_1_21' title='bbox 793 421 954 498; x_wconf 85' lang='lat' dir='ltr'>resipiens,</span> <span class='ocrx_word' id='word_1_22' title='bbox 969 418 1191 482; x_wconf 76' lang='lat' dir='ltr'>Viennensem</span> 
     </span>
     <span class='ocr_line' id='line_1_4' title="bbox 168 503 1191 584; baseline -0.001 -18"><span class='ocrx_word' id='word_1_23' title='bbox 168 523 268 584; x_wconf 86' lang='lat' dir='ltr'>agrum</span> <span class='ocrx_word' id='word_1_24' title='bbox 283 506 453 580; x_wconf 77' lang='lat' dir='ltr'>nobilitans,</span> <span class='ocrx_word' id='word_1_25' title='bbox 469 505 603 564; x_wconf 79' lang='lat' dir='ltr'>Arverno</span> <span class='ocrx_word' id='word_1_26' title='bbox 620 506 817 582; x_wconf 81' lang='lat' dir='ltr'>Sequanoqua&#39;</span> <span class='ocrx_word' id='word_1_27' title='bbox 833 513 862 563; x_wconf 90' lang='lat' dir='ltr'>et</span> <span class='ocrx_word' id='word_1_28' title='bbox 872 503 995 563; x_wconf 84' lang='lat' dir='ltr'>llelvico</span> <span class='ocrx_word' id='word_1_29' title='bbox 1009 506 1191 582; x_wconf 85' lang='lat' dir='ltr'>generibus</span> 
     </span>
     <span class='ocr_line' id='line_1_5' title="bbox 169 588 1189 669; baseline 0 -19"><span class='ocrx_word' id='word_1_30' title='bbox 169 607 226 650; x_wconf 89' lang='lat' dir='ltr'>non</span> <span class='ocrx_word' id='word_1_31' title='bbox 250 591 363 669; x_wconf 88' lang='lat' dir='ltr'>pridem</span> <span class='ocrx_word' id='word_1_32' title='bbox 384 590 532 652; x_wconf 84' lang='lat' dir='ltr'>inlustrata</span> <span class='ocrx_word' id='word_1_33' title='bbox 552 588 625 649; x_wconf 88' lang='lat' dir='ltr'>baec</span> <span class='ocrx_word' id='word_1_34' title='bbox 647 596 733 665; x_wconf 89' lang='lat' dir='ltr'>atque</span> <span class='ocrx_word' id='word_1_35' title='bbox 746 588 859 664; x_wconf 83' lang='lat' dir='ltr'>Vergili</span> <span class='ocrx_word' id='word_1_36' title='bbox 878 589 951 648; x_wconf 82' lang='lat' dir='ltr'>vatis</span> <span class='ocrx_word' id='word_1_37' title='bbox 974 597 1075 648; x_wconf 86' lang='lat' dir='ltr'>aetate</span> <span class='ocrx_word' id='word_1_38' title='bbox 1097 591 1189 650; x_wconf 88' lang='lat' dir='ltr'>inco·</span> 
     </span>
     <span class='ocr_line' id='line_1_6' title="bbox 126 672 1209 752; baseline -0.003 -16"><span class='ocrx_word' id='word_1_39' title='bbox 126 684 160 739; x_wconf 85' lang='lat' dir='ltr'>no</span> <span class='ocrx_word' id='word_1_40' title='bbox 171 676 259 752; x_wconf 81' lang='lat' dir='ltr'>gnita,</span> <span class='ocrx_word' id='word_1_41' title='bbox 273 693 292 734; x_wconf 83' lang='lat' dir='ltr'>a</span> <span class='ocrx_word' id='word_1_42' title='bbox 304 675 385 735; x_wconf 91' lang='lat' dir='ltr'>cuius</span> <span class='ocrx_word' id='word_1_43' title='bbox 396 674 524 734; x_wconf 84' lang='lat' dir='ltr'>obituro</span> <span class='ocrx_word' id='word_1_44' title='bbox 535 681 658 748; x_wconf 88' lang='lat' dir='ltr'>aguntur</span> <span class='ocrx_word' id='word_1_45' title='bbox 671 674 746 732; x_wconf 91' lang='lat' dir='ltr'>anni.</span> <span class='ocrx_word' id='word_1_46' title='bbox 767 672 841 745; x_wconf 81' lang='lat' dir='ltr'>Quid</span> <span class='ocrx_word' id='word_1_47' title='bbox 855 672 932 750; x_wconf 88' lang='lat' dir='ltr'>quod</span> <span class='ocrx_word' id='word_1_48' title='bbox 942 673 1052 732; x_wconf 90' lang='lat' dir='ltr'>inserta</span> <span class='ocrx_word' id='word_1_49' title='bbox 1068 676 1209 734; x_wconf 82' lang='lat' dir='ltr'>castrisr</span> 
     </span>
     <span class='ocr_line' id='line_1_7' title="bbox 167 757 1186 836; baseline 0.002 -20"><span class='ocrx_word' id='word_1_50' title='bbox 167 775 421 822; x_wconf 82' lang='lat' dir='ltr'>summamrerum</span> <span class='ocrx_word' id='word_1_51' title='bbox 442 757 649 836; x_wconf 79' lang='lat' dir='ltr'>imperiumque</span> <span class='ocrx_word' id='word_1_52' title='bbox 668 758 797 815; x_wconf 91' lang='lat' dir='ltr'>continet</span> <span class='ocrx_word' id='word_1_53' title='bbox 818 757 1015 816; x_wconf 79' lang='lat' dir='ltr'>centurionum</span> <span class='ocrx_word' id='word_1_54' title='bbox 1035 757 1068 815; x_wconf 93' lang='lat' dir='ltr'>in</span> <span class='ocrx_word' id='word_1_55' title='bbox 1093 777 1186 818; x_wconf 89' lang='lat' dir='ltr'>manu</span> 
     </span>
     <span class='ocr_line' id='line_1_8' title="bbox 169 839 1186 920; baseline 0.002 -20"><span class='ocrx_word' id='word_1_56' title='bbox 169 843 252 916; x_wconf 87' lang='lat' dir='ltr'>vitis,</span> <span class='ocrx_word' id='word_1_57' title='bbox 273 851 303 901; x_wconf 89' lang='lat' dir='ltr'>et</span> <span class='ocrx_word' id='word_1_58' title='bbox 328 843 425 920; x_wconf 87' lang='lat' dir='ltr'>opimo</span> <span class='ocrx_word' id='word_1_59' title='bbox 443 841 571 920; x_wconf 86' lang='lat' dir='ltr'>praemio</span> <span class='ocrx_word' id='word_1_60' title='bbox 591 839 690 899; x_wconf 85' lang='lat' dir='ltr'>tardos</span> <span class='ocrx_word' id='word_1_61' title='bbox 714 840 831 899; x_wconf 91' lang='lat' dir='ltr'>ordines</span> <span class='ocrx_word' id='word_1_62' title='bbox 860 840 902 899; x_wconf 77' lang='lat' dir='ltr'>ad.</span> <span class='ocrx_word' id='word_1_63' title='bbox 918 840 1011 900; x_wconf 89' lang='lat' dir='ltr'>lentas</span> <span class='ocrx_word' id='word_1_64' title='bbox 1036 843 1186 920; x_wconf 89' lang='lat' dir='ltr'>perducit</span> 
     </span>
     <span class='ocr_line' id='line_1_9' title="bbox 168 923 1187 1006; baseline 0.002 -22"><span class='ocrx_word' id='word_1_65' title='bbox 168 924 296 1005; x_wconf 88' lang='lat' dir='ltr'>aquilas,</span> <span class='ocrx_word' id='word_1_66' title='bbox 315 935 401 1006; x_wconf 91' lang='lat' dir='ltr'>atque</span> <span class='ocrx_word' id='word_1_67' title='bbox 421 925 507 1000; x_wconf 75' lang='lat' dir='ltr'>etium</span> <span class='ocrx_word' id='word_1_68' title='bbox 521 925 549 982; x_wconf 91' lang='lat' dir='ltr'>in</span> <span class='ocrx_word' id='word_1_69' title='bbox 564 924 679 985; x_wconf 90' lang='lat' dir='ltr'>delictis</span> <span class='ocrx_word' id='word_1_70' title='bbox 694 941 817 1001; x_wconf 90' lang='lat' dir='ltr'>poenam</span> <span class='ocrx_word' id='word_1_71' title='bbox 835 924 929 1001; x_wconf 78' lang='lat' dir='ltr'>ipsein</span> <span class='ocrx_word' id='word_1_72' title='bbox 941 923 1093 984; x_wconf 82' lang='lat' dir='ltr'>honorat?</span> <span class='ocrx_word' id='word_1_73' title='bbox 1125 945 1187 986; x_wconf 88' lang='lat' dir='ltr'>nec</span> 
     </span>
     <span class='ocr_line' id='line_1_10' title="bbox 168 1006 1184 1088; baseline 0.002 -20"><span class='ocrx_word' id='word_1_74' title='bbox 168 1025 225 1068; x_wconf 88' lang='lat' dir='ltr'>nou</span> <span class='ocrx_word' id='word_1_75' title='bbox 240 1010 344 1070; x_wconf 87' lang='lat' dir='ltr'>vineas</span> <span class='ocrx_word' id='word_1_76' title='bbox 356 1009 601 1088; x_wconf 68' lang='lat' dir='ltr'>oppugnationum</span> <span class='ocrx_word' id='word_1_77' title='bbox 617 1006 727 1068; x_wconf 89' lang='lat' dir='ltr'>dedere</span> <span class='ocrx_word' id='word_1_78' title='bbox 742 1009 892 1067; x_wconf 88' lang='lat' dir='ltr'>rationem.</span> <span class='ocrx_word' id='word_1_79' title='bbox 920 1025 985 1068; x_wconf 88' lang='lat' dir='ltr'>uam</span> <span class='ocrx_word' id='word_1_80' title='bbox 999 1009 1029 1067; x_wconf 95' lang='lat' dir='ltr'>in</span> <span class='ocrx_word' id='word_1_81' title='bbox 1044 1010 1184 1070; x_wconf 88' lang='lat' dir='ltr'>medica·</span> 
     </span>
     <span class='ocr_line' id='line_1_11' title="bbox 168 1091 1210 1173; baseline -0.004 -21"><span class='ocrx_word' id='word_1_82' title='bbox 168 1092 290 1152; x_wconf 89' lang='lat' dir='ltr'>minibus</span> <span class='ocrx_word' id='word_1_83' title='bbox 305 1093 379 1154; x_wconf 87' lang='lat' dir='ltr'>adeo</span> <span class='ocrx_word' id='word_1_84' title='bbox 395 1109 527 1170; x_wconf 85' lang='lat' dir='ltr'>magnum</span> <span class='ocrx_word' id='word_1_85' title='bbox 543 1093 675 1170; x_wconf 84' lang='lat' dir='ltr'>optinent</span> <span class='ocrx_word' id='word_1_86' title='bbox 693 1091 788 1151; x_wconf 89' lang='lat' dir='ltr'>locum</span> <span class='ocrx_word' id='word_1_87' title='bbox 811 1100 840 1151; x_wconf 92' lang='lat' dir='ltr'>ut</span> <span class='ocrx_word' id='word_1_88' title='bbox 860 1109 914 1170; x_wconf 91' lang='lat' dir='ltr'>per</span> <span class='ocrx_word' id='word_1_89' title='bbox 936 1110 1005 1152; x_wconf 88' lang='lat' dir='ltr'>sese</span> <span class='ocrx_word' id='word_1_90' title='bbox 1019 1093 1095 1152; x_wconf 76' lang='lat' dir='ltr'>vino</span> <span class='ocrx_word' id='word_1_91' title='bbox 1113 1096 1210 1173; x_wconf 84' lang='lat' dir='ltr'>ipson</span> 
     </span>
     <span class='ocr_line' id='line_1_12' title="bbox 168 1175 374 1238; baseline -0.01 -2"><span class='ocrx_word' id='word_1_92' title='bbox 168 1175 295 1238; x_wconf 86' lang='lat' dir='ltr'>remedia</span> <span class='ocrx_word' id='word_1_93' title='bbox 311 1178 374 1236; x_wconf 87' lang='lat' dir='ltr'>sint.</span> 
     </span>
     <span class='ocr_line' id='line_1_13' title="bbox 126 1259 1180 1339; baseline -0.002 -15"><span class='ocrx_word' id='word_1_94' title='bbox 126 1271 162 1324; x_wconf 73' lang='lat' dir='ltr'>bo</span> <span class='ocrx_word' id='word_1_95' title='bbox 225 1260 253 1320; x_wconf 79' lang='lat'>2.</span> <span class='ocrx_word' id='word_1_96' title='bbox 268 1261 331 1339; x_wconf 88' lang='grc'>(4.)</span> <span class='ocrx_word' id='word_1_97' title='bbox 346 1259 695 1322; x_wconf 83' lang='lat' dir='ltr'>Generavitiumuumero</span> <span class='ocrx_word' id='word_1_98' title='bbox 709 1260 907 1338; x_wconf 79' lang='lat' dir='ltr'>conprehendi</span> <span class='ocrx_word' id='word_1_99' title='bbox 919 1276 1102 1338; x_wconf 87' lang='lat' dir='ltr'>possennus</span> <span class='ocrx_word' id='word_1_100' title='bbox 1118 1266 1180 1322; x_wconf 86' lang='lat' dir='ltr'>exi·</span> 
     </span>
     <span class='ocr_line' id='line_1_14' title="bbox 169 1342 1181 1421; baseline 0.003 -17"><span class='ocrx_word' id='word_1_101' title='bbox 169 1343 294 1406; x_wconf 83' lang='lat' dir='ltr'>stimavit</span> <span class='ocrx_word' id='word_1_102' title='bbox 310 1343 507 1420; x_wconf 80' lang='lat' dir='ltr'>Democritus,</span> <span class='ocrx_word' id='word_1_103' title='bbox 525 1352 627 1404; x_wconf 91' lang='lat' dir='ltr'>cuncta</span> <span class='ocrx_word' id='word_1_104' title='bbox 645 1343 701 1403; x_wconf 92' lang='lat' dir='ltr'>sibi</span> <span class='ocrx_word' id='word_1_105' title='bbox 712 1342 853 1404; x_wconf 75' lang='lat' dir='ltr'>Graeciae</span> <span class='ocrx_word' id='word_1_106' title='bbox 871 1346 987 1420; x_wconf 85' lang='lat' dir='ltr'>cognita</span> <span class='ocrx_word' id='word_1_107' title='bbox 1004 1345 1181 1421; x_wconf 89' lang='lat' dir='ltr'>proiessus.</span> 
     </span>
     <span class='ocr_line' id='line_1_15' title="bbox 170 1427 1180 1506; baseline 0.003 -19"><span class='ocrx_word' id='word_1_108' title='bbox 170 1431 262 1488; x_wconf 89' lang='lat' dir='ltr'>ceteri</span> <span class='ocrx_word' id='word_1_109' title='bbox 278 1429 423 1490; x_wconf 91' lang='lat' dir='ltr'>innumera</span> <span class='ocrx_word' id='word_1_110' title='bbox 439 1436 526 1506; x_wconf 89' lang='lat' dir='ltr'>atque</span> <span class='ocrx_word' id='word_1_111' title='bbox 541 1427 650 1488; x_wconf 83' lang='lat' dir='ltr'>inlicita</span> <span class='ocrx_word' id='word_1_112' title='bbox 665 1444 731 1487; x_wconf 89' lang='lat' dir='ltr'>esse</span> <span class='ocrx_word' id='word_1_113' title='bbox 750 1428 954 1506; x_wconf 88' lang='lat' dir='ltr'>prodiderunt,</span> <span class='ocrx_word' id='word_1_114' title='bbox 977 1429 1055 1506; x_wconf 88' lang='lat' dir='ltr'>quod</span> <span class='ocrx_word' id='word_1_115' title='bbox 1072 1433 1180 1490; x_wconf 88' lang='lat' dir='ltr'>verius</span> 
     </span>
     <span class='ocr_line' id='line_1_16' title="bbox 169 1506 1208 1592; baseline 0.001 -19"><span class='ocrx_word' id='word_1_116' title='bbox 169 1511 320 1592; x_wconf 84' lang='lat' dir='ltr'>adparehit</span> <span class='ocrx_word' id='word_1_117' title='bbox 335 1531 372 1572; x_wconf 83' lang='lat' dir='ltr'>ex</span> <span class='ocrx_word' id='word_1_118' title='bbox 384 1513 466 1572; x_wconf 89' lang='lat' dir='ltr'>vinis.</span> <span class='ocrx_word' id='word_1_119' title='bbox 493 1530 549 1571; x_wconf 87' lang='lat' dir='ltr'>nec</span> <span class='ocrx_word' id='word_1_120' title='bbox 561 1513 654 1572; x_wconf 88' lang='lat' dir='ltr'>omnia</span> <span class='ocrx_word' id='word_1_121' title='bbox 667 1512 811 1587; x_wconf 86' lang='lat' dir='ltr'>dicentur,</span> <span class='ocrx_word' id='word_1_122' title='bbox 826 1506 880 1571; x_wconf 90' lang='lat' dir='ltr'>sed</span> <span class='ocrx_word' id='word_1_123' title='bbox 890 1530 1021 1571; x_wconf 82' lang='lat' dir='ltr'>maxume</span> <span class='ocrx_word' id='word_1_124' title='bbox 1033 1514 1177 1592; x_wconf 78' lang='lat' dir='ltr'>insignia,</span> <span class='ocrx_word' id='word_1_125' title='bbox 1189 1533 1208 1573; x_wconf 82' lang='lat' dir='ltr'>n</span> 
     </span>
     <span class='ocr_line' id='line_1_17' title="bbox 169 1595 1178 1675; baseline 0.002 -19"><span class='ocrx_word' id='word_1_126' title='bbox 169 1597 277 1675; x_wconf 87' lang='lat' dir='ltr'>quippe</span> <span class='ocrx_word' id='word_1_127' title='bbox 292 1597 412 1658; x_wconf 88' lang='lat' dir='ltr'>totidem</span> <span class='ocrx_word' id='word_1_128' title='bbox 428 1613 520 1674; x_wconf 89' lang='lat' dir='ltr'>paene</span> <span class='ocrx_word' id='word_1_129' title='bbox 540 1603 606 1656; x_wconf 91' lang='lat' dir='ltr'>sunt</span> <span class='ocrx_word' id='word_1_130' title='bbox 622 1605 692 1675; x_wconf 91' lang='lat' dir='ltr'>quot</span> <span class='ocrx_word' id='word_1_131' title='bbox 709 1598 788 1672; x_wconf 86' lang='lat' dir='ltr'>agri,</span> <span class='ocrx_word' id='word_1_132' title='bbox 806 1595 992 1675; x_wconf 87' lang='lat' dir='ltr'>quamobrem</span> <span class='ocrx_word' id='word_1_133' title='bbox 1008 1595 1178 1658; x_wconf 86' lang='lat' dir='ltr'>celeberri-</span> 
     </span>
     <span class='ocr_line' id='line_1_18' title="bbox 168 1679 1173 1758; baseline 0.001 -18"><span class='ocrx_word' id='word_1_134' title='bbox 168 1698 229 1740; x_wconf 90' lang='lat' dir='ltr'>mas</span> <span class='ocrx_word' id='word_1_135' title='bbox 257 1681 354 1738; x_wconf 85' lang='lat' dir='ltr'>vitium</span> <span class='ocrx_word' id='word_1_136' title='bbox 383 1689 431 1738; x_wconf 91' lang='lat' dir='ltr'>aut</span> <span class='ocrx_word' id='word_1_137' title='bbox 460 1679 562 1755; x_wconf 88' lang='lat' dir='ltr'>quibus</span> <span class='ocrx_word' id='word_1_138' title='bbox 595 1689 640 1739; x_wconf 86' lang='lat' dir='ltr'>ert</span> <span class='ocrx_word' id='word_1_139' title='bbox 662 1679 757 1757; x_wconf 90' lang='lat' dir='ltr'>aliqua</span> <span class='ocrx_word' id='word_1_140' title='bbox 784 1682 963 1758; x_wconf 78' lang='lat' dir='ltr'>proprietate</span> <span class='ocrx_word' id='word_1_141' title='bbox 989 1682 1173 1758; x_wconf 83' lang='lat' dir='ltr'>miraculum,</span> 
     </span>
     <span class='ocr_line' id='line_1_19' title="bbox 127 1762 1170 1842; baseline 0 -20"><span class='ocrx_word' id='word_1_142' title='bbox 127 1775 159 1828; x_wconf 75' lang='lat'>21</span> <span class='ocrx_word' id='word_1_143' title='bbox 170 1762 333 1822; x_wconf 88' lang='lat' dir='ltr'>ostendisse</span> <span class='ocrx_word' id='word_1_144' title='bbox 356 1763 425 1822; x_wconf 89' lang='lat' dir='ltr'>satis</span> <span class='ocrx_word' id='word_1_145' title='bbox 446 1763 512 1822; x_wconf 87' lang='lat' dir='ltr'>erit.</span> <span class='ocrx_word' id='word_1_146' title='bbox 550 1763 602 1842; x_wconf 84' lang='grc'><strong>[1.]</strong></span> <span class='ocrx_word' id='word_1_147' title='bbox 632 1762 811 1840; x_wconf 88' lang='lat' dir='ltr'>Principatus</span> <span class='ocrx_word' id='word_1_148' title='bbox 832 1764 915 1823; x_wconf 90' lang='lat' dir='ltr'>datur</span> <span class='ocrx_word' id='word_1_149' title='bbox 932 1765 1064 1824; x_wconf 74' lang='lat' dir='ltr'>Amineis</span> <span class='ocrx_word' id='word_1_150' title='bbox 1083 1765 1170 1824; x_wconf 83' lang='lat' dir='ltr'>drmi-</span> 
     </span>
     <span class='ocr_line' id='line_1_20' title="bbox 168 1839 1190 1948; baseline 0.001 -42"><span class='ocrx_word' id='word_1_151' title='bbox 168 1856 254 1906; x_wconf 89' lang='lat' dir='ltr'>tatem</span> <span class='ocrx_word' id='word_1_152' title='bbox 270 1855 392 1923; x_wconf 90' lang='lat' dir='ltr'>propter</span> <span class='ocrx_word' id='word_1_153' title='bbox 414 1847 554 1923; x_wconf 88' lang='lat' dir='ltr'>senioque</span> <span class='ocrx_word' id='word_1_154' title='bbox 574 1846 774 1924; x_wconf 83' lang='lat' dir='ltr'>proficientem</span> <span class='ocrx_word' id='word_1_155' title='bbox 794 1847 852 1905; x_wconf 85' lang='lat' dir='ltr'>vini</span> <span class='ocrx_word' id='word_1_156' title='bbox 872 1849 935 1906; x_wconf 90' lang='lat' dir='ltr'>eius</span> <span class='ocrx_word' id='word_1_157' title='bbox 957 1850 1057 1948; x_wconf 85' lang='lat' dir='ltr'>utique</span> <span class='ocrx_word' id='word_1_158' title='bbox 1072 1839 1190 1907; x_wconf 59' lang='lat' dir='ltr'>utam(</span> 
     </span>
     <span class='ocr_line' id='line_1_21' title="bbox 169 1929 1205 2008; baseline 0 -20"><span class='ocrx_word' id='word_1_159' title='bbox 169 1929 294 2008; x_wconf 88' lang='lat' dir='ltr'>quinque</span> <span class='ocrx_word' id='word_1_160' title='bbox 314 1947 409 1990; x_wconf 84' lang='lat' dir='ltr'>earum</span> <span class='ocrx_word' id='word_1_161' title='bbox 426 1947 545 2007; x_wconf 89' lang='lat' dir='ltr'>genera.</span> <span class='ocrx_word' id='word_1_162' title='bbox 581 1949 618 1990; x_wconf 87' lang='lat' dir='ltr'>ex</span> <span class='ocrx_word' id='word_1_163' title='bbox 639 1929 683 1989; x_wconf 89' lang='lat' dir='ltr'>bis</span> <span class='ocrx_word' id='word_1_164' title='bbox 698 1947 834 2007; x_wconf 83' lang='lat' dir='ltr'>germana</span> <span class='ocrx_word' id='word_1_165' title='bbox 855 1933 947 1990; x_wconf 90' lang='lat' dir='ltr'>minor</span> <span class='ocrx_word' id='word_1_166' title='bbox 966 1934 1052 1992; x_wconf 90' lang='lat' dir='ltr'>acino</span> <span class='ocrx_word' id='word_1_167' title='bbox 1068 1931 1205 1992; x_wconf 76' lang='lat' dir='ltr'>meliusne</span> 
     </span>
     <span class='ocr_line' id='line_1_22' title="bbox 170 2013 1173 2094; baseline 0.003 -21"><span class='ocrx_word' id='word_1_168' title='bbox 170 2013 358 2090; x_wconf 83' lang='lat' dir='ltr'>deflorescit,</span> <span class='ocrx_word' id='word_1_169' title='bbox 375 2014 472 2075; x_wconf 85' lang='lat' dir='ltr'>imbris</span> <span class='ocrx_word' id='word_1_170' title='bbox 488 2023 736 2094; x_wconf 84' lang='lat' dir='ltr'>tempestatesque</span> <span class='ocrx_word' id='word_1_171' title='bbox 751 2014 873 2091; x_wconf 88' lang='lat' dir='ltr'>tolerat,</span> <span class='ocrx_word' id='word_1_172' title='bbox 895 2033 952 2074; x_wconf 92' lang='lat' dir='ltr'>non</span> <span class='ocrx_word' id='word_1_173' title='bbox 970 2019 1040 2076; x_wconf 89' lang='lat' dir='ltr'>item</span> <span class='ocrx_word' id='word_1_174' title='bbox 1067 2018 1173 2093; x_wconf 86' lang='lat' dir='ltr'>maior,</span> 
     </span>
     <span class='ocr_line' id='line_1_23' title="bbox 125 2096 1236 2180; baseline 0.001 -20"><span class='ocrx_word' id='word_1_175' title='bbox 125 2096 220 2160; x_wconf 66' lang='lat' dir='ltr'>based</span> <span class='ocrx_word' id='word_1_176' title='bbox 238 2099 265 2156; x_wconf 94' lang='lat' dir='ltr'>in</span> <span class='ocrx_word' id='word_1_177' title='bbox 281 2097 386 2158; x_wconf 92' lang='lat' dir='ltr'>arbore</span> <span class='ocrx_word' id='word_1_178' title='bbox 403 2117 487 2178; x_wconf 91' lang='lat' dir='ltr'>quam</span> <span class='ocrx_word' id='word_1_179' title='bbox 501 2101 530 2158; x_wconf 92' lang='lat' dir='ltr'>in</span> <span class='ocrx_word' id='word_1_180' title='bbox 545 2101 613 2175; x_wconf 82' lang='lat' dir='ltr'>iugo</span> <span class='ocrx_word' id='word_1_181' title='bbox 628 2101 719 2158; x_wconf 88' lang='lat' dir='ltr'>miuus</span> <span class='ocrx_word' id='word_1_182' title='bbox 734 2099 868 2158; x_wconf 86' lang='lat' dir='ltr'>obnoxia.</span> <span class='ocrx_word' id='word_1_183' title='bbox 890 2100 1090 2176; x_wconf 83' lang='lat' dir='ltr'>gemellarum,</span> <span class='ocrx_word' id='word_1_184' title='bbox 1110 2103 1174 2180; x_wconf 91' lang='lat' dir='ltr'>qui·</span> <span class='ocrx_word' id='word_1_185' title='bbox 1235 2172 1236 2177; x_wconf 8' lang='grc' dir='ltr'>η</span> 
     </span>
     <span class='ocr_line' id='line_1_24' title="bbox 168 2180 1174 2262; baseline 0.004 -21"><span class='ocrx_word' id='word_1_186' title='bbox 168 2180 222 2242; x_wconf 85' lang='lat' dir='ltr'>bus</span> <span class='ocrx_word' id='word_1_187' title='bbox 237 2182 295 2244; x_wconf 90' lang='lat' dir='ltr'>lroc</span> <span class='ocrx_word' id='word_1_188' title='bbox 309 2201 412 2244; x_wconf 90' lang='lat' dir='ltr'>nomen</span> <span class='ocrx_word' id='word_1_189' title='bbox 428 2202 500 2244; x_wconf 87' lang='lat' dir='ltr'>uvae</span> <span class='ocrx_word' id='word_1_190' title='bbox 517 2199 633 2261; x_wconf 89' lang='lat' dir='ltr'>semper</span> <span class='ocrx_word' id='word_1_191' title='bbox 644 2183 776 2260; x_wconf 83' lang='lat' dir='ltr'>geminae</span> <span class='ocrx_word' id='word_1_192' title='bbox 787 2183 914 2258; x_wconf 84' lang='lat' dir='ltr'>dedere,</span> <span class='ocrx_word' id='word_1_193' title='bbox 930 2184 1110 2262; x_wconf 87' lang='lat' dir='ltr'>asperrimus</span> <span class='ocrx_word' id='word_1_194' title='bbox 1129 2204 1174 2245; x_wconf 88' lang='lat' dir='ltr'>sa·</span> 
     </span>
     <span class='ocr_line' id='line_1_25' title="bbox 169 2267 1173 2346; baseline 0.005 -21"><span class='ocrx_word' id='word_1_195' title='bbox 169 2283 224 2344; x_wconf 87' lang='lat' dir='ltr'>por</span> <span class='ocrx_word' id='word_1_196' title='bbox 239 2267 293 2329; x_wconf 82' lang='lat' dir='ltr'>sed</span> <span class='ocrx_word' id='word_1_197' title='bbox 308 2271 386 2328; x_wconf 89' lang='lat' dir='ltr'>vires</span> <span class='ocrx_word' id='word_1_198' title='bbox 400 2268 584 2346; x_wconf 88' lang='lat' dir='ltr'>praecipuae.</span> <span class='ocrx_word' id='word_1_199' title='bbox 612 2285 649 2326; x_wconf 89' lang='lat' dir='ltr'>ex</span> <span class='ocrx_word' id='word_1_200' title='bbox 664 2268 699 2325; x_wconf 90' lang='lat' dir='ltr'>iis</span> <span class='ocrx_word' id='word_1_201' title='bbox 715 2269 808 2326; x_wconf 90' lang='lat' dir='ltr'>minor</span> <span class='ocrx_word' id='word_1_202' title='bbox 822 2268 919 2328; x_wconf 83' lang='lat' dir='ltr'>austro</span> <span class='ocrx_word' id='word_1_203' title='bbox 935 2268 1074 2342; x_wconf 85' lang='lat' dir='ltr'>laeditur,</span> <span class='ocrx_word' id='word_1_204' title='bbox 1090 2279 1173 2330; x_wconf 91' lang='lat' dir='ltr'>cete·</span> 
     </span>
     <span class='ocr_line' id='line_1_26' title="bbox 167 2351 1204 2430; baseline 0.003 -20"><span class='ocrx_word' id='word_1_205' title='bbox 167 2351 207 2410; x_wconf 87' lang='lat' dir='ltr'>ris</span> <span class='ocrx_word' id='word_1_206' title='bbox 221 2354 316 2412; x_wconf 85' lang='lat' dir='ltr'>ventis</span> <span class='ocrx_word' id='word_1_207' title='bbox 331 2351 432 2424; x_wconf 89' lang='lat' dir='ltr'>alitur,</span> <span class='ocrx_word' id='word_1_208' title='bbox 448 2359 478 2409; x_wconf 92' lang='lat' dir='ltr'>ut</span> <span class='ocrx_word' id='word_1_209' title='bbox 493 2352 520 2408; x_wconf 94' lang='lat' dir='ltr'>in</span> <span class='ocrx_word' id='word_1_210' title='bbox 531 2351 661 2410; x_wconf 85' lang='lat' dir='ltr'>Vesuvio</span> <span class='ocrx_word' id='word_1_211' title='bbox 675 2361 771 2410; x_wconf 88' lang='lat' dir='ltr'>monte</span> <span class='ocrx_word' id='word_1_212' title='bbox 782 2352 1015 2430; x_wconf 80' lang='lat' dir='ltr'>Surrentinisque</span> <span class='ocrx_word' id='word_1_213' title='bbox 1027 2351 1172 2430; x_wconf 89' lang='lat' dir='ltr'>collibus,</span> <span class='ocrx_word' id='word_1_214' title='bbox 1184 2364 1204 2403; x_wconf 62' lang='grc' dir='ltr'>ὅ</span> 
     </span>
     <span class='ocr_line' id='line_1_27' title="bbox 168 2431 1174 2514; baseline 0.006 -24"><span class='ocrx_word' id='word_1_215' title='bbox 168 2434 196 2492; x_wconf 93' lang='lat' dir='ltr'>in</span> <span class='ocrx_word' id='word_1_216' title='bbox 210 2436 331 2514; x_wconf 82' lang='lat' dir='ltr'>reliquis</span> <span class='ocrx_word' id='word_1_217' title='bbox 342 2431 442 2491; x_wconf 87' lang='lat' dir='ltr'>ltaliae</span> <span class='ocrx_word' id='word_1_218' title='bbox 451 2433 578 2510; x_wconf 87' lang='lat' dir='ltr'>partibus</span> <span class='ocrx_word' id='word_1_219' title='bbox 590 2451 649 2494; x_wconf 91' lang='lat' dir='ltr'>non</span> <span class='ocrx_word' id='word_1_220' title='bbox 663 2436 718 2492; x_wconf 90' lang='lat' dir='ltr'>nisi</span> <span class='ocrx_word' id='word_1_221' title='bbox 731 2435 828 2494; x_wconf 91' lang='lat' dir='ltr'>arbori</span> <span class='ocrx_word' id='word_1_222' title='bbox 840 2434 1068 2495; x_wconf 90' lang='lat' dir='ltr'>adcommodata.</span> <span class='ocrx_word' id='word_1_223' title='bbox 1087 2441 1174 2514; x_wconf 90' lang='lat' dir='ltr'>quin·</span> 
     </span>
     <span class='ocr_line' id='line_1_28' title="bbox 167 2514 1169 2596; baseline 0.004 -21"><span class='ocrx_word' id='word_1_224' title='bbox 167 2525 330 2594; x_wconf 78' lang='lat' dir='ltr'>tangemus</span> <span class='ocrx_word' id='word_1_225' title='bbox 346 2514 467 2574; x_wconf 88' lang='lat' dir='ltr'>lanatae.</span> <span class='ocrx_word' id='word_1_226' title='bbox 494 2535 530 2576; x_wconf 89' lang='lat' dir='ltr'>ne</span> <span class='ocrx_word' id='word_1_227' title='bbox 546 2517 635 2577; x_wconf 87' lang='lat' dir='ltr'>Seres</span> <span class='ocrx_word' id='word_1_228' title='bbox 647 2519 782 2578; x_wconf 82' lang='lat' dir='ltr'>miremur</span> <span class='ocrx_word' id='word_1_229' title='bbox 796 2528 843 2577; x_wconf 90' lang='lat' dir='ltr'>aut</span> <span class='ocrx_word' id='word_1_230' title='bbox 856 2517 944 2578; x_wconf 85' lang='lat' dir='ltr'>ludos</span> <span class='ocrx_word' id='word_1_231' title='bbox 956 2519 1041 2594; x_wconf 89' lang='lat' dir='ltr'>adeo,</span> <span class='ocrx_word' id='word_1_232' title='bbox 1060 2519 1169 2596; x_wconf 83' lang='lat' dir='ltr'>lanugo</span> 
     </span>
     <span class='ocr_line' id='line_1_29' title="bbox 168 2599 1172 2681; baseline 0.004 -21"><span class='ocrx_word' id='word_1_233' title='bbox 168 2619 231 2662; x_wconf 87' lang='lat' dir='ltr'>eam</span> <span class='ocrx_word' id='word_1_234' title='bbox 251 2599 345 2658; x_wconf 88' lang='lat' dir='ltr'>vestit.</span> <span class='ocrx_word' id='word_1_235' title='bbox 381 2600 468 2677; x_wconf 90' lang='lat' dir='ltr'>prima</span> <span class='ocrx_word' id='word_1_236' title='bbox 494 2617 531 2661; x_wconf 86' lang='lat' dir='ltr'>cx</span> <span class='ocrx_word' id='word_1_237' title='bbox 555 2600 685 2659; x_wconf 80' lang='lat' dir='ltr'>Amineis</span> <span class='ocrx_word' id='word_1_238' title='bbox 706 2602 873 2664; x_wconf 87' lang='lat' dir='ltr'>maturescit</span> <span class='ocrx_word' id='word_1_239' title='bbox 894 2603 1085 2681; x_wconf 88' lang='lat' dir='ltr'>ocissimeque</span> <span class='ocrx_word' id='word_1_240' title='bbox 1111 2621 1172 2681; x_wconf 90' lang='lat' dir='ltr'>pu-</span> 
     </span>
     <span class='ocr_line' id='line_1_30' title="bbox 124 2682 1172 2766; baseline 0.002 -18"><span class='ocrx_word' id='word_1_241' title='bbox 124 2693 160 2748; x_wconf 70' lang='lat'>23</span> <span class='ocrx_word' id='word_1_242' title='bbox 171 2684 279 2744; x_wconf 87' lang='lat' dir='ltr'>tresoit.</span> <span class='ocrx_word' id='word_1_243' title='bbox 305 2682 357 2762; x_wconf 68' lang='lat' dir='ltr'>[bl</span> <span class='ocrx_word' id='word_1_244' title='bbox 373 2720 376 2725; x_wconf 90' lang='lat'>-</span> <span class='ocrx_word' id='word_1_245' title='bbox 390 2683 530 2744; x_wconf 78' lang='lat' dir='ltr'>Proxuma</span> <span class='ocrx_word' id='word_1_246' title='bbox 553 2682 677 2760; x_wconf 85' lang='lat' dir='ltr'>dignitas</span> <span class='ocrx_word' id='word_1_247' title='bbox 692 2683 879 2745; x_wconf 87' lang='lat' dir='ltr'>Nomentanis</span> <span class='ocrx_word' id='word_1_248' title='bbox 896 2685 1018 2747; x_wconf 91' lang='lat' dir='ltr'>rubente</span> <span class='ocrx_word' id='word_1_249' title='bbox 1035 2690 1172 2766; x_wconf 88' lang='lat' dir='ltr'>materia,</span> 
     </span>
     <span class='ocr_line' id='line_1_31' title="bbox 168 2765 1204 2848; baseline 0.001 -22"><span class='ocrx_word' id='word_1_250' title='bbox 168 2775 346 2844; x_wconf 88' lang='lat' dir='ltr'>quapropter</span> <span class='ocrx_word' id='word_1_251' title='bbox 366 2765 479 2844; x_wconf 86' lang='lat' dir='ltr'>quidam</span> <span class='ocrx_word' id='word_1_252' title='bbox 494 2766 622 2828; x_wconf 87' lang='lat' dir='ltr'>rubellas</span> <span class='ocrx_word' id='word_1_253' title='bbox 645 2768 833 2848; x_wconf 85' lang='lat' dir='ltr'>appellavere</span> <span class='ocrx_word' id='word_1_254' title='bbox 855 2770 966 2829; x_wconf 85' lang='lat' dir='ltr'>vineas.</span> <span class='ocrx_word' id='word_1_255' title='bbox 995 2771 1051 2831; x_wconf 88' lang='lat' dir='ltr'>bae</span> <span class='ocrx_word' id='word_1_256' title='bbox 1075 2773 1204 2833; x_wconf 73' lang='lat' dir='ltr'>minusad</span> 
     </span>
     <span class='ocr_line' id='line_1_32' title="bbox 166 2847 1173 2934; baseline 0.01 -26"><span class='ocrx_word' id='word_1_257' title='bbox 166 2847 279 2908; x_wconf 79' lang='lat' dir='ltr'>fertiles</span> <span class='ocrx_word' id='word_1_258' title='bbox 294 2849 423 2910; x_wconf 85' lang='lat' dir='ltr'>vinaceis</span> <span class='ocrx_word' id='word_1_259' title='bbox 441 2859 471 2910; x_wconf 91' lang='lat' dir='ltr'>et</span> <span class='ocrx_word' id='word_1_260' title='bbox 491 2851 576 2912; x_wconf 86' lang='lat' dir='ltr'>iaeoe</span> <span class='ocrx_word' id='word_1_261' title='bbox 597 2853 697 2927; x_wconf 91' lang='lat' dir='ltr'>nimia,</span> <span class='ocrx_word' id='word_1_262' title='bbox 720 2861 818 2912; x_wconf 90' lang='lat' dir='ltr'>contra</span> <span class='ocrx_word' id='word_1_263' title='bbox 841 2855 957 2931; x_wconf 87' lang='lat' dir='ltr'>pruinas</span> <span class='ocrx_word' id='word_1_264' title='bbox 978 2854 1173 2934; x_wconf 82' lang='lat' dir='ltr'>fortissimae,</span> 
     </span>
     <span class='ocr_line' id='line_1_33' title="bbox 160 2932 1172 3016; baseline 0.012 -27"><span class='ocrx_word' id='word_1_265' title='bbox 160 2932 297 3000; x_wconf 83' lang='lat' dir='ltr'>siccitate</span> <span class='ocrx_word' id='word_1_266' title='bbox 321 2933 412 3009; x_wconf 80' lang='lat' dir='ltr'>tnagis</span> <span class='ocrx_word' id='word_1_267' title='bbox 435 2951 518 3012; x_wconf 91' lang='lat' dir='ltr'>quam</span> <span class='ocrx_word' id='word_1_268' title='bbox 544 2936 650 3010; x_wconf 88' lang='lat' dir='ltr'>imbre,</span> <span class='ocrx_word' id='word_1_269' title='bbox 677 2945 758 2996; x_wconf 89' lang='lat' dir='ltr'>aestu</span> <span class='ocrx_word' id='word_1_270' title='bbox 780 2955 863 3014; x_wconf 90' lang='lat' dir='ltr'>quam</span> <span class='ocrx_word' id='word_1_271' title='bbox 888 2937 990 3016; x_wconf 81' lang='lat' dir='ltr'>algore</span> <span class='ocrx_word' id='word_1_272' title='bbox 1012 2950 1172 3002; x_wconf 86' lang='lat' dir='ltr'>vexantur.</span> 
     </span>
     <span class='ocr_line' id='line_1_34' title="bbox 167 3015 1171 3100; baseline 0.01 -24"><span class='ocrx_word' id='word_1_273' title='bbox 167 3017 352 3093; x_wconf 84' lang='lat' dir='ltr'>quamobrem</span> <span class='ocrx_word' id='word_1_274' title='bbox 373 3018 400 3074; x_wconf 92' lang='lat' dir='ltr'>in</span> <span class='ocrx_word' id='word_1_275' title='bbox 422 3017 535 3094; x_wconf 77' lang='lat' dir='ltr'>frigidis</span> <span class='ocrx_word' id='word_1_276' title='bbox 552 3015 712 3098; x_wconf 83' lang='lat' dir='ltr'>umidisque</span> <span class='ocrx_word' id='word_1_277' title='bbox 729 3021 917 3099; x_wconf 88' lang='lat' dir='ltr'>principatum</span> <span class='ocrx_word' id='word_1_278' title='bbox 932 3023 1071 3100; x_wconf 90' lang='lat' dir='ltr'>optinent.</span> <span class='ocrx_word' id='word_1_279' title='bbox 1109 3024 1171 3086; x_wconf 84' lang='lat' dir='ltr'>ler-</span> 
     </span>
     <span class='ocr_line' id='line_1_35' title="bbox 37 3095 1172 3184; baseline 0.008 -24"><span class='ocrx_word' id='word_1_280' title='bbox 37 3095 38 3110; x_wconf 71' lang='grc'>’</span> <span class='ocrx_word' id='word_1_281' title='bbox 124 3099 246 3161; x_wconf 72' lang='lat' dir='ltr'>altilior</span> <span class='ocrx_word' id='word_1_282' title='bbox 269 3117 343 3179; x_wconf 90' lang='lat' dir='ltr'>quae</span> <span class='ocrx_word' id='word_1_283' title='bbox 365 3102 462 3160; x_wconf 89' lang='lat' dir='ltr'>miuor&#39;</span> <span class='ocrx_word' id='word_1_284' title='bbox 477 3103 561 3161; x_wconf 92' lang='lat' dir='ltr'>acino</span> <span class='ocrx_word' id='word_1_285' title='bbox 576 3111 605 3162; x_wconf 86' lang='lat' dir='ltr'>et</span> <span class='ocrx_word' id='word_1_286' title='bbox 628 3104 701 3164; x_wconf 86' lang='lat' dir='ltr'>lolio</span> <span class='ocrx_word' id='word_1_287' title='bbox 726 3105 818 3165; x_wconf 89' lang='lat' dir='ltr'>scissa</span> <span class='ocrx_word' id='word_1_288' title='bbox 834 3106 934 3165; x_wconf 90' lang='lat' dir='ltr'>minus.</span> <span class='ocrx_word' id='word_1_289' title='bbox 964 3105 1016 3184; x_wconf 80' lang='grc'>[3.]</span> <span class='ocrx_word' id='word_1_290' title='bbox 1044 3105 1172 3184; x_wconf 76' lang='lat' dir='ltr'>Apianis</span> 
     </span>
     <span class='ocr_line' id='line_1_36' title="bbox 166 3183 1203 3266; baseline 0.006 -25"><span class='ocrx_word' id='word_1_291' title='bbox 166 3201 237 3263; x_wconf 91' lang='lat' dir='ltr'>apes</span> <span class='ocrx_word' id='word_1_292' title='bbox 253 3183 362 3243; x_wconf 86' lang='lat' dir='ltr'>dedere</span> <span class='ocrx_word' id='word_1_293' title='bbox 380 3201 557 3263; x_wconf 77' lang='lat' dir='ltr'>cognomen,</span> <span class='ocrx_word' id='word_1_294' title='bbox 574 3189 732 3266; x_wconf 88' lang='lat' dir='ltr'>praecipue</span> <span class='ocrx_word' id='word_1_295' title='bbox 748 3206 844 3248; x_wconf 89' lang='lat' dir='ltr'>earum</span> <span class='ocrx_word' id='word_1_296' title='bbox 861 3190 971 3249; x_wconf 83' lang='lat' dir='ltr'>avidae.</span> <span class='ocrx_word' id='word_1_297' title='bbox 1002 3208 1040 3247; x_wconf 84' lang='lat' dir='ltr'>en</span> <span class='ocrx_word' id='word_1_298' title='bbox 1057 3191 1092 3249; x_wconf 89' lang='lat' dir='ltr'>iis</span> <span class='ocrx_word' id='word_1_299' title='bbox 1108 3191 1203 3252; x_wconf 79' lang='lat' dir='ltr'>ducas</span> 
     </span>
     <span class='ocr_line' id='line_1_37' title="bbox 164 3265 1192 3350; baseline 0.01 -24"><span class='ocrx_word' id='word_1_300' title='bbox 164 3285 274 3343; x_wconf 85' lang='lat' dir='ltr'>genera</span> <span class='ocrx_word' id='word_1_301' title='bbox 290 3265 423 3345; x_wconf 84' lang='lat' dir='ltr'>lanugine</span> <span class='ocrx_word' id='word_1_302' title='bbox 440 3270 543 3348; x_wconf 87' lang='lat' dir='ltr'>etipsa</span> <span class='ocrx_word' id='word_1_303' title='bbox 555 3271 725 3348; x_wconf 88' lang='lat' dir='ltr'>pubescunt.</span> <span class='ocrx_word' id='word_1_304' title='bbox 752 3272 871 3348; x_wconf 89' lang='lat' dir='ltr'>distant,</span> <span class='ocrx_word' id='word_1_305' title='bbox 889 3272 965 3350; x_wconf 92' lang='lat' dir='ltr'>quod</span> <span class='ocrx_word' id='word_1_306' title='bbox 979 3271 1072 3333; x_wconf 84' lang='lat' dir='ltr'>altera</span> <span class='ocrx_word' id='word_1_307' title='bbox 1085 3275 1170 3336; x_wconf 89' lang='lat' dir='ltr'>cele·</span> <span class='ocrx_word' id='word_1_308' title='bbox 1188 3303 1192 3311; x_wconf 47' lang='lat'>¹</span> 
     </span>
     <span class='ocr_line' id='line_1_38' title="bbox 77 3352 1169 3436; baseline 0.011 -30"><span class='ocrx_word' id='word_1_309' title='bbox 77 3371 79 3382; x_wconf 53' lang='lat'>¹</span> <span class='ocrx_word' id='word_1_310' title='bbox 165 3352 223 3408; x_wconf 89' lang='lat' dir='ltr'>rius</span> <span class='ocrx_word' id='word_1_311' title='bbox 240 3353 420 3426; x_wconf 88' lang='lat' dir='ltr'>maturescit,</span> <span class='ocrx_word' id='word_1_312' title='bbox 445 3370 614 3431; x_wconf 91' lang='lat' dir='ltr'>quamquam</span> <span class='ocrx_word' id='word_1_313' title='bbox 630 3364 660 3412; x_wconf 90' lang='lat' dir='ltr'>et</span> <span class='ocrx_word' id='word_1_314' title='bbox 674 3355 764 3414; x_wconf 83' lang='lat' dir='ltr'>altera</span> <span class='ocrx_word' id='word_1_315' title='bbox 780 3367 964 3434; x_wconf 87' lang='lat' dir='ltr'>properante.</span> <span class='ocrx_word' id='word_1_316' title='bbox 994 3357 1067 3415; x_wconf 88' lang='lat' dir='ltr'>situs</span> <span class='ocrx_word' id='word_1_317' title='bbox 1082 3357 1169 3436; x_wconf 84' lang='lat' dir='ltr'>frigi-</span> 
     </span>
     <span class='ocr_line' id='line_1_39' title="bbox 166 3431 1168 3513; baseline 0.014 -24"><span class='ocrx_word' id='word_1_318' title='bbox 166 3431 218 3490; x_wconf 86' lang='lat' dir='ltr'>dus</span> <span class='ocrx_word' id='word_1_319' title='bbox 234 3443 293 3490; x_wconf 86' lang='lat' dir='ltr'>nou</span> <span class='ocrx_word' id='word_1_320' title='bbox 306 3434 465 3513; x_wconf 86' lang='lat' dir='ltr'>respuitur,</span> <span class='ocrx_word' id='word_1_321' title='bbox 484 3444 513 3494; x_wconf 89' lang='lat' dir='ltr'>et</span> <span class='ocrx_word' id='word_1_322' title='bbox 525 3444 618 3494; x_wconf 89' lang='lat' dir='ltr'>tamen</span> <span class='ocrx_word' id='word_1_323' title='bbox 633 3437 710 3496; x_wconf 89' lang='lat' dir='ltr'>nulla</span> <span class='ocrx_word' id='word_1_324' title='bbox 728 3438 853 3497; x_wconf 87' lang='lat' dir='ltr'>celerius</span> <span class='ocrx_word' id='word_1_325' title='bbox 867 3441 1042 3500; x_wconf 91' lang='lat' dir='ltr'>maturescit.</span> <span class='ocrx_word' id='word_1_326' title='bbox 1069 3440 1168 3502; x_wconf 88' lang='lat' dir='ltr'>imbre</span> 
     </span>
    </p>
   </div>
   <div class='ocr_carea' id='block_1_3' title="bbox 0 0 1276 3842">
    <p class='ocr_par' dir='ltr' id='par_1_3' title="bbox 0 0 1276 3842">
     <span class='ocr_line' id='line_1_40' title="bbox 0 0 1276 3842; baseline 0 0"><span class='ocrx_word' id='word_1_327' title='bbox 0 0 1276 3842; x_wconf 95' lang='lat' dir='ltr'> </span> 
     </span>
    </p>
   </div>
  </div>
 </body>
</html>
