2542 3842
185 146 242 209 188
316 158 318 167 ·
508 158 537 204 c.
556 156 652 205 eurus
666 156 817 205 sueonos

141 322 191 379 175
245 312 331 390 (66.)
352 310 499 369 l'ousillae
516 312 544 369 in
560 311 690 386 bomine,
706 313 735 371 in
749 330 801 371 sue
818 309 981 389 glandulae.
1012 310 1091 389 quod
1108 312 1198 369 inter

182 414 233 457 eas
249 412 322 455 uvae
344 396 458 454 nomine
480 394 578 453 ultimo
597 394 743 472 dependet
763 395 860 473 palato
882 396 986 454 bomini
1002 402 1111 453 tantum
1131 404 1193 454 est.

183 480 236 540 sub
258 496 294 539 ea
315 480 407 538 minor
430 478 525 554 liugua
540 476 610 537 nulli
633 494 688 537 oua
706 481 913 555 generantium.
943 494 1035 557 opera
1051 478 1115 536 eins
1134 497 1192 555 ge-

182 566 256 624 mina
277 563 387 622 duabus
406 563 595 639 interpositae
616 562 727 621 llstnlis.
758 564 876 621 interior
897 580 994 621 earum
1016 561 1195 639 appellatur

144 658 193 713 176
202 648 306 707 arteria
328 647 364 706 ad
386 645 548 725 pulmonem
568 654 655 724 atquc
678 662 730 705 cor
748 648 906 724 pertinens.
943 646 1016 706 banc
1037 646 1137 723 operit
1161 649 1216 705 inu

183 730 326 809 epulando
342 730 443 808 spiritu
458 736 488 788 et
502 746 578 787 voce
595 728 646 787 illa
663 738 794 805 meante,
809 748 863 805 ne,
876 731 901 788 si
915 739 999 808 potus
1018 728 1141 787 cibusve
1161 731 1191 788 in

185 815 308 882 alienum
328 814 506 874 deerraverit
527 812 684 887 tramitem,
704 822 847 891 torqueat.
880 814 971 874 altera
987 814 1117 872 exterior
1133 831 1190 891 ap·

184 899 309 977 pelletur
327 914 398 957 saue
421 896 504 973 gula,
532 914 587 973 qua
609 896 690 955 cibus
711 905 797 976 atque
823 906 909 975 potus
932 897 1062 958 devolat.
1093 896 1190 955 tendit

185 983 259 1042 baec
279 982 314 1041 ad
336 980 527 1055 stomachum,
548 982 573 1038 is
594 980 630 1039 ud
649 990 803 1041 scobem.
819 982 892 1041 hauc
913 1000 968 1061 per
984 981 1057 1039 vicis
1061 981 1186 1079 operit,

185 1082 248 1127 cunr
269 1066 384 1143 spiritus
406 1073 512 1124 tentum
533 1072 581 1123 aut
597 1080 656 1123 vox
676 1074 825 1141 commeat,
838 1084 874 1124 ne
888 1064 1220 1163 restagpatiointem·1t

184 1153 298 1229 pestiva
320 1148 377 1208 alvi
397 1149 555 1226 obstrepat.
588 1166 625 1207 ox
649 1150 819 1227 cartilagine
834 1158 863 1210 et
878 1166 964 1209 carne
980 1149 1086 1207 arteria
1090 1148 1187 1225 ,gula

185 1250 305 1295 enervo
322 1241 351 1291 et
367 1250 453 1293 carne
469 1240 589 1292 constat.

143 1324 193 1381 177
247 1316 331 1396 (67.)
355 1314 463 1375 Cervius
478 1316 549 1375 nulli
559 1317 613 1397 nlsp
629 1317 732 1395 quibus
746 1325 869 1396 utraque
884 1317 967 1382 baec.
1000 1316 1110 1375 ceteris
1121 1316 1186 1374 col·

185 1402 257 1475 lum,
275 1400 376 1479 qulbus
392 1409 498 1459 tantum
516 1399 591 1475 gula.
622 1401 675 1460 sed
690 1400 794 1478 quibus
809 1401 926 1476 cervix,
942 1418 959 1459 e
973 1400 1068 1459 multis
1083 1408 1187 1458 verte

184 1485 331 1562 bratisque
345 1483 528 1543 orbiculatim
544 1484 660 1543 ossibus
674 1483 778 1543 llexilis
799 1485 835 1544 ad
855 1487 1095 1562 circumspectum
1117 1484 1216 1542 arti-rs

186 1570 314 1628 culorum
334 1566 417 1626 nodis
436 1565 579 1641 iungitur,
605 1567 681 1626 leoni
693 1576 802 1627 tantum
818 1577 848 1627 et
869 1568 938 1645 lopo
955 1576 985 1626 et
999 1568 1132 1641 hyaenae
1150 1585 1189 1626 ex

144 1660 194 1715 178
206 1651 325 1725 singulis
349 1650 494 1725 rectisque
510 1650 625 1708 ossibus
641 1651 748 1725 rigens.
778 1660 879 1709 cetero
895 1652 995 1727 spinae
1009 1650 1188 1726 adnectitur,

185 1735 266 1811 spina
279 1732 401 1805 lumbis,
417 1747 504 1791 ossea
519 1732 570 1791 sed
585 1734 670 1790 tereti
685 1742 842 1805 structura,
861 1750 916 1809 per
932 1731 1026 1790 media
1042 1733 1188 1793 foramina

185 1832 201 1874 a
224 1814 349 1873 cerebro
372 1814 497 1873 medulla
527 1815 732 1874 descendente.
771 1816 892 1875 eandem
914 1812 981 1874 iesse
1005 1816 1032 1872 ei
1052 1823 1186 1876 naturam

185 1916 268 1977 quam
284 1896 406 1957 cerebro
431 1895 586 1975 colligunt,
608 1899 741 1976 quonium
760 1898 910 1977 praetenui
935 1899 995 1957 eins
1016 1897 1218 1960 membranam

184 1982 269 2043 modo
292 1982 382 2047 incisa
396 1983 490 2041 statim
506 1982 678 2059 exspiretur.
710 1982 820 2055 Quibus
835 1982 923 2059 longa
939 2000 1022 2042 crura
1038 1983 1073 2041 iis
1094 1983 1185 2060 longa

186 2076 216 2127 et
237 2066 331 2142 eolla,
353 2068 421 2127 item
444 2067 583 2146 aquaticis
611 2069 740 2145 quamvis
759 2066 864 2127 brevia*
889 2084 972 2126 crura
998 2066 1184 2141 habentibus,

186 2151 270 2210 simili
284 2151 371 2211 modo
387 2168 476 2210 uncos
491 2151 604 2227 unguis.

146 2243 195 2298 179
254 2234 337 2313 (68.)
362 2233 462 2295 cucur
477 2234 582 2293 bomini
602 2242 708 2294 tuntum
723 2243 753 2294 et
767 2234 855 2293 subus
870 2235 1034 2293 intumescit
1046 2229 1180 2313 aquarum

187 2336 260 2397 pune
274 2326 407 2395 potantur
418 2318 588 2395 plerumque
604 2318 684 2377 titio
717 2336 854 2377 summum
865 2318 952 2395 gulae
963 2318 1064 2377 lauces
1075 2330 1176 2374 socan·
1186 2332 1216 2372 eu

185 2410 247 2476 tur,
272 2409 429 2459 extremum
453 2401 625 2460 stomachus.
664 2400 722 2460 boc
742 2403 857 2460 nomine
873 2412 919 2461 est
938 2401 991 2460 sub
1007 2402 1109 2460 arteria
1125 2400 1182 2457 iarn

187 2498 309 2545 comosa
324 2482 444 2541 inanitas
459 2482 571 2551 adnexa
587 2485 707 2561 spinae,
731 2485 767 2543 ad
784 2485 960 2543 latitudinem
976 2502 1011 2545 nc
1028 2482 1182 2557 longitudi-

146 2577 268 2631 leonem
283 2564 403 2625 lacunae
419 2565 505 2625 modo
519 2568 591 2626 lusa.
625 2566 736 2639 Quibus
752 2568 852 2627 lauces
866 2585 923 2627 non
940 2576 1054 2627 suntne
1071 2573 1182 2623 stoma-

187 2649 257 2709 cbus
272 2648 387 2725 quidem
403 2656 465 2723 est,
486 2668 541 2709 nec
564 2650 641 2709 colla
661 2668 717 2709 uec
731 2660 843 2751 guttur,
864 2662 895 2713 ut
914 2652 1058 2729 piscibus,
1083 2656 1113 2707 et
1129 2664 1182 2707 ora

185 2730 354 2791 ventribus
345 2741 506 2831 iunguntur.
535 2731 682 2793 Testudini
696 2736 822 2795 marinae
838 2735 935 2813 lingua
950 2735 1027 2793 nulla
1041 2750 1095 2792 nec
1111 2729 1179 2791 den·
1167 2750 1212 2792 ·so

185 2824 248 2889 tes,
264 2818 351 2875 rostri
363 2818 427 2877 acie
443 2816 598 2876 conminuit
611 2819 714 2877 omnia.
744 2828 847 2900 postea
859 2821 964 2879 arteria
976 2826 1006 2877 et
1017 2814 1181 2876 stomachus

182 2899 376 2960 denticulatus
397 2901 505 2961 callo
497 2918 524 2959 m
541 2900 656 2960 modum
674 2900 737 2960 rubi
757 2902 792 2962 ad
809 2901 1004 2963 conllciendos
1027 2900 1111 2959 cibos
1132 2899 1179 2958 de·

186 2980 384 3043 cmsceutibus
401 2986 504 3045 taeniis
517 2983 653 3063 quidquid
668 2984 879 3064 adpropinquat
894 2986 996 3046 ventri.
1026 2984 1180 3043 novissima

99 3107 101 3115 ›
187 3067 328 3144 asperitas
346 3075 376 3127 ut
391 3066 513 3127 scobina
527 3066 649 3127 labrilis.
769 3121 775 3130 ,

145 3156 193 3216 181
252 3148 337 3227 (69.)
361 3147 421 3209 Gor
433 3151 600 3211 animalibus
616 3153 726 3211 ceteris
746 3152 842 3211 medio
857 3160 981 3231 pectore
996 3160 1059 3227 est,
1075 3151 1211 3211 bominiss

186 3241 292 3293 tanturn
316 3233 388 3293 inira
416 3233 528 3294 laevam
553 3234 689 3311 papillam
703 3234 846 3295 turbinato
868 3252 1005 3295 mucrone
1032 3236 1060 3293 io
1085 3236 1179 3313 priora

187 3316 325 3373 eminens.
357 3315 487 3391 piscibus
503 3316 574 3375 solis
589 3317 625 3376 ad
641 3334 675 3376 os
690 3328 813 3395 spectat
848 3318 912 3378 lloc
926 3321 1060 3397 primum
1058 3336 1178 3378 nascen-

102 3400 133 3449 1
186 3386 262 3455 tib'us
277 3390 418 3457 formari
410 3416 437 3456 ιιι
451 3407 535 3457 utero
545 3399 673 3476 tradunt,
689 3401 794 3464 deinde
810 3401 971 3479 cerebrum,
990 3404 1065 3462 sicut
1070 3401 1225 3462 turdis·
