2542 3842
425 163 740 218 uar.n1su.v1.3o.
761 153 833 240 (35.)
871 130 881 142 ’
1056 154 1116 218 255

2 311 5 354 ³
46 376 51 388 ,
115 321 153 382 ab
169 339 205 381 ea
218 318 313 380 Nubel
328 319 492 398 Aethiopes
508 320 617 381 dierum
628 317 697 379 Vlll
710 318 826 380 itinere.
861 321 997 400 oppidum
1018 339 1118 383 eorum

114 404 183 465 Nilo
200 405 353 482 inpositum
368 403 521 481 Tenupsis.
556 403 716 477 Sesambri,
734 403 810 482 apud
827 421 900 482 quos
922 405 1117 483 quadripedes

1 538 3 549 .
116 505 218 547 omnes
236 489 299 546 siue
314 487 441 563 auribus,
463 488 548 546 etiam
564 487 730 564 elephanti..
758 504 796 546 ex
816 487 935 547 Africae
953 497 1037 566 parte
1060 487 1116 549 'lo-

114 571 233 646 nobari,
255 570 442 648 Ptoenphae,
466 571 514 647 qui
529 588 629 628 canem
645 587 699 647 pro
717 587 790 648 rege
812 569 935 646 habeut,
958 581 1035 631 motu
1055 573 1117 631 eius

92 654 237 732 nimperia
251 661 436 730 augurantes,
451 652 578 730 Auruspi
592 653 701 731 oppido
718 651 806 730 longe
822 652 913 714 aNilo
924 655 990 712 sito.
1014 664 1117 732 postea

1 744 6 779 ¹
114 737 303 811 Archisarmi,
320 735 466 812 Phaliges,
484 735 646 812 Morigerri,
670 733 807 796 Casmari.
836 737 908 797 Bion
925 744 954 796 et
970 737 1025 796 alia
1043 755 1094 816 op·
1107 746 1159 801 193

115 821 217 898 pida
208 837 236 878 m
263 818 363 880 insulis
388 819 490 894 tradit,
518 819 714 878 aSembobiti
736 803 858 880 Meroen
879 837 982 880 versus
1008 821 1134 887 dierum

114 912 177 963 toto
198 903 301 963 itinere
316 900 381 961 XX.
412 915 572 980 proxumae
591 902 703 962 insulae
723 903 860 981 oppidum
877 903 1117 963 Semberritarum
1192 977 1196 982 Ι

115 986 169 1046 snb
184 987 301 1062 regino,
326 993 355 1044 et
374 984 450 1044 aliud
467 983 578 1060 Asara,
600 985 719 1044 alterius
738 987 874 1064 oppidum
889 977 1040 1046 Darden.
1057 996 1116 1046 ter·

77 1061 183 1130 letiam
198 1068 326 1128 Medoen
340 1076 457 1142 uocant,
479 1069 508 1128 in
524 1085 580 1145 qua
594 1068 733 1146 oppidum
750 1067 832 1128 Asel.
868 1078 996 1148 quartam
1012 1070 1116 1129 eodem

114 1170 172 1231 quo
195 1152 331 1230 oppidum
354 1152 468 1210 nornine
488 1149 632 1211 Garoden.
673 1151 739 1210 inde
761 1169 816 1228 per
832 1149 915 1230 ‘ripas
937 1152 1044 1230 oppida
1060 1152 1116 1212 Na·

113 1254 186 1312 uos,
208 1234 399 1308 blodundem,
420 1233 570 1308 Andatim,
593 1233 773 1309 Secundum,
796 1232 947 1312 collocat,
970 1234 1115 1310 Secandc,

112 1318 298 1396 Navectabe,
324 1315 421 1393 cumi,
445 1318 622 1394 Agroripsc,
644 1315 802 1394 Aegipan,
823 1315 1020 1394 Gaudrogari,
1044 1318 1116 1377 Ara·

113 1403 196 1477 barn,
211 1403 397 1461 Summarum.
430 1400 526 1476 Regio
543 1417 629 1477 snpra
640 1399 791 1476 Sirbitum,
808 1401 857 1460 ubi
874 1402 1007 1460 desinunt
1021 1408 1159 1462 mon-194

79 1497 104 1537 ¹⁵
115 1495 171 1559 tes,
194 1484 346 1544 traditura
364 1483 533 1560 quibusdam
549 1483 659 1542 habere
674 1485 830 1543 maritimos
845 1483 1018 1562 Aethiopas,
1034 1481 1116 1542 Nisa=
1213 1543 1216 1548 ,

114 1567 253 1642 caethas,
276 1565 414 1641 Nisytos,
437 1565 515 1644 quod
530 1567 673 1642 significat
688 1575 799 1626 ternum
817 1576 846 1626 et
862 1575 1029 1646 quaternum
1048 1583 1116 1625 ocu·
1162 1567 1172 1584 ‘

115 1652 209 1710 lorum
224 1650 321 1724 viros,
344 1666 402 1708 non
418 1650 484 1727 quia
504 1650 549 1708 sic
569 1651 643 1724 sint,
666 1651 719 1714 sed
735 1652 800 1728 quia
824 1651 936 1727 sagittis
958 1650 1116 1729 praecipua

115 1732 360 1810 contemplatione
383 1741 504 1791 utantur.
547 1731 584 1791 ab
607 1749 728 1792 cavero
756 1743 839 1812 parte
853 1733 911 1793 Nili
933 1751 1007 1812 quae
1029 1750 1115 1810 supra

97 1818 209 1892 'Syrtis
227 1815 353 1874 maiores
370 1832 510 1874 oceanum
526 1816 712 1875 meridianum
731 1817 911 1894 protenditur
926 1817 1010 1876 balio
1028 1833 1115 1875 voca-

2 1946 3 1949 .
80 1909 164 1959 actos
190 1916 257 1958 esse
273 1899 347 1958 dicit
364 1895 462 1975 pluvia
478 1906 584 1957 tautum
604 1915 678 1975 aqua
693 1902 798 1968 utentis
817 1897 953 1976 Cisoros,
974 1899 1116 1976 Longom·
1181 1920 1182 1925 ¹
1252 1931 1255 1936 v

2 1976 4 1989 ’
118 2000 208 2062 poros
230 1981 266 2040 ab
282 1980 466 2040 Oecalicibus
484 1980 593 2040 dierum
607 1979 634 2039 V
649 1981 769 2057 itinere,
792 1981 966 2057 Usihalcos,
989 1982 1114 2055 lsbeios,

116 2066 270 2139 Perusios,
290 2063 410 2139 Ballios,
434 2061 561 2140 Cispios.
610 2063 721 2141 reliqna
737 2065 871 2139 deserta,
893 2064 997 2123 deinde
1020 2063 1158 2126 fobu-195

117 2149 173 2208 losi
188 2148 225 2207 ad
240 2147 421 2206 occidentem
435 2145 685 2222 uersusNigroae,
698 2163 818 2224 quornm
833 2163 887 2204 rex
901 2162 986 2206 unum
1003 2145 1117 2204 oculum

2 2226 3 2301 J
116 2233 145 2289 iu
159 2231 255 2289 lronte
270 2228 358 2288 habet
363 2225 572 2306 ,Agriophagi
593 2227 795 2306 pantherarum
811 2237 840 2286 et
856 2229 971 2286 leonum
986 2243 1116 2285 maxume

81 2331 206 2374 ascarne
238 2313 387 2388 viventes,
419 2311 574 2389 Pamphagi
611 2312 706 2370 omnia
734 2311 917 2385 mandentes,
951 2308 1116 2385 Anthropo·
1157 2377 1171 2391 .

116 2396 205 2474 phagi
219 2394 340 2453 humana
357 2412 445 2454 carne
458 2403 625 2469 vescentes,
650 2391 819 2470 Cynamolgi
838 2394 945 2452 caninis
964 2390 1115 2469 capitibus,

6 2499 9 2506 ·
116 2477 297 2538 Artabatitae
319 2477 536 2555 quadripedes,
558 2477 684 2536 ferarum
709 2478 796 2537 modo
823 2479 923 2553 vagi.
941 2475 1045 2536 deinde
1060 2473 1117 2532 lle·

116 2560 247 2638 sperioe,
264 2558 381 2618 Perorsi
383 2576 484 2638 ,quos
500 2559 729 2624 inblauretauiae
746 2560 871 2620 conluuio
888 2539 1019 2618 dirimus.
1042 2557 1159 2617 Parsro
1232 2573 1237 2580 ·

118 2643 259 2721 quaedam
274 2640 450 2720 Aethiopum
471 2641 592 2701 locustis
607 2651 713 2703 tantum
730 2643 801 2702 vivit
816 2643 894 2701 fumo
911 2651 939 2700 et
954 2642 1016 2700 sale
1034 2640 1116 2699 dura·
1159 2657 1163 2662 ·

80 2739 107 2781 ao
118 2728 154 2786 tis
170 2727 198 2784 ln
213 2742 303 2783 annua
319 2725 463 2784 alimenta.
485 2725 504 2782 ii
522 2725 768 2802 quadragesimum
785 2741 885 2785 annum
901 2725 978 2782 vitae
994 2739 1052 2782 non
1067 2741 1117 2782 ex·

2 2850 3 2853 ,
117 2807 230 2868 cedunt.
273 2807 447 2886 Aethiopum
466 2815 572 2866 terram
591 2810 753 2866 universam
770 2825 833 2866 cum
848 2807 918 2866 mari
935 2803 1034 2864 Rubro
1050 2822 1099 2882 pa·
1088 2811 1160 2866 ·196

115 2901 180 2951 tere
195 2891 224 2949 in
240 2889 524 2966 longitudinem*
461 2907 530 2959 xxi
546 2888 624 2947 LXX
638 2890 696 2949 mil.
720 2907 873 2966 passuum,
896 2889 924 2946 in
940 2887 1116 2947 latitudinem

118 2991 182 3032 curn
202 2974 355 3049 superiore
378 2971 578 3072 Aegypto*
528 2988 584 3038 xm
603 2969 711 3030 xcvll
725 2970 754 3030 ιι
769 2970 900 3047 Agrippa
923 2970 1113 3032 existumavit.

117 3056 233 3134 qnidam
260 3055 466 3130 longitudinem
496 3057 535 3115 ita
558 3055 732 3114 diviserunt:
761 3052 899 3111 alleroe
917 3051 1060 3111 Sirbitum
1076 3049 1117 3108 Xl

82 3138 226 3202 socierum
238 3138 464 3212 navigationem,
486 3136 522 3196 ab
540 3153 575 3194 ea
590 3133 645 3194 XV
658 3136 694 3195 ad
709 3134 862 3210 Dabellos,
880 3133 951 3193 ab''
932 3153 972 3192 us
982 3134 1018 3194 ad
1030 3150 1116 3192 occa·

2 3260 3 3263 =
117 3238 183 3280 num
199 3218 403 3296 Aethiopicum
420 3218 461 3278 Vl
478 3220 589 3279 dierum
603 3219 669 3276 iter.
691 3218 719 3275 in
733 3223 823 3277 totum
841 3225 936 3276 autem
954 3215 989 3276 ab
1006 3231 1117 3275 oceano

1 3356 3 3363 .
116 3303 153 3362 ad
165 3300 285 3360 Meroen
300 3299 435 3360 DCXXV
446 3301 476 3360 ιι
489 3317 625 3378 passuum
641 3317 708 3358 esse
724 3301 799 3360 inter
814 3307 951 3359 auctores
965 3299 1029 3358 iere
1045 3313 1112 3356 oon·
1125 3322 1160 3356 ru
1238 3323 1240 3330 ·

3 3409 4 3425 ι
115 3385 212 3460 venit,
234 3382 299 3444 inde
314 3384 431 3458 Syenen
446 3392 580 3463 quantum
596 3383 727 3444 diximus
759 3382 819 3444 Sita
836 3389 880 3442 est
895 3380 1050 3459 Aethiopia
1065 3379 1158 3444 ablbt

257 3689 275 3723 b
