2542 3842
338 797 344 816 Ι
407 725 763 801 rnnnrnnru.

153 928 290 1000 longiore
308 946 387 1002 quam
409 947 585 1004 speraveram
606 932 752 989 intervallo
770 930 844 1002 qnod
864 930 978 1004 primum
995 932 1075 1009 Plinii

94 1014 220 1070 volumen
235 1012 358 1086 sequitur
369 1015 422 1071 boe
437 1015 600 1083 seeundum,
617 1014 648 1070 id
664 1016 763 1072 nullum
773 1015 809 1070 ub
821 1013 902 1070 aliam
913 1030 1022 1071 eausam
1033 1022 1076 1072 eet

94 1098 208 1164 laetum,
223 1096 278 1152 nisi
295 1098 369 1168 qnod
383 1097 494 1153 interim
509 1097 648 1153 inventum
664 1104 707 1154 est
722 1113 821 1154 novum
835 1096 917 1169 idque
933 1097 1075 1154 maximum

93 1181 153 1235 eine
164 1179 278 1251 perantli
293 1180 475 1255 adiumentum
485 1185 513 1236 et
523 1180 683 1236 subsidium.
706 1182 761 1237 lam
777 1181 849 1235 enim
859 1195 916 1236 rem
926 1197 969 1237 me
980 1167 1075 1237 'ennle-
1092 1205 1096 1214 =

93 1263 167 1318 eisse
177 1263 319 1334 putabam,
335 1252 390 1320 iam¹
398 1263 509 1324 dimidia
519 1264 579 1319 lere
591 1280 656 1335 pars
667 1264 740 1336 typis
753 1269 812 1319 erat
823 1262 979 1337 deseripta,
996 1279 1074 1335 quum

92 1346 244 1401 increbruit
255 1347 325 1403 lanne
337 1364 352 1402 a
363 1345 530 1419 Fredeyuriu
538 1345 650 1416 Murteu,
663 1348 708 1418 qni
719 1346 921 1417 Heidelbergae
931 1363 1003 1402 nunu
1013 1348 1071 1419 pbi-

92 1429 223 1499 lolngiem
236 1429 365 1502 privatim
381 1430 479 1498 donet,
494 1429 620 1487 inventas
638 1446 701 1486 esse
718 1429 896 1486 vetustissimi
912 1431 1018 1487 endieis
1029 1446 1071 1484 rs-

92 1511 188 1584 scripti
199 1512 332 1583 reliquias
349 1514 384 1570 ed
398 1511 568 1569 undeeimuni
577 1514 677 1570 librum
687 1513 825 1579 Plinianae
834 1511 970 1569 Naturalis
988 1513 1072 1569 bistu-

92 1595 151 1651 riae
165 1595 344 1666 pertinentes,
357 1603 386 1653 et
396 1596 430 1652 aul
441 1613 492 1653 eus
503 1596 549 1668 qui
561 1603 710 1668 sequnntur
721 1612 807 1669 nsque
819 1596 853 1653 ad
865 1597 985 1667 quintum
998 1596 1073 1656 deei-

14 1705 15 1708 ¹
93 1695 171 1734 mum.
192 1677 255 1744 Onu
270 1695 380 1736 rumore
391 1680 427 1736 ad
441 1696 483 1735 me
494 1679 602 1752 perlato
614 1680 679 1752 quid
691 1679 765 1736 aliud
775 1680 841 1736 mibi
855 1679 907 1736 luit
922 1680 1074 1736 laciendum

93 1768 210 1833 qnamut
225 1761 432 1820 intermitterem
448 1764 586 1834 inceptum
598 1779 684 1835 opus,
700 1779 735 1818 ne
752 1763 923 1820 fraudaretur
934 1764 987 1820 boe
998 1767 1074 1819 tanto

92 1837 268 1901 adiumento?
288 1845 378 1917 Atque
395 1845 520 1918 aperitis
535 1851 712 1918 pereuntetus
726 1846 819 1903 undivi
834 1847 896 1903 illas
910 1846 1016 1902 endieie
1029 1863 1074 1902 re-

92 1922 188 2000 scripti
205 1928 338 1999 reliquias
348 1944 452 2001 peneus
465 1935 530 2001 pust
545 1945 652 1986 mansee
664 1930 692 1985 in
704 1930 791 1985 lueem
801 1929 902 1984 editum
914 1930 949 1984 iri
961 1931 1075 2000 sumpti-

92 2013 142 2067 bus
152 2011 291 2067 Frirlen'ci
302 2011 562 2076 AndreuePerlbee.
576 2029 655 2083 quem
667 2012 701 2068 (le
713 2012 860 2082 Silligiann
874 2012 961 2068 Plinio
973 2013 1074 2083 optime
1139 2071 1142 2075 ,
1259 2069 1260 2072 ,

91 2111 155 2152 esse
165 2093 289 2150 meritum
300 2095 372 2150 ister
383 2109 476 2151 omnes
488 2101 602 2152 eonstat.
625 2092 657 2151 ld
668 2095 740 2150 siunt
749 2095 814 2149 mibi
826 2095 974 2150 nuntiatum
985 2095 1023 2151 its
1033 2094 1074 2150 le-

91 2183 163 2233 ctum
174 2184 232 2242 est;
244 2178 295 2233 sad
307 2179 390 2234 multo
401 2178 488 2234 maier
499 2169 578 2248 qnam
589 2184 746 2249 putaveram
756 2177 820 2232 inde
831 2177 895 2232 mibi
907 2177 1019 2232 ubertus
1029 2183 1075 2232 est

90 2261 185 2324 lab0r;
201 2277 310 2316 eursum
326 2266 438 2318 eoaetns
456 2277 516 2317 sum
532 2276 587 2317 nen
598 2261 700 2316 iterare
716 2259 914 2329 tantummodo,
933 2258 983 2315 sed
994 2260 1074 2315 aliter

50 2359 53 2364 ·
90 2343 251 2413 instituere,
268 2359 349 2415 quum
360 2360 458 2400 norum
469 2359 583 2416 eumque
594 2343 648 2399 ilde
660 2343 741 2403 valde
758 2342 868 2416 (lignum
878 2349 974 2398 naetus
985 2357 1074 2417 essem

90 2428 204 2496 lunam,
219 2427 270 2483 sed
280 2432 360 2498 quem
369 2443 423 2483 nnn
434 2434 537 2484 temere
548 2426 627 2499 sequi
639 2426 702 2483 mibi
714 2428 819 2483 lineret.
842 2426 877 2482 Ut
887 2429 958 2482 enim
969 2425 1073 2482 eodieis
1090 2440 1093 2449 s

89 2515 213 2566 vetustas
233 2527 275 2565 me
290 2512 419 2567 monebat
432 2517 462 2566 ut
472 2511 532 2566 eius
547 2510 718 2583 potissimum
729 2525 880 2584 premerem
890 2510 1025 2581 vestigia,
1036 2507 1073 2563 itu

89 2610 132 2648 me
143 2609 199 2650 nun
209 2593 280 2664 lugit
290 2594 357 2650 satis
373 2595 530 2651 mendosum
540 2595 763 2666 esseexemplar.
786 2593 914 2659 Quemvis
931 2603 999 2663 ergo
1010 2591 1073 2648 dili-
1166 2599 1169 2613 ·

13 2671 17 2680 ’
88 2676 1072 2749 gentinsnsluerimeirunmspeetloneatqneaeunrataeonsiderstinne,

88 2765 179 2817 temen
189 2775 306 2829 uereor,
320 2777 355 2816 ne
365 2761 481 2817 bie'illie
491 2776 545 2816 non
555 2767 658 2817 reetam
668 2761 740 2816 viam
751 2760 847 2816 videar
858 2759 963 2814 iniisse.

151 2842 192 2896 lle
203 2843 256 2898 bue
267 2843 365 2899 euliee
382 2845 517 2915 reseriptu
529 2844 655 2914 qnoniam
667 2849 695 2898 et
704 2843 789 2900 verba
802 2841 857 2896 feei
870 2842 942 2913 apud
953 2841 1072 2913 philolo-

87 2939 142 2996 gos
154 2923 335 2996 lla-burgum
346 2941 514 2998 congressus
526 2930 555 2980 et
564 2926 611 2997 egi
626 2927 655 2980 in
667 2923 874 2982 lionaeensibue
886 2925 987 2979 nubtiis
999 2923 1072 2978 litte-

88 3009 182 3079 reriis,
193 3008 239 3064 bie
249 3025 347 3080 pnnsm
357 3026 390 3065 ee
400 3014 501 3065 tantum
513 3008 735 3080 qnaeritleantnr
745 3023 858 3080 prorsus
870 3023 933 3063 esse
944 3021 1072 3062 neeessa-

88 3091 149 3161 rle‚
172 3096 202 3146 nt
223 3093 315 3163 quanti
337 3093 374 3149 sit
389 3092 472 3164 pretii
489 3107 556 3147 vere
577 3092 668 3163 possit
683 3091 808 3148 iudieari.
842 3090 876 3146 llt
892 3090 996 3146 invenit
1012 3105 1072 3144 eum

87 3173 220 3243 lluneus,
236 3181 266 3230 ut
282 3175 342 3247 ipse
354 3176 456 3244 relert,
472 3174 500 3230 in
513 3173 680 3231 bibliothece
692 3174 850 3231 monasterii
867 3175 901 3230 ad
912 3172 942 3230 S.
957 3171 1072 3229 Paulum

24 3329 27 3332 ἢ
88 3258 118 3312 in
133 3257 206 3312 velle
221 3259 368 3315 Larentina
386 3257 558 3328 curintbiae,
577 3258 631 3328 qn'u
647 3257 793 3314 translatus
811 3264 854 3314 ast
872 3274 888 3312 e
905 3256 1071 3312 munasterio

87 3339 120 3395 S.
129 3340 235 3410 Blasii,
258 3341 332 3411 quod
348 3347 390 3398 esl
402 3341 429 3395 in
440 3340 509 3398 silva
522 3341 616 3411 nigra,
627 3340 678 3395 sed
691 3345 718 3396 et
732 3346 912 3411 legumentum
924 3340 1029 3396 endieie
1044 3344 1072 3394 et

87 3422 235 3518 inscriptio
243 3414 339 3481 belua:
348 3399 422 3480 ‘lber
430 3425 510 3496 asyle
518 3425 628 3539 mutuare
640 3424 809 3481 demonstret
821 3431 972 3539 eumentes
985 3423 1070 3478 briase
1159 3506 1162 3515 .

225 3513 235 3536 ’
447 3560 487 3608 ⁸-
750 3539 754 3560 ¹
833 3525 848 3564 a
1021 3581 1032 3611 s

703 3703 718 3732 4
747 3678 783 3712 Μ
