2542 3842
118 187 124 208 ¹
174 179 234 242 290
479 196 482 202 ·
515 193 657 262 ceum
671 192 821 242 seonnnr
878 223 885 229 ·

380 292 390 300 -
497 277 510 308 x

173 348 268 408 olivae
279 347 501 424 magnitudine,
496 347 646 407 rotundior
655 356 771 425 tautum,
785 348 890 427 sapore
901 325 1026 428 mespili
1039 351 1179 413 Alexan·

173 417 281 492 drinam
297 433 369 492 hanc
384 431 422 491 ibi
440 441 561 512 vocant,
578 433 768 492 crassitudine
786 433 918 510 cubitali,
937 451 1095 514 ramosam,
1110 457 1178 500 ma·

172 517 246 575 teiie
268 515 407 592 validam,
429 517 552 591 lentam',
572 517 633 576 siue
649 516 741 592 ΙΡΡιΡ,
754 519 1067 593 corticeviridi,folio
1083 517 1174 583 tiliae

167 601 224 662 sed
240 600 329 660 molli.
357 593 534 660 Onesicritus
550 600 659 659 tradit
651 619 678 659 ιΡ
689 599 830 675 Hyrcania
843 602 959 661 multum
976 607 1082 664 nostris
1097 623 1175 665 esse

173 685 319 744 dulciores
346 683 578 763 fertilioresque,
606 693 736 762 atquae
762 686 874 745 modios
899 699 1012 746 cccxx
1035 689 1203 764 singulaes

130 768 274 832 69fe.rant
305 767 351 828 Ad
372 785 424 826 nos
446 787 483 828 ex
498 769 560 827 aliis
575 768 716 827 transiere
729 767 886 846 gentibus,
907 768 1061 847 Chalcide,
1082 771 1173 848 onio,

174 869 290 944 quarum
312 852 394 930 plura
418 869 536 928 genera.
566 852 706 928 siqnidem
727 861 756 911 et
774 852 897 930 Lydiae,
923 872 997 932 qnae
1020 866 1086 915 sunt
1102 875 1174 934 pur·

135 933 300 1013 pureae,
322 946 351 996 et
364 936 543 996 mamillanae
562 936 772 995 similitudinem
787 955 884 996 earum
899 937 1022 1010 babent,
1039 949 1071 998 et
1086 940 1173 999 calli·

173 1021 310 1080 struthiae
325 1037 424 1098 parurn
441 1037 547 1098 sapore
557 1022 800 1098 praestantiores,
819 1021 938 1081 ficorum
949 1023 1073 1082 omnium
1086 1024 1172 1101 frigi

170 1104 315 1164 dissimae.
347 1121 411 1163 nam
427 1104 468 1164 de
485 1104 647 1176 Africanis,
670 1121 742 1181 quas
759 1104 838 1163 multi
855 1106 1023 1183 praeferunt
1043 1111 1171 1181 cunctis,
1186 1131 1207 1167 ro

172 1205 290 1264 magna
286 1188 444 1286 quaestio
460 1197 514 1248 est.
554 1205 616 1247 cunr
639 1187 667 1247 id
687 1205 779 1264 genus
799 1189 828 1247 in
851 1188 978 1248 Africam
999 1193 1171 1290 nuperrime

132 1278 165 1333 to
176 1273 335 1348 transierit,
348 1273 464 1372 patriae
471 1288 575 1332 nomen
586 1273 730 1348 optinent
756 1289 820 1331 uam
831 1271 1026 1332 Alexandrina
1042 1293 1059 1333 Ρ
1076 1275 1172 1352 nigris

173 1363 231 1431 est,
252 1356 458 1416 candicante
434 1374 519 1430 rnna,
544 1357 716 1432 cognomine
730 1355 882 1416 delicatae.
911 1358 993 1434 nigra
1007 1365 1037 1416 et
1052 1357 1173 1418 llbodia

174 1447 219 1498 est
243 1449 272 1500 et
287 1439 434 1500 Tiburtina
455 1439 491 1500 de
513 1439 717 1518 praecocibus.
752 1449 868 1499 suntet
889 1450 1034 1500 auctorum
1054 1433 1173 1500 nomina

175 1523 226 1598 iis,
251 1523 364 1599 Liviae,
392 1523 522 1622 Pompei.
559 1523 700 1584 siccandis
727 1523 801 1583 baec
826 1525 945 1584 selein
966 1541 1074 1584 annuos
1099 1543 1206 1589 nsusrs

173 1609 319 1684 aptissima
334 1626 396 1667 curn
408 1607 537 1668 mariscis
554 1617 582 1668 et
595 1626 666 1687 quas
683 1608 867 1669 harundinum
878 1609 930 1668 loli
941 1609 1053 1668 macula
1063 1612 1170 1672 variat

173 1700 219 1751 est
234 1701 263 1750 et
278 1687 457 1752 Herculanea
479 1700 508 1755 ct
525 1691 681 1752 albicerata
697 1701 728 1751 et
747 1693 836 1751 aratio
857 1693 937 1767 alba,-
958 1692 1107 1770 pediculo
1103 1695 1170 1752 mi·

131 1786 162 1840 ‘lt
176 1793 274 1850 numo,
291 1777 437 1835 latissima
469 1774 562 1836 Primo
578 1784 671 1835 autem
687 1776 821 1853 provenit
836 1769 1030 1854 porphyritls,
1057 1778 1166 1852 longis·

174 1861 245 1919 simo
261 1858 406 1937 pediculo.
443 1861 592 1921 comitatur
608 1876 671 1919 eam
684 1877 701 1918 e
713 1859 842 1919 minumis
856 1860 1000 1921 vilissimis
1016 1859 1166 1938 popularis

153 1944 257 2010 <dicta
298 1951 397 2004 contra
424 1943 578 2022 novissima
604 1942 658 2003 sub
684 1943 778 2002 bieme
809 1953 965 2004 maturatur
990 1944 1167 2003 chelidonia.
1180 1969 1205 2006 ΡΡ

173 2037 237 2086 sunt
252 2036 406 2108 praeterea
421 2029 566 2088 serotinae
580 2037 608 2087 et
622 2043 796 2106 praecoces,
814 2027 936 2102 biferae,
947 2027 1013 2086 alba
1025 2045 1059 2086 ae
1072 2029 1169 2103 nigra,

174 2130 238 2170 cum
252 2131 348 2174 messe
364 2111 562 2189 vindemiaque
579 2120 816 2180 maturescentes.
846 2113 992 2170 serotinae
1006 2121 1036 2171 et
1051 2129 1068 2170 a
1084 2114 1172 2169 corio

174 2196 337 2276 appellatae
356 2197 444 2271 duro,
463 2214 500 2256 ex
515 2194 689 2257 Chalcidicis
706 2195 880 2273 quarundam
894 2195 996 2254 trifero
1010 2204 1170 2272 prevento.

132 2279 291 2341 talarenti
309 2288 414 2340 tantum
427 2280 598 2358 praedulces
620 2288 773 2340 nascuntur
785 2297 857 2358 quas
868 2287 1067 2338 vocant-onas
1095 2277 1172 2337 Cato

162 2365 211 2424 de
230 2364 314 2424 incus
307 2375 345 2425 rte
359 2374 513 2426 memorat
535 2352 1206 2422 Ficosmariscasinlooocretosous

174 2457 233 2507 aut
260 2457 391 2525 aperto
418 2449 552 2523 serito,
579 2448 627 2506 in·
640 2447 726 2506 loco
751 2455 868 2506 autem
892 2447 1097 2506 crassiore
1109 2455 1172 2507 ant
1235 2482 1237 2511 ,

175 2530 614 2592 ΡΡΡΡΡΡΡΡΡΡΑΙΡΡΡΡΡΡΡ
642 2539 677 2590 et
697 2528 968 2613 Herculaneas,
990 2530 1166 2606 Sagunti·
1235 2518 1237 2583 l

58 2619 61 2632 '
146 2633 255 2691 -nas,
291 2613 483 2692 hibernas,
513 2614 671 2683 'lelanas
704 2623 807 2674 atras
835 2614 1012 2692 pediculo
1043 2614 1165 2689 longo.
1235 2669 1237 2685 ,

175 2708 277 2779 postea
302 2707 345 2758 tot
369 2700 484 2774 subiere
510 2701 622 2760 nomina
636 2698 732 2776 ,atque
750 2715 859 2774 genera
882 2707 913 2757 ut
931 2697 981 2756 vel
1000 2697 1059 2756 boc
1075 2697 1169 2756 solnm
1235 2700 1237 2705 '

115 2807 119 2810 ·
175 2783 389 2848 aestimantibus
405 2784 542 2861 adpareat
554 2791 686 2844 mutatam
697 2783 873 2843 esse-uitam.
904 2791 969 2840 sunt
985 2789 1013 2840 et
1028 2781 1205 2842 hibernaeso

177 2866 344 2945 quibusdam
366 2869 536 2947 provinciis,
557 2869 597 2926 uti
618 2865 763 2941 Moesiae,
790 2866 842 2926 sed
858 2867 944 2941 artis,
965 2874 1169 2935 nonnaturae.

134 2961 168 3015 73
178 2951 330 3017 Persarum
342 2969 438 3029 genus,
446 2951 578 3012 arborum
590 2960 657 3030 post
671 2959 830 3010 autumnum
845 2951 911 3009 limo
927 2958 1104 3024 contegunt,
1116 2949 1180 3008 de·x

137 3037 393 3114 prehensasque
408 3037 496 3096 iubis
515 3035 608 3096 bieme
630 3051 770 3112 grossos,
792 3033 1001 3112 quaemitiore
1016 3032 1105 3093 caelo
1121 3050 1170 3090 re·

130 3134 134 3143 ’
169 3120 274 3180 fossae
302 3139 365 3180 cum
391 3119 494 3180 arbore
518 3128 603 3198 atque
630 3121 659 3178 in
681 3119 781 3178 lucem
800 3119 939 3177 remissae
971 3131 1065 3178 novos
1086 3115 1174 3174 soles

176 3204 333 3280 aliosque,
346 3221 429 3282 quam
450 3202 554 3300 quibus
574 3203 692 3277 vixero,
710 3201 793 3285 avide
807 3210 950 3280 tamquam
965 3203 1068 3259 iterum
1083 3207 1209 3261 nataeas

176 3288 319 3364 accipiunt
339 3295 369 3344 et
390 3303 453 3344 cum
469 3286 642 3344 venientium
657 3285 730 3344 flore
745 3293 955 3373 maturescunt,
972 3282 1067 3343 alieno
1083 3300 1173 3361 prae-

178 3385 267 3428 coces
283 3380 372 3442 anno,
389 3369 418 3426 in
434 3377 526 3427 tractu
540 3368 588 3427 vel
601 3348 841 3442 gelidissimo.

68 3521 70 3525 ,
134 3457 171 3510 ut
244 3449 326 3528 (20)
348 3450 406 3510 Sed
422 3467 438 3510 a
455 3447 564 3510 Catone
577 3450 798 3531 appellatorium
812 3460 870 3511 tum
884 3451 1019 3512 Africana
1033 3447 1176 3510 admonet
