2542 3842
374 194 561 242 11111111.
579 195 668 242 x1111.
687 175 710 244 1.
728 135 848 260 (l—a.)
1056 181 1117 242 255

118 350 199 412 cibus
215 349 354 410 subdialia
369 347 609 409 inambulationes
625 347 770 408 umbrosis
780 347 915 426 pergulis
929 357 1053 427 opacat,
1071 367 1132 408 ea»

117 435 181 496 dem
193 435 334 494 duodenis
346 434 430 492 musti
444 431 590 510 amphoris
604 431 739 492 iocunda.
765 431 867 492 Ulmos
881 432 997 510 quidam
1007 431 1115 511 ubique
1127 445 1161 497 ra
1252 474 1253 477 ι

117 527 307 597 exsuperant,
324 518 512 595 miratumque
530 516 706 576 altitudinem
722 533 821 576 earnm
832 515 949 576 Ariciae
964 516 1060 576 ierunt
1075 518 1117 577 le·

115 613 211 680 gatum
223 604 302 680 regis
309 600 410 676 Pyrrhi
418 597 527 660 Cineam
536 601 633 667 facete
644 601 750 660 lusisse
761 600 790 658 in
802 601 994 661 austeriorem
1004 609 1119 678 gustum

91 688 190 762 suini,
206 688 310 746 merito
326 694 444 745 matrem
460 687 522 744 eius
536 684 665 763 pendere
677 685 705 744 in
718 693 774 744 tam
788 683 845 743 alta
859 701 958 743 cruce.
990 683 1117 761 Rumpo-

110 773 189 830 tinus
200 779 320 830 vocatur
335 779 364 829 et
379 768 436 828 alio
447 770 561 829 nomine
576 769 681 847 opulus
696 767 784 828 arbor
794 767 894 828 ltaliae
906 767 1012 836 Padum
1026 777 1117 828 trans·

116 854 245 932 gressis,
276 855 356 913 cuius
383 852 541 912 tabulata
532 871 560 912 ιιι
582 852 685 912 orbem
711 851 808 929 patula
841 851 957 928 repient
985 860 1119 930 puroque

115 937 273 1017 perductae
297 937 470 998 draconem
496 935 618 1014 palmam
645 937 707 996 eius
727 935 820 996 inde
810 952 838 995 ιιι
853 934 1007 995 subrectas
1022 953 1115 996 ramo·
1252 992 1253 997 ,

115 1040 176 1082 rum
201 1021 308 1098 digitos
333 1020 451 1098 flagella
477 1021 660 1098 dispergunt.-
701 1017 830 1080 Eaedem
854 1017 962 1078 modici
990 1019 1160 1084 1011111113
1252 1044 1253 1101 ι

83 1128 106 1167 ιιι
117 1105 264 1166 altitudine
291 1104 510 1165 adminiculatae
533 1103 651 1164 sudibus
674 1103 793 1163 horrent
816 1105 987 1181 vineamque
1009 1104 1118 1179 iaciunt
1252 1104 1253 1131 ³

116 1189 223 1250 etalea
240 1188 364 1268 inprobo
385 1197 500 1266 reptatu
521 1190 777 1267 pampinorumque
793 1205 847 1269 per
861 1187 1002 1264 parietum
1015 1172 1116 1246 damna

115 1276 246 1336 discursu
262 1275 332 1334 atria
345 1272 437 1332 media
450 1272 631 1351 complentes.
654 1271 709 1331 Tot
723 1270 901 1330 differentias
912 1271 960 1329 vel
976 1271 1040 1331 sola
1056 1280 1136 1330 tan-1

115 1369 172 1418 tum
187 1356 270 1418 ltalia
290 1357 404 1436 recipit.
436 1361 492 1416 stat
514 1357 726 1434 provinciarum
748 1355 907 1433 aliquarum
923 1373 977 1432 per
994 1373 1029 1413 se
1049 1356 1116 1414 vitis

116 1444 178 1501 sine
196 1441 257 1502 ullo
274 1441 465 1519 pedamento,
484 1457 569 1501 arcus
591 1458 661 1499 suos
675 1441 704 1498 in
719 1457 752 1498 se
769 1439 914 1515 colligens
929 1448 959 1498 et
973 1439 1115 1498 brevitate

82 1544 106 1584 rs
117 1526 335 1586 crassitudinem
351 1542 485 1603 pascens.
518 1533 615 1583 vetant
629 1523 688 1582 boc
702 1521 791 1582 adubi
805 1523 900 1596 venti,
923 1530 953 1580 ut
969 1525 999 1582 in
1014 1522 1113 1582 Africa
1125 1529 1159 1586 14

116 1619 144 1668 et
166 1607 362 1670 Narbonensis
385 1609 551 1688 provinciae
573 1607 712 1685 partibus.
749 1621 927 1666 excrescere
947 1607 1022 1666 ultra
1046 1618 1116 1665 suos

114 1693 240 1773 pollices
262 1692 425 1772 prohibitae
447 1709 621 1770 semperque
645 1691 795 1769 pastinatis
822 1689 930 1750 similes
959 1689 1116 1748 herbarum

114 1777 200 1838 modo
217 1787 357 1854 vagantur
373 1795 427 1854 per
442 1793 510 1836 arva
526 1793 560 1837 ac
575 1793 675 1835 sucum
690 1784 786 1836 terrae
800 1775 908 1852 passim
925 1775 990 1832 uris
1003 1750 1121 1859 bibunt,¹

117 1881 190 1942 quae
201 1859 238 1920 ob
250 1861 279 1922 id
289 1860 511 1938 magnitudinem
519 1859 666 1920 infantium
677 1873 832 1958 puerorum
843 1859 871 1918 iu
882 1859 1021 1917 interiore
1032 1866 1116 1936 parte

80 1963 106 2004 ac
116 1945 234 2004 Africae
247 1953 431 2022 exsuperant.
454 1945 519 2002 vina
531 1961 587 2003 non
600 1944 685 2003 alibi
686 1944 830 2016 tristiora,
844 1943 896 2002 sed
912 1958 1035 2001 uranon
1047 1941 1116 2000 alibi

116 2030 227 2104 gratior
247 2027 339 2103 callo,
369 2027 445 2085 unde
468 2027 562 2104 possit
583 2026 729 2085 iuvenisse
757 2043 861 2085 nomen
890 2024 977 2084 durus
1003 2026 1122 2084 acinus.

116 2129 238 2191 namque
260 2128 368 2187 genera
391 2109 599 2185 magnitudine,
620 2109 738 2183 colore,
757 2107 911 2186 saporibus
934 2110 1009 2168 acini
1032 2109 1157 2172 inno-15

117 2213 196 2253 mera
213 2194 363 2254 etiamnum
378 2192 601 2271 multiplicantur
615 2192 693 2251 vino.
723 2192 771 2251 hic
788 2208 936 2270 purpureo
952 2191 1051 2252 lucent
1065 2209 1114 2250 co·

117 2280 196 2355 lore,
216 2276 278 2336 illic
293 2277 406 2354 iulgent
419 2294 506 2336 roseo
524 2277 670 2353 nitentque
686 2275 781 2335 viridi.
813 2274 967 2335 candicans
982 2275 1056 2334 enim
1073 2277 1115 2335 ui·
1216 2334 1220 2343 ,

81 2381 229 2442 aegerque
255 2361 402 2439 volgares.
441 2369 549 2420 tument
572 2377 645 2419 vero
669 2377 851 2420 mammarum
873 2360 960 2419 modo
981 2359 1114 2434 bumasti,

117 2447 284 2548 praelongis
307 2443 413 2520 dactyli
429 2445 613 2523 porriguntur
634 2444 733 2504 aciuis
761 2453 807 2504 est
822 2453 851 2504 et
869 2443 919 2503 illa
934 2451 1053 2503 naturae
1074 2444 1115 2504 la·

117 2533 206 2591 scivia
218 2539 247 2590 ut
259 2529 486 2608 praegrandibus
499 2528 674 2589 adhaereant
686 2530 778 2606 parvi,
789 2529 885 2601 mites,
896 2529 1037 2588 suavitate
1051 2545 1115 2587 cer·

116 2626 226 2689 tautes,
249 2613 451 2694 leptorriragas
474 2613 526 2672 iras
542 2607 655 2672 vocarit
687 2611 797 2672 Ducant
816 2610 891 2670 aliae
912 2629 966 2688 per
988 2611 1110 2686 hiemes,
1124 2620 1158 2675 16

117 2699 221 2776 pensili
237 2707 455 2759 concamaratae
472 2697 559 2760 nodo.
593 2695 698 2756 aliae
689 2713 718 2755 nr
743 2713 795 2756 sua
812 2704 918 2754 tautam
933 2697 1116 2755 continentur

83 2804 109 2846 ao
120 2784 211 2842 anima
228 2782 294 2842 ollis
310 2782 444 2842 fictilibus
462 2790 491 2840 et
504 2782 621 2858 insuper
636 2780 721 2839 doliis
739 2778 884 2852 inclusae,
900 2779 1024 2856 stipatae
1035 2781 1115 2838 rina·

112 2867 179 2925 cels
195 2864 480 2925 circumsudautibus.
508 2864 570 2922 aliis
585 2866 705 2940 gratiam
721 2865 769 2942 qui
785 2871 814 2921 et
824 2863 898 2920 riuis
911 2862 1005 2921 iumus
1020 2863 1118 2922 adfert

117 2949 237 3010 fabrilis.
267 2966 342 3027 quae
364 2950 392 3006 in
414 2967 448 3008 ea
466 2947 559 3024 gloria
583 2949 740 3024 praecipua
757 2947 785 3006 in
800 2943 970 3005 fornacibus
983 2945 1113 3022 Africae,

117 3033 214 3094 Tiberi
239 3031 373 3094 Caesaris
395 3033 551 3102 auctoritas
576 3031 655 3090 iecit.
700 3039 766 3089 ante
792 3046 857 3088 eum
880 3029 1009 3089 Raeticis
1029 3029 1116 3128 prior

117 3135 216 3176 mensa
239 3125 300 3176 erat
321 3135 338 3175 e
359 3115 435 3176 villis
450 3113 671 3174 veroniensium
693 3131 774 3191 agro.
807 3113 875 3191 quin
895 3123 924 3174 et
945 3113 1114 3190 dpatientia

19 3235 20 3272 ι
80 3219 221 3267 aanomen
238 3200 326 3260 acinis
343 3199 425 3261 datur
440 3200 543 3278 passis.
577 3195 744 3258 Condantur
758 3206 896 3257 etmusto
910 3215 985 3257 urae
992 3197 1110 3274 i,psae·
1122 3205 1156 3260 11

118 3305 173 3364 que
186 3287 253 3345 vino
269 3301 321 3344 suo
335 3283 519 3344 inebriantur
545 3281 619 3342 aliae
631 3281 796 3342 (10101110
787 3297 815 3340 ιι
826 3290 921 3340 musto
933 3281 1113 3356 dulcescant,

118 3371 192 3430 aliae
212 3386 285 3429 vero
300 3367 432 3429 subolem
448 3384 549 3427 novam
569 3369 597 3426 in
612 3369 676 3444 ipsa
696 3375 787 3426 matre
806 3373 979 3444 exspectant
996 3363 1112 3423 traluci-

119 3454 172 3514 dae
188 3455 279 3530 vitro,
297 3453 432 3530 additque
447 3453 535 3512 acinis
549 3451 670 3511 eandem
686 3468 770 3529 ιιιιιιιιι
783 3450 813 3509 in
827 3449 913 3510 doliis
929 3447 1113 3527 amphorisve
1189 3514 1193 3525 Ι
