2542 3842
331 228 410 275 uns.
431 226 522 272 mss.
550 226 610 275 vn.
633 220 754 277 sna-so.
777 214 930 296 (so-st.)
1088 216 1129 278 35

131 382 204 441 datis
221 352 351 460 photinus
368 355 563 459 ehspiraturus
582 390 671 441 esset.
702 380 789 460 idque
806 382 846 442 ita
861 386 967 443 evenit.
999 382 1068 444 Post
1082 399 1128 443 se-

128 465 269 543 pulturam
295 480 411 543 quoque
432 466 558 523 visorum
580 465 713 543 exempla
735 472 815 541 sunt,
836 467 890 524 nisi
911 466 988 556 quod
1010 476 1128 527 naturae

128 564 235 627 opera,
252 566 309 607 non
325 547 475 624 prodigia,
498 557 708 608 consectamur.
1127 610 1131 617 ,

190 632 240 692 53.
266 632 349 710 (st.)
368 630 398 688 ln
411 632 509 709 primis
521 641 615 691 autem
626 631 766 691 miraculo
777 631 850 707 s'unt,
864 640 959 711 atqua
976 634 1110 711 frequen·
1120 644 1171 697 180

91 740 113 776 -5
127 718 176 791 tia,
186 723 296 774 mortes
306 717 474 793 repentinae
488 715 559 792 (hoo
572 724 617 774 est
626 734 733 776 summa
740 718 816 775 vitae
824 716 965 795 felicitas)
979 734 1049 795 quas
1061 734 1128 777 esse

129 799 267 860 naturalis
281 797 458 858 docebimus.
486 799 632 877 plurumas
648 800 773 877 prodidit
783 799 919 876 Verrius,
933 816 986 858 nos
1001 818 1064 860 cum
1079 801 1128 860 de-

127 884 206 942 lectu
221 882 334 942 modum
352 882 540 941 servabimus.
570 882 679 943 Caudio
702 885 803 943 obiere
825 892 943 963 praeter
966 880 1127 959 Chilonem,
1171 950 1173 953 ,

103 985 106 994 “
128 967 165 1026 de
187 982 243 1042 quo
265 966 404 1039 diximus,
425 965 592 1043 Sophocles
610 975 640 1025 et
655 966 812 1042 Dionysius
835 976 987 1043 tyrannus,
1006 974 1128 1047 uterque
1137 988 1170 1023 ne

128 1057 251 1127 accepto
271 1050 403 1125 tragicae
423 1050 564 1108 victoriae
587 1052 699 1125 nuntio,
717 1058 809 1110 mater
828 1050 878 1109 illa
904 1048 1048 1109 Cannensi
1069 1050 1128 1110 filio

92 1131 262 1192 raincolumi
278 1134 342 1191 viso
366 1140 465 1190 contra
488 1134 613 1192 nuntium
633 1133 747 1194 falsum.
781 1134 892 1211 pudore
914 1133 1060 1192 Diodorus
1083 1150 1128 1193 sa·

128 1219 253 1296 pientiae
274 1215 447 1275 dialecticae
467 1217 636 1293 professor,
654 1216 763 1276 lusoria
779 1218 948 1294 quaestione
966 1223 1022 1274 n'on
1037 1218 1126 1294 proti·

126 1317 178 1360 nus
197 1298 234 1358 ab
257 1300 486 1374 interrogatione
509 1299 649 1377 stilponis
671 1300 821 1359 dissoluta.
854 1298 949 1360 Nullis
972 1299 1109 1359 evidenti·
1118 1309 1169 1363 181

126 1386 179 1445 bus
203 1384 298 1443 causis
323 1382 442 1457 obiere,
465 1381 529 1441 dum
547 1383 705 1443 calciantur
721 1385 874 1458 matutino,
897 1384 953 1443 duo
971 1380 1127 1459 Caesares,

98 1480 101 1485 ’
127 1476 253 1549 praetor
262 1475 291 1525 et
307 1474 441 1544 praetura
457 1466 624 1543 perfunctus
647 1466 795 1527 dictatoris
816 1464 950 1526 Caesaris
965 1471 1063 1545 pater,
1080 1466 1128 1525 hic

92 1565 116 1605 rs
125 1552 199 1612 Pisis
222 1552 416 1624 exanimatus,
438 1549 488 1608 ille
509 1546 636 1625 Romae,
660 1549 695 1623 Q.
718 1550 824 1610 Fabius
845 1548 994 1610 Mammas
1017 1552 1044 1609 in
1060 1566 1127 1609 con·

127 1634 219 1695 sulatu
235 1650 288 1694 suo
303 1634 396 1711 pridie
412 1632 528 1692 kalend.
543 1632 708 1709 lanuarias,
724 1636 753 1693 iu
774 1634 853 1693 cuius
876 1628 971 1693 ldcum
987 1632 1020 1693 C.
1039 1632 1127 1694 liebi-

127 1720 183 1779 lius
203 1718 439 1796 paucissimarum
453 1716 588 1776 horarum
606 1717 785 1778 consulatum
806 1720 905 1795 petiit,
922 1721 990 1777 item
1007 1717 1039 1777 C.
1058 1716 1128 1776 Vol-

127 1804 219 1862 catius
231 1800 345 1877 Gurges
359 1808 487 1874 senator,
501 1819 600 1860 omnes
614 1802 688 1860 adeo
701 1804 761 1861 sani
775 1810 861 1881 atque
872 1803 1037 1880 tempestivi
1051 1812 1082 1861 ut
1091 1800 1127 1861 de

49 1915 51 1919 ·
126 1884 342 1965 progrediendo
358 1886 535 1961 cogitarent,
557 1884 592 1957 Q.
611 1883 886 1963 Aemiliushepidus
901 1889 955 1945 iam
973 1886 1128 1962 egrediens

91 1973 244 2029 acincusso
261 1968 371 2048 pollice
394 1969 482 2027 limini
506 1967 647 2044 cubiculi,
667 1966 699 2027 C.
719 1967 868 2028 hulustius
890 1986 1044 2045 egressus,
1063 1986 1126 2027 cum

126 2057 153 2113 in
175 2061 305 2112 senatum
325 2052 396 2127 iret,
421 2050 534 2110 olienso
554 2051 631 2129 pede
651 2054 679 2109 in
702 2053 826 2110 comitio.
862 2052 976 2127 legatus
994 2068 1109 2129 quoque
1119 2060 1168 2114 182

127 2139 179 2215 qui
190 2135 367 2195 Rhodiorum
383 2152 497 2193 causam
513 2134 540 2191 in
557 2143 655 2192 senatu
669 2140 771 2210 magna
787 2150 850 2192 cum
865 2136 1051 2193 admiratione
1063 2151 1126 2194 ora·

125 2230 208 2279 verat
218 2222 248 2279 in
259 2219 355 2278 limine
368 2219 465 2277 curiae
480 2218 610 2295 protinus
622 2219 780 2295 exspiravit
793 2217 932 2295 progredi
946 2216 1060 2292 volens,
1075 2216 1127 2277 Cn.

126 2304 235 2364 liebius
247 2301 412 2380 Tamphilus
422 2309 555 2380 praetura
567 2311 597 2359 et
609 2302 674 2378 ipse
687 2301 809 2377 iunctus,
826 2318 889 2361 curn
904 2318 919 2361 a
934 2316 1026 2379 puero
1039 2318 1126 2377 quac·

90 2401 117 2442 as
128 2391 217 2447 sisset
228 2387 332 2461 horas,
348 2386 439 2445 huius
455 2385 609 2464 Pompeius
623 2386 652 2443 in
668 2382 823 2463 Capitolio,
842 2404 905 2445 cum
920 2384 992 2444 deos
1007 2384 1128 2443 salutas-

127 2481 190 2546 set,
207 2468 255 2529 ll‘.
271 2470 416 2529 luventius
439 2468 547 2529 Thalna
569 2470 688 2565 consul,
708 2487 771 2528 curn
793 2470 984 2543 sacrificaret,
1009 2464 1042 2525 C.
1060 2466 1126 2526 Ser-

125 2556 212 2614 vilius
234 2554 342 2628 Pansa,
367 2572 429 2613 cum
453 2563 545 2613 staret
564 2555 592 2613 in
614 2554 679 2612 foro
702 2553 737 2612 ad
755 2553 903 2613 tabernam
925 2552 997 2612 bora
1018 2550 1075 2612 diei
1092 2550 1128 2611 ad

128 2638 285 2698 secundam
302 2640 329 2696 in
346 2638 377 2697 P.
394 2638 513 2697 Pansam
535 2638 651 2697 hatrem
666 2639 794 2713 innixus,
815 2636 922 2696 Bebius
941 2634 1043 2709 iudex,
1063 2636 1128 2695 dum

129 2720 320 2781 vadimonium
335 2721 443 2781 differri
459 2720 555 2795 iubet,
573 2720 611 2779 hl.
628 2720 780 2779 Terentius
797 2717 907 2794 Corax,
925 2720 990 2777 dum
1004 2720 1128 2779 tabellas

93 2816 122 2857 ³⁰
135 2805 235 2865 scribit
254 2806 283 2864 in
303 2806 378 2864 iuro.
410 2822 537 2863 necnon
554 2813 583 2863 et
604 2820 746 2882 proxumo
768 2818 856 2878 anno,
879 2804 943 2863 dum
965 2803 1171 2867 consulari'183

129 2891 193 2948 viro
209 2892 237 2948 in
253 2906 350 2947 aurern
367 2887 445 2961 dicit,
462 2904 554 2965 eques
568 2887 713 2947 Romanus
730 2896 795 2946 ante
809 2886 974 2964 Apollinem
991 2884 1129 2945 eboreum
1147 2880 1154 2889 ’

131 2975 180 3051 qui
198 2982 244 3032 est
258 2974 286 3031 iu
297 2968 363 3032 ioro
374 2971 506 3047 Augusti.
536 2988 626 3049 super
644 2972 734 3029 omnis
753 2967 785 3027 C.
803 2970 892 3029 lulius
906 2968 1046 3044 medicus,
1063 2969 1128 3029 dum

128 3058 275 3134 inunguit,
295 3054 446 3133 specillum
462 3072 516 3132 per
532 3055 647 3113 oculum
662 3055 793 3128 trahens,
810 3054 901 3112 Aulus
919 3050 1040 3112 hlanlins
1058 3048 1128 3111 Tor·

132 3150 234 3217 quates
251 3140 426 3213 consularis,
444 3156 507 3197 cum
521 3140 550 3196 in
563 3155 634 3196 cena
651 3138 813 3215 placentam
829 3138 991 3215 adpeteret,
1007 3134 1037 3194 h.
1054 3134 1128 3195 Tuc-

64 3215 69 3227 '
92 3241 120 3284 ss
132 3224 194 3281 cius
207 3224 336 3283 medicus
351 3220 445 3296 Valla,
457 3221 522 3281 dum
536 3220 619 3279 mulsi
634 3222 780 3297 potionem
793 3220 897 3296 haurit,
910 3220 964 3299 hp.
982 3218 1126 3294 Saufeius,

132 3305 276 3367 ebalineo
290 3322 426 3365 reversus
439 3322 502 3363 curn
515 3304 635 3363 mulsum
647 3303 768 3362 bibisset
783 3321 925 3382 ovumque
940 3302 1082 3377 sorberet,
1095 3302 1125 3361 P.

131 3387 408 3467 QuintiusScapula,
419 3406 481 3447 curn
493 3388 567 3467 apud
580 3387 722 3465 Aquilium
734 3386 844 3447 Callum
857 3384 1128 3459 cenaret,Decimus

131 3473 267 3534 Saufeius
279 3472 385 3548 scriba,
399 3489 462 3531 cum
475 3470 550 3531 domi
567 3488 635 3530 suae
650 3470 828 3569 pranderes
843 3470 994 3611 Cornplius
1012 3465 1171 3529 Callus184
