2542 3842
97 251 105 265 ,
164 189 204 252 82
515 200 545 247 o.
568 200 834 248 rn1u1sucuno1
873 166 876 171 ¹

165 371 281 436 quoquc
298 352 389 432 ipsius
405 369 538 413 mensura
554 355 651 415 veniat
664 354 699 413 ad
714 353 830 430 digitos.
850 363 970 432 quantas
983 354 1057 413 enim
1069 355 1156 414 dime-

164 440 239 497 tiens
254 435 359 496 haheat
375 445 533 515 septunce,
549 446 642 497 tantas
653 436 763 496 hahere
776 438 915 497 circulum
933 439 989 497 duo
1011 447 1040 497 ot
1053 438 1157 496 vicesi-

163 538 240 594 mas,
262 527 404 598 tamqnam
420 519 506 598 plane
524 538 540 579 a
562 519 773 602 perpendiculo
790 538 923 580 mensura
939 521 1014 580 caeli
1036 528 1156 580 constet.

121 604 309 681 sohegyptia
324 604 409 678 ratio,
428 621 511 681 quam
523 602 664 662 Petosiris
679 613 708 663 et
723 601 900 685 Nechepsos
915 603 1084 678 ostendere,
1103 604 1156 661 sin·

163 686 246 763 gulas
262 688 351 763 partis
365 687 393 744 in
408 686 499 745 lunari
515 686 624 744 circulo
644 687 689 762 (ut
704 685 809 745 dictum
825 688 885 765 est)
907 688 1030 746 minumo
1045 688 1178 763 trigintas

162 768 253 829 trihus
270 769 368 828 stadiis
384 769 471 847 paulo
486 767 608 846 amplius
622 777 724 845 patere
739 769 860 844 colligit,
878 771 906 827 in
918 771 1032 829 Saturni
1044 769 1158 847 amplis·

131 874 154 906 aa
167 855 238 912 simo
256 852 381 929 duplum,
398 852 426 908 in
442 850 523 925 solis,
542 868 627 928 quern
642 850 765 909 medium
781 869 850 910 esse
866 851 997 926 diximus,
1014 855 1159 929 utriusque

165 953 317 996 mensurae
338 932 492 993 dimidium.
517 951 591 1011 quae
608 934 774 1010 conputatio
791 934 951 1010 plurumum
966 934 1054 994 hahet
1069 936 1177 1013 pudo·

165 1022 215 1093 ris,
232 1016 363 1095 quoniam
378 1015 414 1075 ad
430 1017 543 1075 Saturni
559 1015 696 1076 circulum
712 1016 809 1075 addito
825 1017 954 1095 signiferi
969 1018 1060 1095 ipsius
1074 1019 1159 1077 inter·

165 1102 243 1162 vallo
260 1117 316 1159 nec
331 1098 518 1158 numerabilis
534 1100 735 1180 multiplicatio
752 1099 885 1160 eflicitur.
1170 1111 1194 1150 ¹⁰

122 1206 157 1260 39
224 1182 273 1243 24.
301 1181 384 1262 (22.)
400 1181 520 1243 Restant
542 1200 635 1262 pauca
657 1183 693 1243 dc
718 1184 833 1244 mundo.
859 1203 983 1264 namque
1001 1192 1030 1243 et
1052 1184 1160 1261 inipso

167 1266 250 1327 caelo
274 1266 377 1325 stellae
399 1275 522 1345 repente
547 1276 711 1327 nascuntur.
744 1266 828 1327 Plura
846 1286 943 1343 earum
960 1284 1079 1343 genera.
1111 1265 1160 1325 25.

168 1350 304 1410 Cometes
321 1348 425 1409 Graeci
440 1359 545 1410 vocant
568 1351 675 1428 (nostri
691 1351 824 1427 crinitas)
839 1349 984 1409 horrentis
1002 1351 1082 1408 crine
1098 1367 1161 1408 san·

166 1434 270 1510 guineo
294 1440 323 1489 et
345 1448 489 1491 comarum
510 1433 596 1493 modo
617 1435 646 1491 in
670 1434 808 1491 verticem
835 1431 974 1509 hispidas.
1002 1432 1087 1491 iidem
1109 1448 1160 1508 po·

166 1516 267 1592 gonias
289 1513 392 1591 quihus
413 1514 551 1573 inferiore
568 1532 605 1573 ex
630 1523 713 1591 parte
734 1516 761 1572 in
777 1515 907 1591 speciem
922 1514 1031 1573 barbae
1056 1515 1197 1589 longaeac

166 1597 338 1678 promittitur
353 1596 428 1656 iuba.
462 1596 603 1657 Acontiae
626 1595 712 1657 iaculi
733 1598 819 1655 modo
841 1596 997 1655 vibrantur.
1025 1597 1161 1654 ocissimo

166 1681 327 1759 significatu
344 1679 418 1738 haec
435 1680 486 1739 luit
502 1679 538 1739 de
564 1697 619 1757 qua
635 1680 734 1757 quinto
761 1680 910 1739 consulatu
932 1695 985 1738 suo
1007 1676 1087 1739 Titus
1112 1679 1162 1737 irn-

163 1772 285 1841 perator
302 1758 411 1821 Caesar
434 1761 587 1840 praeclaro
610 1764 736 1822 carmine
751 1763 924 1840 perscripsit
939 1762 975 1821 ad
996 1762 1071 1821 hunc
1086 1760 1163 1820 diem

166 1846 320 1905 novissime
336 1844 407 1904 visa.
432 1844 557 1905 Easdem
572 1845 727 1924 breviores
744 1856 774 1905 et
789 1846 818 1903 in
832 1862 997 1906 mucronem
1012 1845 1164 1921 fastigatas

165 1928 279 2007 xiphias
303 1944 467 2003 vocavere,
497 1944 571 2005 quae
594 1937 659 1987 sunt
681 1930 802 1988 omnium
821 1927 1028 2008 pallidissimae
1046 1936 1077 1986 et
1092 1944 1200 2005 quo-ao

166 2014 230 2072 dam
251 2010 329 2087 gladi
354 2010 447 2070 nitore
467 2028 502 2070 ac
526 2011 588 2070 sine
609 2009 676 2069 ullis
695 2012 798 2087 radiis,
826 2028 899 2089 quos
915 2020 945 2070 et
960 2011 1091 2087 discens,
1113 2027 1164 2069 no

165 2095 232 2153 mini
248 2093 363 2167 similis,
390 2094 491 2153 colore
513 2102 609 2153 autem
631 2093 761 2170 electro,
782 2112 866 2153 raros
882 2095 1039 2172 emargine
1053 2095 1163 2153 emittit.

125 2178 283 2241 90Pitheus
307 2176 448 2237 doliorum
470 2178 596 2237 cernitur
617 2177 708 2254 ligura
728 2179 757 2237 in
778 2195 907 2238 concavo
930 2178 1054 2238 fumidae
1080 2176 1164 2235 lucis.

170 2258 299 2321 Ceratias
315 2276 419 2320 cornus
436 2262 565 2338 speciem
579 2259 678 2335 habea
696 2262 788 2339 qualis
803 2261 856 2321 tuit
872 2279 935 2321 cum
951 2260 1072 2320 Graecia
1088 2258 1165 2337 apud

168 2343 309 2403 Salamina
325 2342 509 2419 depugnauit.
537 2342 708 2419 lampadias
723 2344 851 2403 ardentis
866 2344 988 2402 imitatur
1002 2343 1086 2414 lacis,
1103 2341 1164 2417 hip·
1175 2360 1202 2400 aa

167 2442 241 2501 peus
257 2423 378 2500 equinas
394 2423 485 2495 iubas,
504 2422 648 2481 celerrimi
663 2434 757 2481 motus
772 2434 858 2501 atque
875 2426 904 2482 in
919 2423 1020 2481 orbem
1036 2424 1114 2481 circa
1132 2440 1166 2481 se

169 2506 271 2565 euntis.
298 2502 343 2561 Fit
359 2512 388 2563 et
405 2504 542 2563 candidus
557 2512 689 2563 cometes
704 2513 845 2580 argenteo
862 2507 942 2564 crine
960 2506 998 2564 ita
1014 2502 1167 2579 refulgens

168 2597 198 2646 ut
214 2587 264 2645 vix
282 2587 411 2644 contueri
429 2586 526 2659 liceat,
544 2586 705 2663 specieque
720 2584 842 2647 humana
859 2588 930 2665 [dei]
948 2587 1076 2663 effigiem
1090 2587 1119 2644 in
1132 2604 1166 2644 se

168 2670 336 2729 ostendens.
367 2667 450 2727 Fiunt
466 2677 495 2728 et
510 2667 575 2728 hirti
592 2668 727 2727 villorum
743 2671 844 2746 specie
863 2678 892 2728 et
907 2668 984 2729 nube
999 2670 1094 2746 aliqua
1109 2670 1165 2728 eir·

169 2751 300 2810 cumdati.
331 2751 430 2810 Semel
455 2751 548 2811 adhuc
568 2750 654 2810 iubae
677 2751 791 2827 efligies
812 2760 917 2812 mutata
938 2754 966 2810 in
982 2751 1093 2810 hastam
1109 2755 1205 2827 est,ao

170 2832 341 2911 Olympiade
358 2831 465 2907 cvm,
489 2833 568 2891 urhis
589 2850 663 2892 anno
681 2830 860 2894 ccccvtlt.
890 2833 1093 2894 Brevissimum
1109 2851 1168 2912 quo

168 2925 358 2975 cernerentur
375 2916 497 2996 spatium
509 2915 564 2975 Vll
581 2916 692 2975 dierum
707 2918 870 2977 adnotatum
887 2925 948 2991 est,
970 2916 1169 2992 longissimum

129 3095 162 3147 91
235 3078 319 3156 (23.)
336 3079 488 3140 lloventur
509 3089 602 3140 autem
619 3079 695 3139 aliae
719 3082 871 3139 errantium
897 3081 1000 3155 modo,
1029 3080 1103 3139 aliae
1126 3082 1168 3138 in-

173 3160 296 3222 mobiles
311 3159 446 3237 haerent,
465 3179 565 3222 omnes
581 3164 674 3222 lerme
690 3162 742 3221 suh
760 3163 826 3240 ipso
842 3164 1058 3241 septentrione,
1072 3162 1168 3239 aliqua
1178 3174 1212 3219 aa

174 3247 236 3304 eius
258 3251 342 3322 parte
365 3252 537 3320 concerta,
565 3244 617 3304 sed
642 3262 773 3303 maxume
798 3246 826 3303 in
850 3245 971 3326 candida
987 3249 1062 3323 quae
1080 3245 1169 3303 lactei

174 3325 277 3385 circuli
287 3342 392 3383 nomen
403 3327 527 3402 accepit.
550 3322 729 3393 Aristoteles
738 3327 823 3386 tradit
838 3336 868 3387 et
879 3328 961 3388 simul
972 3327 1063 3405 pluris
1075 3326 1168 3398 cerni,

174 3408 278 3466 nemini
294 3415 463 3485 conpertum
477 3407 570 3485 alteri,
588 3409 665 3487 quod
682 3409 817 3486 equidem
832 3410 930 3469 sciam.
954 3417 1057 3468 ventos
1074 3416 1170 3468 autem
