2542 3842
179 201 238 263 196
501 210 531 259 c.
552 209 648 258 rnrnr
669 207 817 257 sncunnr

134 366 205 434 crin
219 364 335 440 Libyam
355 372 494 424 remotum
515 382 531 425 a
549 363 673 423 humine.
712 363 778 423 dein
793 362 947 423 Ptolemais
970 372 999 422 et
1013 361 1168 442 Panopolis
1188 389 1190 396 ·

176 468 211 510 ac
224 448 349 508 Veneris
369 450 487 522 iterum,
510 456 539 507 et
559 448 588 505 in
608 446 718 521 Libyco
735 447 848 524 Lycen,
870 447 919 506 uhi
938 456 1050 508 montes
1071 448 1169 508 liniunt

177 532 362 593 Thebaidem.
400 531 436 590 ab
458 532 493 589 iis
514 530 621 610 oppida
641 530 782 608 Mercuri,
803 530 994 607 Alabastron,
1017 528 1169 592 canumet

147 635 265 696 aosupra
285 617 388 676 dictum
403 614 545 676 Herculis.
583 614 687 676 deinde
703 615 842 674 Arsinoes
859 633 893 675 ac
913 616 969 675 iam
990 615 1065 675 dicta
1080 615 1167 675 Mem·

175 701 257 780 phis,
282 701 357 759 inter
373 717 456 778 quam
472 706 502 757 et
513 698 679 758 Arsinoiten
693 717 799 758 nomon
816 701 844 758 in
857 698 965 774 Libyco
983 704 1076 759 turres
1093 717 1191 778 quaes

75 818 83 828 ·
176 784 341 863 pyramides
363 791 516 857 vocamur,
538 781 716 855 labyrinthus
740 781 911 842 e'lloeridis
931 783 995 842 lacn
1018 782 1097 843 nullo
1119 783 1167 842 ad-

176 869 234 929 dito
251 868 329 944 ligno
346 866 551 927 exaedificatas
565 874 594 924 et
609 865 743 942 oppidum
755 862 881 925 Crialon.
916 885 1000 925 unum
1016 875 1166 946 praeterea

175 952 251 1012 intus
272 961 302 1011 et
322 949 448 1010 Arabiae
472 949 677 1010 conterminum
698 949 833 1009 claritatis
855 967 991 1026 magnae,
1020 951 1098 1010 Solis
1116 966 1166 1030 op-

197 1035 281 1096 idum.

135 1052 195 1183 obp
263 1119 311 1179 to.
334 1117 393 1178 Sed
413 1118 474 1176 iure
490 1115 621 1177 laudetur
638 1118 666 1176 in
681 1117 767 1177 litore
782 1115 920 1196 Aegyptii
938 1118 1023 1176 maris
1038 1118 1165 1179 Alexan·
1178 1140 1204 1180 ro

74 1191 78 1200 ’
177 1202 237 1262 dria
257 1221 273 1262 a
294 1201 399 1278 hlagno
420 1200 586 1261 Alexandro
611 1201 725 1262 condita
747 1203 776 1261 in
794 1201 912 1262 Africae
931 1211 1011 1279 parte
1034 1200 1069 1261 ab
1091 1204 1165 1261 ostio

178 1284 325 1346 Canobico
345 1284 400 1344 Xll
416 1285 445 1344 Μ
464 1304 598 1363 passuum
616 1287 695 1347 iuxta
711 1285 861 1345 Mareotim
881 1285 991 1361 lacum,
1016 1287 1064 1364 qui
1084 1285 1166 1345 locus

177 1380 260 1430 antea
281 1369 428 1428 Rhacotes
448 1368 652 1430 nominabatur.
695 1377 817 1429 metatus
839 1377 884 1428 est
905 1387 967 1428 eam
987 1368 1167 1429 Dinochares

177 1455 350 1513 architectus
371 1451 500 1532 pluribus
519 1454 612 1512 modis
632 1451 810 1512 memorabili
827 1453 959 1529 ingenio,
986 1450 1040 1511 XV
1053 1451 1091 1511 Μ
1101 1471 1166 1532 pas-

178 1555 258 1596 snum
272 1535 400 1601 laxitate
426 1536 537 1594 insessa
561 1536 598 1594 ad
625 1535 752 1612 elligiem
772 1534 977 1596 Macedonicae
1009 1535 1165 1610 chlamydis
1178 1559 1204 1600 15

179 1618 250 1678 orbe
279 1628 381 1716 gyrato
408 1618 603 1694 laciniosam,
621 1620 723 1680 dextra
760 1619 901 1697 laevaque
929 1619 1069 1696 anguloso
1097 1637 1165 1698 pro·

136 1713 278 1777 obcursu,
300 1704 355 1761 ianr
372 1711 429 1760 tum
449 1712 543 1761 tamen
560 1702 656 1780 quinta
677 1703 747 1762 situs
762 1712 844 1791 parte
859 1705 958 1780 regiae
974 1703 1076 1763 dicata
1106 1701 1164 1768 Ma·

176 1786 266 1845 rectis
284 1783 363 1844 lacus
379 1785 414 1845 ad
441 1786 595 1845 meridiana
622 1784 699 1845 urhis
726 1794 835 1864 partem
857 1790 957 1865 euripo
980 1805 996 1846 c
1018 1784 1164 1846 Canobico

178 1869 253 1929 ostio
268 1869 349 1926 mittit
364 1887 402 1928 ex
416 1869 628 1929 mediterraneo
644 1871 824 1946 conmereio,
848 1871 954 1930 insulas
970 1887 1086 1949 quoque
1101 1870 1164 1947 plu·

176 1954 217 2012 ris
233 1951 395 2029 amplexus,
419 1950 501 2012 XXX
516 1951 545 2010 Μ
558 1971 693 2032 passuum
708 1956 844 2029 traiectu,
863 1952 908 2013 ct
924 1954 1044 2030 ambitu,
1064 1961 1093 2012 ut
1108 1962 1165 2014 tra·
1176 1975 1204 2016 ιο

178 2037 218 2097 dit
241 2033 376 2102 Claudius
402 2033 519 2099 Caesar.
555 2037 603 2097 alii
623 2037 770 2098 schoenos
789 2039 817 2097 in
840 2035 1043 2115 longitudinem
1064 2044 1167 2115 patere

177 2119 226 2178 Xh
246 2119 368 2196 faciunt,
392 2120 608 2200 schoenumque
627 2123 717 2183 stadia
731 2119 828 2198 XXX,
849 2123 888 2182 ita
907 2123 968 2181 lieri
983 2119 1168 2198 longitudinis

135 2202 223 2268 6101
237 2202 267 2262 Μ
288 2221 377 2281 pass,
392 2204 564 2265 tantumdem
581 2215 611 2266 et
625 2206 789 2267 latitudinis.
827 2207 897 2266 Sunt
912 2207 940 2264 in
955 2205 1067 2265 honore
1082 2213 1111 2264 et
1125 2205 1167 2264 in·

177 2297 219 2347 tra
244 2287 382 2347 decursus
410 2287 468 2347 Nili
496 2289 583 2348 multa
610 2291 733 2367 oppida,
764 2290 921 2368 praecipue
951 2307 1024 2367 quae
1054 2289 1167 2348 nomina

177 2371 259 2430 ostiis
273 2370 396 2445 dedere,
413 2387 470 2428 non
490 2371 619 2429 omnibus
636 2370 706 2449 (Xll
723 2372 796 2430 enirn
810 2372 1001 2448 reperiuntur,
1019 2389 1205 2450 superquese

178 2461 310 2531 quattuor
326 2468 399 2528 quae
414 2454 470 2528 ipsi
485 2451 558 2511 lalsa
576 2469 627 2511 era
646 2452 821 2529 appellant),
837 2453 889 2513 sed
907 2453 1104 2514 celeberrimis
1120 2471 1167 2514 se·

177 2544 278 2613 ptem,
308 2549 447 2610 proxumo
480 2532 673 2592 Alexandriae
710 2533 887 2610 Canohieo,
912 2535 977 2595 dein
1007 2536 1167 2614 Bolbitino,

178 2616 388 2692 Sebennytico,
416 2615 591 2690 Phatnitico,
620 2614 803 2691 Mendesion,
837 2615 981 2690 Tanitico,
1008 2618 1168 2695 ultimoque

177 2700 337 2761 Pelusiaco.
400 2707 552 2779 praeterea
582 2698 686 2774 Butos,
720 2696 931 2776 Pharbaethos,
966 2701 1167 2780 Leontopolis,

176 2783 321 2859 Athribis,
352 2782 436 2843 Isidis
456 2782 606 2862 oppidum,
628 2781 754 2858 Busiris,
778 2779 952 2860 Cynopolis,
973 2783 1164 2861 Aphrodites,
1176 2811 1204 2852 ιο

177 2868 259 2944 Sais,
288 2866 455 2943 Naucratis,
480 2865 555 2927 unde
580 2866 682 2925 estium
702 2866 814 2944 quidam
834 2865 1053 2928 Naucratiticum
1075 2871 1167 2928 nomi·

177 2959 243 3010 naut
261 2951 339 3030 quod
361 2952 409 3012 alii
424 2949 674 3026 Heracleoticum,
698 2945 844 3010 Ganobico
868 2951 913 3009 cui
930 2969 1098 3029 proxumum
1120 2961 1168 3060 est

176 3033 385 3174 praeferentes.

135 3124 168 3179 65
264 3117 420 3196 11.(12.)
449 3117 529 3178 Ultra
557 3116 737 3177 Pelusiacum
763 3089 869 3177 Arabia
897 3117 1167 3194 ausoniorum

176 3195 254 3259 mar'e
275 3201 421 3276 pertinens
446 3209 475 3258 et
502 3199 676 3260 odoriferam
702 3200 780 3262 illam
804 3218 838 3260 ac
864 3199 979 3262 divitem
1005 3212 1034 3263 et
1060 3202 1205 3264 beataeee

179 3281 349 3356 cognomine
370 3282 513 3342 inclutam.
550 3281 631 3343 llaec
653 3282 837 3345 Cattabanum
861 3293 890 3343 et
914 3283 1114 3346 Esbonitarnm
1137 3293 1167 3344 et

177 3364 353 3430 Scenitarum
370 3363 496 3424 Arabum
510 3374 640 3441 vocatur,
650 3360 772 3442 sterilis,
789 3375 988 3445 praeterquam
1004 3367 1051 3428 ubl
1063 3367 1168 3442 Syriae

179 3445 300 3506 confinia
322 3447 450 3533 attingit,
472 3466 527 3508 nec
546 3449 600 3508 nisi
617 3446 707 3510 Casio·
718 3457 812 3510 monte
830 3448 943 3510 nobilis.
985 3451 1034 3510 llis
1050 3448 1166 3510 Arabes
