2542 3842
306 179 312 197 ,
358 136 437 181 nnn.
454 100 544 181 orsu.
561 136 594 181 x.
612 132 730 185 ss-so.
746 123 896 202 (τε-80.)
1063 126 1121 186 149

105 350 108 355 .
130 290 246 367 gallinis
264 288 437 350 subiciantur
453 254 620 349 incubanda.
654 306 748 347 mares
770 306 804 347 ea
828 290 961 365 frangunt
975 291 1122 351 desiderio

130 372 329 433 incubantium.
361 382 537 451 quapropter
559 382 645 431 noctu
666 382 695 431 et
715 374 743 431 in
765 372 884 431 latebris
908 375 1020 450 pariunt
1034 378 1122 435 autin

130 456 424 530 excelsocubantcs,
456 466 486 515 et
507 457 561 515 uisi
587 456 668 516 molli
689 460 778 515 strato
802 466 926 533 excepta
944 457 1120 535 franguntur.

130 560 224 601 mares
240 539 343 616 singuli
359 539 451 616 quinis
476 538 618 611 sufficiunt
642 540 831 615 coniugibus..
850 557 914 598 cum
929 542 1059 617 singulae
1075 553 1123 602 aut

108 625 215 684 sbinae
226 624 319 697 luere,
339 625 529 701 corrumpitur
541 624 688 683 salacitate
704 622 874 683 fecunditas.
911 634 1009 701 partus
1024 628 1122 712 eupolu-

130 710 206 783 ditur
219 706 320 767 diebus
331 715 380 765 ter
394 709 530 781 novenis,
548 718 595 766 aut
615 708 722 767 tardius
739 707 895 766 tricesimo.
925 707 1054 768 Anseres
1073 714 1101 770 in
1114 722 1163 773 162

130 810 204 869 aqua
220 798 340 865 coeunt,
358 792 472 869 pariunt
488 810 558 849 vere
574 801 638 865 aut,
654 793 678 848 si
695 790 793 849 bruma
809 792 928 863 coiere,
944 801 1012 869 post
1026 795 1121 853 solsti-

71 872 80 893 ⁸
130 877 208 949 tium,
232 874 417 953 quadraginta
433 892 537 953 prope,
554 874 599 934 bis
615 891 699 949 anno,
712 876 736 932 si
750 876 876 951 priorem
893 874 981 934 letum
996 872 1121 952 gallinae

131 957 293 1033 excludant,
310 957 381 1017 alias
397 958 525 1034 pluruma
542 976 596 1017 ova
609 959 746 1033 sedecim,
764 960 934 1035 paucissima
949 967 1070 1036 septem.
1097 963 1122 1019 si

95 1056 120 1099 ro
132 1044 194 1119 quis
213 1040 363 1119 subripiat,
383 1044 495 1119 pariunt
515 1042 608 1101 donec
629 1050 802 1119 rumpantur.
832 1041 925 1100 aliena
949 1058 1007 1100 non
1024 1044 1121 1103 exclu-

131 1126 207 1187 dunt.
238 1124 394 1185 incubanda
410 1124 502 1183 subici
518 1126 696 1184 utilissimum
715 1142 819 1183 novem
834 1134 881 1183 aut
896 1127 1035 1185 undecim.
1064 1129 1163 1191 ih·163

131 1208 235 1268 cubant
249 1209 371 1268 feminae
386 1219 491 1269 tantum
507 1210 624 1268 tricenis
636 1209 748 1283 diebus,
764 1210 788 1266 si
799 1225 872 1267 vcro
886 1211 1045 1285 tepidiores
1056 1213 1121 1286 sint,
1176 1255 1181 1267 ,

131 1294 230 1369 viginti
245 1294 379 1370 quinque.
410 1292 496 1370 pullis
512 1310 609 1351 eorum
626 1294 717 1351 urtica
739 1300 871 1351 contacto
886 1293 1050 1368 mortifera,
1067 1310 1122 1353 nec

130 1379 219 1437 minus
235 1376 366 1451 aviditas,
382 1394 457 1437 nunc
471 1378 603 1435 satietate
618 1376 712 1449 nimia,
733 1393 807 1433 nunc
822 1386 931 1435 suamet
946 1380 985 1450 vi,
1009 1378 1122 1454 qnando

95 1482 120 1521 ru
130 1454 312 1539 adprehensa
326 1460 424 1519 radice
437 1477 533 1519 morsu
549 1478 639 1539 saepe
656 1470 792 1519 conantes
810 1458 949 1533 avellere,
966 1469 1030 1519 ante
1046 1459 1122 1520 colla

130 1562 181 1603 sua
196 1544 503 1621 abrumpunt‹·contra
524 1546 641 1604 urticam
666 1544 823 1603 remedium
843 1552 888 1601 est
908 1551 1061 1602 stramento
1085 1544 1121 1602 ab
1194 1571 1197 1578 1

130 1627 255 1687 incubitu
271 1627 384 1704 subdita
399 1627 480 1686 radin
499 1645 605 1687 earum.

192 1712 241 1773 60.
265 1710 446 1773 Ardiolarum
462 1712 515 1771 tria
531 1730 655 1788 genera:
672 1712 786 1785 leucon,
802 1711 933 1784 amarias,
946 1711 1053 1789 pellos.
1079 1712 1165 1775 hildi

129 1797 157 1853 iu
179 1797 255 1854 coitu
276 1805 424 1872 anguntur.
456 1813 550 1855 mares
574 1796 688 1874 quidem
703 1812 766 1854 cum
780 1794 941 1855 vociferatu
956 1798 1123 1873 sanguinem

89 1895 119 1951 ao
131 1881 215 1937 etiam
233 1898 271 1937 ex
287 1879 380 1938 oculis
395 1880 575 1956 profundunt.
612 1898 667 1939 neo
688 1882 777 1938 minus
792 1896 881 1957 aegre
902 1881 1014 1956 pariunt
1028 1882 1121 1955 gravi·

130 1961 194 2020 dae.
215 1960 319 2037 Aquila
339 1963 455 2020 tricenis
473 1962 573 2021 diebus
592 1963 763 2035 incu'bat,.et
779 1962 843 2020 iere
862 1962 986 2021 maiores
1008 1963 1103 2036 alites,
1114 1973 1163 2025 165

131 2046 254 2102 minores
271 2044 397 2117 vicenis,
414 2053 444 2101 ut
458 2044 560 2101 milvos
577 2054 606 2103 et
621 2046 769 2121 accipiter.
804 2044 932 2119 singulos
955 2046 1018 2105 lere
1037 2048 1120 2122 parit,

130 2144 280 2203 numquam
296 2125 360 2203 plus
375 2135 484 2185 ternos.
504 2128 527 2184 is
549 2130 595 2203 qui
614 2128 747 2203 aegolios
763 2136 884 2185 vocatur
905 2135 934 2184 et
957 2137 1122 2204 quaternos,

132 2226 238 2269 corvos
252 2208 403 2286 aliquando
420 2218 448 2268 et
464 2212 576 2288 quinos.
607 2210 741 2269 incubant
761 2210 880 2269 totidem
901 2208 1012 2268 diebus.
1050 2210 1122 2269 (ior-

95 2296 223 2353 asnicem
239 2292 419 2352 incubantem
434 2310 494 2351 mas
512 2295 612 2370 pascit.
643 2294 865 2368 Picanovenos,
882 2292 1122 2370 melancoryphus
1230 2303 1233 2307 ’

130 2392 216 2453 supra
231 2378 350 2435 vicenos
370 2378 461 2454 parit,
478 2393 594 2453 semper
618 2395 735 2436 numero
750 2378 859 2455 inpari,
877 2394 933 2435 nec
946 2376 1003 2435 alia
1023 2377 1122 2454 pluris.

130 2469 208 2519 tanto
224 2459 386 2537 fecunditas
402 2462 491 2519 maior
506 2462 621 2539 parvis·
640 2460 788 2538 llirundini
803 2463 883 2521 caeci
897 2462 988 2538 primo
1007 2460 1078 2539 pulli
1095 2471 1124 2518 et

129 2545 191 2603 iere
208 2544 337 2603 omnibus
353 2543 455 2622 quibus
471 2547 650 2603 numerosior
665 2545 748 2620 letas.
1132 2562 1138 2571 ·

194 2627 276 2707 (80.)
300 2627 386 2687 lnrita
402 2645 474 2703 ova,
499 2646 573 2705 quae
589 2629 759 2707 hypenemia
783 2628 992 2699 diximuspaut
1011 2636 1106 2686 mutua
1115 2637 1165 2690 166

95 2711 253 2769 salaminae
272 2713 345 2770 inter
374 2730 406 2771 se
431 2711 554 2772 libidinis
578 2714 780 2789 imaginatione
806 2710 970 2787 concipiunt
989 2721 1037 2769 aut
1051 2710 1156 2788 pul-¹⁸⁰

129 2811 211 2868 vere,
227 2812 283 2853 nec
299 2793 451 2853 columbae
465 2804 580 2870 tantum,
598 2796 649 2855 sed
667 2806 695 2854 et
709 2796 846 2871 gallinae,
867 2792 1020 2870 perdices,
1036 2811 1123 2870 pauo·

130 2895 193 2951 nes,
210 2895 347 2951 anseres,
368 2877 591 2955 chenalopeces.
632 2888 697 2937 sunt
718 2888 812 2937 autem
837 2876 945 2935 sterilia
969 2885 999 2933 et
1014 2878 1124 2937 minora

130 2979 164 3021 ac
181 2960 272 3021 minus
296 2960 408 3021 iucundi
430 2962 542 3038 saporis
566 2970 594 3020 et
608 2962 699 3038 magis
715 2962 817 3020 umida.
850 2960 962 3039 qnidam
985 2968 1017 3018 et
1037 2970 1123 3019 vento

130 3054 229 3122 patant
246 3046 440 3121 sagenarum,
457 3063 511 3124 qua
528 3046 564 3104 de
582 3063 666 3104 causa
679 3047 764 3104 etiam
775 3043 913 3122 zephyria
932 3042 1122 3123 appellantur.

96 3148 121 3186 ss
130 3130 209 3187 urina
225 3138 319 3187 autem
335 3145 406 3185 vere
418 3138 523 3188 tantum
540 3127 608 3187 liunt
618 3128 799 3187 incubatione
817 3127 968 3201 derelicta,
987 3144 1061 3205 qnae
1077 3127 1123 3185 alir

132 3228 273 3285 cynosura
283 3212 392 3271 dixere.
410 3210 470 3271 Ova
483 3222 567 3287 aceto
579 3221 721 3271 macerata
735 3213 763 3269 in
774 3220 879 3271 tantum
890 3206 1165 3274 emolliunturntlhi

130 3310 183 3370 per
200 3295 300 3355 anulos
316 3304 469 3354 transeant.
497 3298 606 3355 servari
629 3314 663 3355 ea
679 3296 707 3353 in
721 3296 848 3356 lomento
863 3305 911 3355 ant
925 3295 1019 3353 hieme
1030 3296 1059 3351 in
1073 3309 1123 3371 pa-

129 3376 194 3453 leis,
202 3388 315 3437 aestate
325 3380 353 3437 in
367 3370 522 3439 furfuribus
530 3379 720 3461 utilissimum.¹
737 3380 799 3439 sale
810 3378 948 3438 exinaniri
959 3378 1121 3437 creduntur.
