<?xml version="1.0" encoding="UTF-8"?>
<!DOCTYPE html PUBLIC "-//W3C//DTD XHTML 1.0 Transitional//EN"
    "http://www.w3.org/TR/xhtml1/DTD/xhtml1-transitional.dtd">
<html xmlns="http://www.w3.org/1999/xhtml" xml:lang="en" lang="en">
 <head>
  <title>
</title>
<meta http-equiv="Content-Type" content="text/html;charset=utf-8" />
  <meta name='ocr-system' content='tesseract 3.04.00' />
  <meta name='ocr-capabilities' content='ocr_page ocr_carea ocr_par ocr_line ocrx_word'/>
</head>
<body>
  <div class='ocr_page' id='page_1' title='image "./cplinisecundina25plingoog_0455.png"; bbox 0 0 2542 3842; ppageno 0'>
   <div class='ocr_carea' id='block_1_1' title="bbox 339 127 1143 234">
    <p class='ocr_par' dir='ltr' id='par_1_1' title="bbox 339 127 1143 234">
     <span class='ocr_line' id='line_1_1' title="bbox 339 127 1143 234; baseline -0.001 -18"><span class='ocrx_word' id='word_1_1' title='bbox 339 170 420 217; x_wconf 79' lang='lat' dir='ltr'><strong>unu.</strong></span> <span class='ocrx_word' id='word_1_2' title='bbox 436 168 526 215; x_wconf 76' lang='lat' dir='ltr'><strong>mss.</strong></span> <span class='ocrx_word' id='word_1_3' title='bbox 544 168 630 213; x_wconf 86' lang='lat' dir='ltr'><strong>vnn.</strong></span> <span class='ocrx_word' id='word_1_4' title='bbox 650 166 770 218; x_wconf 46' lang='lat'><strong>5146.</strong></span> <span class='ocrx_word' id='word_1_5' title='bbox 791 127 944 234; x_wconf 72' lang='lat' dir='ltr'><strong>(tu—82.)</strong></span> <span class='ocrx_word' id='word_1_6' title='bbox 1085 158 1143 215; x_wconf 86' lang='lat' dir='ltr'><strong>tlt</strong></span> 
     </span>
    </p>
   </div>
   <div class='ocr_carea' id='block_1_2' title="bbox 65 320 1269 3494">
    <p class='ocr_par' dir='ltr' id='par_1_2' title="bbox 147 320 1269 651">
     <span class='ocr_line' id='line_1_2' title="bbox 210 320 1269 402; baseline -0.003 -19"><span class='ocrx_word' id='word_1_7' title='bbox 210 326 259 383; x_wconf 81' lang='lat'><strong>54.</strong></span> <span class='ocrx_word' id='word_1_8' title='bbox 288 322 371 402; x_wconf 79' lang='lat' dir='ltr'><strong>(tn.)</strong></span> <span class='ocrx_word' id='word_1_9' title='bbox 405 320 572 381; x_wconf 87' lang='lat' dir='ltr'><strong>Ostrearum</strong></span> <span class='ocrx_word' id='word_1_10' title='bbox 600 320 720 379; x_wconf 83' lang='lat' dir='ltr'><strong>vivaria·</strong></span> <span class='ocrx_word' id='word_1_11' title='bbox 734 320 842 398; x_wconf 90' lang='lat' dir='ltr'><strong>primus</strong></span> <span class='ocrx_word' id='word_1_12' title='bbox 857 323 980 381; x_wconf 91' lang='lat' dir='ltr'><strong>omnium</strong></span> <span class='ocrx_word' id='word_1_13' title='bbox 1006 321 1125 399; x_wconf 82' lang='lat' dir='ltr'><strong>Sergius</strong></span> <span class='ocrx_word' id='word_1_14' title='bbox 1136 332 1187 387; x_wconf 85' lang='grc'><strong>168</strong></span> <span class='ocrx_word' id='word_1_15' title='bbox 1220 330 1224 337; x_wconf 87' lang='lat'>&#39;</span> <span class='ocrx_word' id='word_1_16' title='bbox 1268 335 1269 394; x_wconf 75' lang='lat' dir='ltr'><strong>t</strong></span> 
     </span>
     <span class='ocr_line' id='line_1_3' title="bbox 148 402 1144 480; baseline -0.002 -12"><span class='ocrx_word' id='word_1_17' title='bbox 148 408 235 468; x_wconf 88' lang='lat' dir='ltr'><strong>Orata</strong></span> <span class='ocrx_word' id='word_1_18' title='bbox 247 409 354 466; x_wconf 85' lang='lat' dir='ltr'><strong>invonit</strong></span> <span class='ocrx_word' id='word_1_19' title='bbox 367 408 395 464; x_wconf 94' lang='lat' dir='ltr'><strong>in</strong></span> <span class='ocrx_word' id='word_1_20' title='bbox 401 405 507 465; x_wconf 88' lang='lat' dir='ltr'><strong>Baiano</strong></span> <span class='ocrx_word' id='word_1_21' title='bbox 516 412 611 462; x_wconf 90' lang='lat' dir='ltr'><strong>aetate</strong></span> <span class='ocrx_word' id='word_1_22' title='bbox 619 402 650 461; x_wconf 86' lang='lat' dir='ltr'><strong>t.</strong></span> <span class='ocrx_word' id='word_1_23' title='bbox 663 402 762 463; x_wconf 81' lang='lat' dir='ltr'><strong>Crassi</strong></span> <span class='ocrx_word' id='word_1_24' title='bbox 774 406 908 480; x_wconf 88' lang='lat' dir='ltr'><strong>oratoris,</strong></span> <span class='ocrx_word' id='word_1_25' title='bbox 918 402 1144 466; x_wconf 80' lang='lat' dir='ltr'><strong>antediarsioum</strong></span> 
     </span>
     <span class='ocr_line' id='line_1_4' title="bbox 147 487 1145 567; baseline -0.004 -15"><span class='ocrx_word' id='word_1_26' title='bbox 147 493 266 567; x_wconf 84' lang='lat' dir='ltr'><strong>bellum,</strong></span> <span class='ocrx_word' id='word_1_27' title='bbox 282 508 337 549; x_wconf 86' lang='lat' dir='ltr'><strong>nee</strong></span> <span class='ocrx_word' id='word_1_28' title='bbox 355 489 441 565; x_wconf 84' lang='lat' dir='ltr'><strong>gulae</strong></span> <span class='ocrx_word' id='word_1_29' title='bbox 457 505 543 548; x_wconf 83' lang='lat' dir='ltr'><strong>cansa</strong></span> <span class='ocrx_word' id='word_1_30' title='bbox 560 487 612 546; x_wconf 87' lang='lat' dir='ltr'><strong>sed</strong></span> <span class='ocrx_word' id='word_1_31' title='bbox 629 490 783 563; x_wconf 89' lang='lat' dir='ltr'><strong>avaritiae,</strong></span> <span class='ocrx_word' id='word_1_32' title='bbox 805 506 905 563; x_wconf 82' lang='lat' dir='ltr'><strong>magna</strong></span> <span class='ocrx_word' id='word_1_33' title='bbox 923 490 1078 566; x_wconf 82' lang='lat' dir='ltr'><strong>vectigalia</strong></span> <span class='ocrx_word' id='word_1_34' title='bbox 1093 491 1145 551; x_wconf 87' lang='lat' dir='ltr'><strong>tali</strong></span> 
     </span>
     <span class='ocr_line' id='line_1_5' title="bbox 147 568 1146 651; baseline -0.004 -15"><span class='ocrx_word' id='word_1_35' title='bbox 147 594 186 637; x_wconf 79' lang='lat' dir='ltr'><strong>en</strong></span> <span class='ocrx_word' id='word_1_36' title='bbox 200 576 317 651; x_wconf 83' lang='lat' dir='ltr'><strong>iugenio</strong></span> <span class='ocrx_word' id='word_1_37' title='bbox 339 590 391 631; x_wconf 90' lang='lat' dir='ltr'><strong>suo</strong></span> <span class='ocrx_word' id='word_1_38' title='bbox 414 573 596 651; x_wconf 80' lang='lat' dir='ltr'>percipiens,</span> <span class='ocrx_word' id='word_1_39' title='bbox 621 581 651 629; x_wconf 90' lang='lat' dir='ltr'><strong>nt</strong></span> <span class='ocrx_word' id='word_1_40' title='bbox 672 574 719 649; x_wconf 90' lang='lat' dir='ltr'><strong>qui</strong></span> <span class='ocrx_word' id='word_1_41' title='bbox 740 574 848 649; x_wconf 92' lang='lat' dir='ltr'><strong>primns</strong></span> <span class='ocrx_word' id='word_1_42' title='bbox 869 568 990 650; x_wconf 86' lang='lat' dir='ltr'><strong>pensilis</strong></span> <span class='ocrx_word' id='word_1_43' title='bbox 1005 576 1146 635; x_wconf 83' lang='lat' dir='ltr'><strong>invenerit</strong></span> 
     </span>
    </p>

    <p class='ocr_par' dir='ltr' id='par_1_3' title="bbox 123 655 1193 1069">
     <span class='ocr_line' id='line_1_6' title="bbox 123 655 1144 737; baseline 0.003 -24"><span class='ocrx_word' id='word_1_44' title='bbox 123 660 294 733; x_wconf 83' lang='lat' dir='ltr'><strong>abaliueas,</strong></span> <span class='ocrx_word' id='word_1_45' title='bbox 318 659 357 718; x_wconf 88' lang='lat' dir='ltr'><strong>ita</strong></span> <span class='ocrx_word' id='word_1_46' title='bbox 377 658 591 733; x_wconf 77' lang='lat' dir='ltr'><strong>mangonicatas</strong></span> <span class='ocrx_word' id='word_1_47' title='bbox 615 655 700 724; x_wconf 77' lang='lat' dir='ltr'><strong>uillas</strong></span> <span class='ocrx_word' id='word_1_48' title='bbox 717 655 836 715; x_wconf 83' lang='lat' dir='ltr'>subinde</span> <span class='ocrx_word' id='word_1_49' title='bbox 853 655 1014 716; x_wconf 88' lang='lat' dir='ltr'><strong>vendendo.</strong></span> <span class='ocrx_word' id='word_1_50' title='bbox 1048 661 1073 719; x_wconf 91' lang='lat' dir='ltr'><strong>is</strong></span> <span class='ocrx_word' id='word_1_51' title='bbox 1088 660 1144 737; x_wconf 92' lang='lat' dir='ltr'><strong>pri·</strong></span> 
     </span>
     <span class='ocr_line' id='line_1_7' title="bbox 147 737 1193 821; baseline -0.002 -20"><span class='ocrx_word' id='word_1_52' title='bbox 147 760 209 802; x_wconf 86' lang='lat' dir='ltr'><strong>mus</strong></span> <span class='ocrx_word' id='word_1_53' title='bbox 230 744 374 819; x_wconf 87' lang='lat' dir='ltr'><strong>optumum</strong></span> <span class='ocrx_word' id='word_1_54' title='bbox 397 758 532 818; x_wconf 85' lang='lat' dir='ltr'><strong>saporem</strong></span> <span class='ocrx_word' id='word_1_55' title='bbox 556 740 662 798; x_wconf 80' lang='lat' dir='ltr'><strong>ostreis</strong></span> <span class='ocrx_word' id='word_1_56' title='bbox 681 737 811 811; x_wconf 83' lang='lat' dir='ltr'><strong>-Luorinis</strong></span> <span class='ocrx_word' id='word_1_57' title='bbox 827 739 1009 817; x_wconf 88' lang='lat' dir='ltr'><strong>adiudioavit,</strong></span> <span class='ocrx_word' id='word_1_58' title='bbox 1032 743 1187 821; x_wconf 91' lang='lat' dir='ltr'><strong>quando</strong></span> <span class='ocrx_word' id='word_1_59' title='bbox 1190 810 1193 815; x_wconf 38' lang='grc'><strong><em>,</em></strong></span> 
     </span>
     <span class='ocr_line' id='line_1_8' title="bbox 148 822 1188 903; baseline 0 -16"><span class='ocrx_word' id='word_1_60' title='bbox 148 826 249 887; x_wconf 86' lang='lat' dir='ltr'><strong>eadem</strong></span> <span class='ocrx_word' id='word_1_61' title='bbox 271 824 436 903; x_wconf 86' lang='lat' dir='ltr'><strong>aquatilium</strong></span> <span class='ocrx_word' id='word_1_62' title='bbox 459 840 569 900; x_wconf 83' lang='lat' dir='ltr'><strong>genera</strong></span> <span class='ocrx_word' id='word_1_63' title='bbox 593 822 679 882; x_wconf 84' lang='lat' dir='ltr'><strong>aliubi</strong></span> <span class='ocrx_word' id='word_1_64' title='bbox 696 831 783 901; x_wconf 88' lang='lat' dir='ltr'><strong>atque</strong></span> <span class='ocrx_word' id='word_1_65' title='bbox 804 822 891 883; x_wconf 79' lang='lat' dir='ltr'><strong>aliubi</strong></span> <span class='ocrx_word' id='word_1_66' title='bbox 907 824 1038 901; x_wconf 85' lang='lat' dir='ltr'><strong>meliora,</strong></span> <span class='ocrx_word' id='word_1_67' title='bbox 1056 830 1129 885; x_wconf 84' lang='lat' dir='ltr'><strong>sieut</strong></span> <span class='ocrx_word' id='word_1_68' title='bbox 1137 834 1188 889; x_wconf 78' lang='lat'><strong>169</strong></span> 
     </span>
     <span class='ocr_line' id='line_1_9' title="bbox 148 906 1145 987; baseline -0.002 -17"><span class='ocrx_word' id='word_1_69' title='bbox 148 912 208 987; x_wconf 90' lang='lat' dir='ltr'><strong>lupi</strong></span> <span class='ocrx_word' id='word_1_70' title='bbox 230 912 328 987; x_wconf 87' lang='lat' dir='ltr'><strong>pisoes</strong></span> <span class='ocrx_word' id='word_1_71' title='bbox 344 910 372 967; x_wconf 94' lang='lat' dir='ltr'><strong>in</strong></span> <span class='ocrx_word' id='word_1_72' title='bbox 389 906 486 967; x_wconf 83' lang='lat' dir='ltr'><strong>Tiberi</strong></span> <span class='ocrx_word' id='word_1_73' title='bbox 502 922 584 967; x_wconf 89' lang='lat' dir='ltr'><strong>amne</strong></span> <span class='ocrx_word' id='word_1_74' title='bbox 608 908 682 965; x_wconf 89' lang='lat' dir='ltr'><strong>iuter</strong></span> <span class='ocrx_word' id='word_1_75' title='bbox 705 906 777 966; x_wconf 90' lang='lat' dir='ltr'><strong>duos</strong></span> <span class='ocrx_word' id='word_1_76' title='bbox 803 909 909 985; x_wconf 86' lang='lat' dir='ltr'><strong>pontis,</strong></span> <span class='ocrx_word' id='word_1_77' title='bbox 931 908 1069 969; x_wconf 87' lang='lat' dir='ltr'>rhombus</span> <span class='ocrx_word' id='word_1_78' title='bbox 1089 909 1145 968; x_wconf 82' lang='lat' dir='ltr'><strong>tta-</strong></span> 
     </span>
     <span class='ocr_line' id='line_1_10' title="bbox 148 981 1146 1069; baseline 0.001 -17"><span class='ocrx_word' id='word_1_79' title='bbox 148 1010 271 1067; x_wconf 85' lang='lat' dir='ltr'><strong>venuae,</strong></span> <span class='ocrx_word' id='word_1_80' title='bbox 286 1010 402 1051; x_wconf 89' lang='lat' dir='ltr'><strong>murena</strong></span> <span class='ocrx_word' id='word_1_81' title='bbox 418 993 447 1049; x_wconf 89' lang='lat' dir='ltr'><strong>in</strong></span> <span class='ocrx_word' id='word_1_82' title='bbox 463 992 571 1066; x_wconf 79' lang='lat' dir='ltr'><strong>Sicilia,</strong></span> <span class='ocrx_word' id='word_1_83' title='bbox 588 990 673 1067; x_wconf 86' lang='lat' dir='ltr'><strong>elops</strong></span> <span class='ocrx_word' id='word_1_84' title='bbox 687 981 798 1066; x_wconf 80' lang='lat' dir='ltr'><strong>Rhodi,</strong></span> <span class='ocrx_word' id='word_1_85' title='bbox 818 1000 847 1050; x_wconf 93' lang='lat' dir='ltr'><strong>et</strong></span> <span class='ocrx_word' id='word_1_86' title='bbox 864 992 921 1050; x_wconf 89' lang='lat' dir='ltr'><strong>alia</strong></span> <span class='ocrx_word' id='word_1_87' title='bbox 936 1010 1046 1069; x_wconf 84' lang='lat' dir='ltr'><strong>genera</strong></span> <span class='ocrx_word' id='word_1_88' title='bbox 1071 995 1146 1053; x_wconf 89' lang='lat' dir='ltr'><strong>simi·</strong></span> 
     </span>
    </p>

    <p class='ocr_par' dir='ltr' id='par_1_4' title="bbox 115 1074 1148 1319">
     <span class='ocr_line' id='line_1_11' title="bbox 115 1074 1148 1151; baseline 0.003 -18"><span class='ocrx_word' id='word_1_89' title='bbox 115 1094 140 1135; x_wconf 89' lang='lat'><strong>10</strong></span> <span class='ocrx_word' id='word_1_90' title='bbox 149 1078 231 1151; x_wconf 86' lang='lat' dir='ltr'><strong>luter</strong></span> <span class='ocrx_word' id='word_1_91' title='bbox 250 1095 286 1135; x_wconf 89' lang='lat' dir='ltr'><strong>ne</strong></span> <span class='ocrx_word' id='word_1_92' title='bbox 309 1076 466 1135; x_wconf 78' lang='lat' dir='ltr'><strong>culinarum</strong></span> <span class='ocrx_word' id='word_1_93' title='bbox 490 1092 611 1134; x_wconf 78' lang='lat' dir='ltr'><strong>censura</strong></span> <span class='ocrx_word' id='word_1_94' title='bbox 639 1084 804 1151; x_wconf 84' lang='lat' dir='ltr'><strong>peragatur</strong></span> <span class='ocrx_word' id='word_1_95' title='bbox 833 1074 965 1134; x_wconf 91' lang='lat' dir='ltr'><strong>Nondum</strong></span> <span class='ocrx_word' id='word_1_96' title='bbox 986 1076 1148 1136; x_wconf 82' lang='lat' dir='ltr'><strong>Britannica</strong></span> 
     </span>
     <span class='ocr_line' id='line_1_12' title="bbox 149 1122 1161 1237; baseline -0.002 -18"><span class='ocrx_word' id='word_1_97' title='bbox 149 1122 316 1220; x_wconf 67' lang='lat' dir='ltr'><strong>serviebant</strong></span> <span class='ocrx_word' id='word_1_98' title='bbox 336 1160 431 1235; x_wconf 89' lang='lat' dir='ltr'><strong>litora,</strong></span> <span class='ocrx_word' id='word_1_99' title='bbox 456 1177 519 1217; x_wconf 88' lang='lat' dir='ltr'><strong>oum</strong></span> <span class='ocrx_word' id='word_1_100' title='bbox 533 1156 620 1218; x_wconf 83' lang='lat' dir='ltr'><strong>Orata</strong></span> <span class='ocrx_word' id='word_1_101' title='bbox 641 1157 762 1216; x_wconf 77' lang='lat' dir='ltr'><strong>Lucrina</strong></span> <span class='ocrx_word' id='word_1_102' title='bbox 782 1158 962 1219; x_wconf 73' lang='lat' dir='ltr'><strong>nobilitabat.</strong></span> <span class='ocrx_word' id='word_1_103' title='bbox 988 1170 1092 1237; x_wconf 87' lang='lat' dir='ltr'><strong>postea</strong></span> <span class='ocrx_word' id='word_1_104' title='bbox 1106 1163 1161 1218; x_wconf 92' lang='lat' dir='ltr'><strong>vi·</strong></span> 
     </span>
     <span class='ocr_line' id='line_1_13' title="bbox 149 1241 1147 1319; baseline -0.002 -15"><span class='ocrx_word' id='word_1_105' title='bbox 149 1262 210 1305; x_wconf 86' lang='lat' dir='ltr'><strong>sum</strong></span> <span class='ocrx_word' id='word_1_106' title='bbox 228 1245 297 1303; x_wconf 89' lang='lat' dir='ltr'><strong>tanti</strong></span> <span class='ocrx_word' id='word_1_107' title='bbox 312 1244 341 1301; x_wconf 89' lang='lat' dir='ltr'><strong>in</strong></span> <span class='ocrx_word' id='word_1_108' title='bbox 362 1252 519 1303; x_wconf 79' lang='lat' dir='ltr'><strong>extremam</strong></span> <span class='ocrx_word' id='word_1_109' title='bbox 533 1241 642 1301; x_wconf 90' lang='lat' dir='ltr'><strong>ltaliam</strong></span> <span class='ocrx_word' id='word_1_110' title='bbox 656 1250 758 1319; x_wconf 85' lang='lat' dir='ltr'><strong>petere</strong></span> <span class='ocrx_word' id='word_1_111' title='bbox 771 1242 949 1301; x_wconf 86' lang='lat' dir='ltr'><strong>Brundisium</strong></span> <span class='ocrx_word' id='word_1_112' title='bbox 964 1252 1089 1318; x_wconf 88' lang='lat' dir='ltr'><strong>ostreas,</strong></span> <span class='ocrx_word' id='word_1_113' title='bbox 1111 1262 1147 1305; x_wconf 83' lang='lat' dir='ltr'><strong>ae</strong></span> 
     </span>
    </p>

    <p class='ocr_par' dir='ltr' id='par_1_5' title="bbox 65 1326 1147 1489">
     <span class='ocr_line' id='line_1_14' title="bbox 65 1326 1147 1403; baseline -0.001 -15"><span class='ocrx_word' id='word_1_114' title='bbox 65 1351 76 1379; x_wconf 68' lang='grc' dir='ltr'><em>ι</em></span> <span class='ocrx_word' id='word_1_115' title='bbox 148 1347 185 1388; x_wconf 91' lang='lat' dir='ltr'><strong>ne</strong></span> <span class='ocrx_word' id='word_1_116' title='bbox 208 1328 242 1387; x_wconf 92' lang='lat' dir='ltr'><strong>lis</strong></span> <span class='ocrx_word' id='word_1_117' title='bbox 262 1336 341 1386; x_wconf 87' lang='lat' dir='ltr'><strong>esset</strong></span> <span class='ocrx_word' id='word_1_118' title='bbox 356 1329 429 1387; x_wconf 87' lang='lat' dir='ltr'><strong>inter</strong></span> <span class='ocrx_word' id='word_1_119' title='bbox 450 1326 522 1385; x_wconf 91' lang='lat' dir='ltr'><strong>duos</strong></span> <span class='ocrx_word' id='word_1_120' title='bbox 545 1342 682 1402; x_wconf 86' lang='lat' dir='ltr'><strong>sapores,</strong></span> <span class='ocrx_word' id='word_1_121' title='bbox 705 1343 795 1403; x_wconf 88' lang='lat' dir='ltr'><strong>nuper</strong></span> <span class='ocrx_word' id='word_1_122' title='bbox 823 1330 1017 1403; x_wconf 84' lang='lat' dir='ltr'><strong>excogitatum</strong></span> <span class='ocrx_word' id='word_1_123' title='bbox 1044 1326 1147 1387; x_wconf 84' lang='lat' dir='ltr'><strong>iamenu</strong></span> 
     </span>
     <span class='ocr_line' id='line_1_15' title="bbox 149 1409 1041 1489; baseline -0.002 -17"><span class='ocrx_word' id='word_1_124' title='bbox 149 1414 256 1489; x_wconf 84' lang='lat' dir='ltr'><strong>longae</strong></span> <span class='ocrx_word' id='word_1_125' title='bbox 271 1409 449 1471; x_wconf 85' lang='lat' dir='ltr'><strong>advectionis</strong></span> <span class='ocrx_word' id='word_1_126' title='bbox 468 1428 484 1471; x_wconf 91' lang='lat' dir='ltr'><strong>a</strong></span> <span class='ocrx_word' id='word_1_127' title='bbox 499 1409 650 1468; x_wconf 90' lang='lat' dir='ltr'><strong>Brundisio</strong></span> <span class='ocrx_word' id='word_1_128' title='bbox 665 1425 845 1487; x_wconf 74' lang='lat' dir='ltr'><strong>conpascere</strong></span> <span class='ocrx_word' id='word_1_129' title='bbox 861 1412 891 1468; x_wconf 93' lang='lat' dir='ltr'><strong>in</strong></span> <span class='ocrx_word' id='word_1_130' title='bbox 907 1409 1041 1470; x_wconf 81' lang='lat' dir='ltr'><strong>Lucrino.</strong></span> 
     </span>
    </p>

    <p class='ocr_par' dir='ltr' id='par_1_6' title="bbox 117 1491 1269 1907">
     <span class='ocr_line' id='line_1_16' title="bbox 117 1491 1269 1575; baseline 0.003 -23"><span class='ocrx_word' id='word_1_131' title='bbox 117 1513 141 1552; x_wconf 74' lang='lat' dir='ltr'><strong>ts</strong></span> <span class='ocrx_word' id='word_1_132' title='bbox 214 1494 297 1573; x_wconf 82' lang='lat'><strong>(80.)</strong></span> <span class='ocrx_word' id='word_1_133' title='bbox 313 1493 422 1553; x_wconf 87' lang='lat' dir='ltr'><strong>Eadem</strong></span> <span class='ocrx_word' id='word_1_134' title='bbox 438 1502 533 1553; x_wconf 87' lang='lat' dir='ltr'><strong>aetate</strong></span> <span class='ocrx_word' id='word_1_135' title='bbox 548 1494 628 1570; x_wconf 89' lang='lat' dir='ltr'><strong>prior</strong></span> <span class='ocrx_word' id='word_1_136' title='bbox 636 1491 764 1575; x_wconf 77' lang='lat' dir='ltr'><strong>¹Licinius</strong></span> <span class='ocrx_word' id='word_1_137' title='bbox 772 1492 890 1552; x_wconf 89' lang='lat' dir='ltr'><strong>blurena</strong></span> <span class='ocrx_word' id='word_1_138' title='bbox 898 1494 1073 1573; x_wconf 90' lang='lat' dir='ltr'><strong>reliquorum</strong></span> <span class='ocrx_word' id='word_1_139' title='bbox 1085 1492 1131 1571; x_wconf 77' lang='lat' dir='ltr'><strong>pi·=</strong></span> <span class='ocrx_word' id='word_1_140' title='bbox 1139 1494 1194 1556; x_wconf 80' lang='lat' dir='ltr'><strong>lid</strong></span> <span class='ocrx_word' id='word_1_141' title='bbox 1209 1540 1214 1551; x_wconf 82' lang='lat'><strong>.</strong></span> <span class='ocrx_word' id='word_1_142' title='bbox 1268 1559 1269 1564; x_wconf 59' lang='grc'>,</span> 
     </span>
     <span class='ocr_line' id='line_1_17' title="bbox 151 1576 1201 1655; baseline 0 -17"><span class='ocrx_word' id='word_1_143' title='bbox 151 1581 241 1639; x_wconf 84' lang='lat' dir='ltr'><strong>seium</strong></span> <span class='ocrx_word' id='word_1_144' title='bbox 256 1580 363 1638; x_wconf 86' lang='lat' dir='ltr'><strong>vivaria</strong></span> <span class='ocrx_word' id='word_1_145' title='bbox 375 1578 496 1652; x_wconf 84' lang='lat' dir='ltr'><strong>invenit,</strong></span> <span class='ocrx_word' id='word_1_146' title='bbox 513 1578 592 1635; x_wconf 88' lang='lat' dir='ltr'><strong>euius</strong></span> <span class='ocrx_word' id='word_1_147' title='bbox 605 1576 708 1635; x_wconf 86' lang='lat' dir='ltr'><strong>deinde</strong></span> <span class='ocrx_word' id='word_1_148' title='bbox 725 1577 888 1655; x_wconf 86' lang='lat' dir='ltr'><strong>exemplum</strong></span> <span class='ocrx_word' id='word_1_149' title='bbox 897 1577 1033 1638; x_wconf 88' lang='lat' dir='ltr'><strong>nobilitas</strong></span> <span class='ocrx_word' id='word_1_150' title='bbox 1049 1586 1149 1637; x_wconf 86' lang='lat' dir='ltr'><strong>secuta</strong></span> <span class='ocrx_word' id='word_1_151' title='bbox 1195 1633 1201 1638; x_wconf 90' lang='lat'><strong>.</strong></span> 
     </span>
     <span class='ocr_line' id='line_1_18' title="bbox 152 1659 1149 1739; baseline -0.002 -17"><span class='ocrx_word' id='word_1_152' title='bbox 152 1672 196 1722; x_wconf 91' lang='lat' dir='ltr'><strong>est</strong></span> <span class='ocrx_word' id='word_1_153' title='bbox 208 1662 342 1739; x_wconf 87' lang='lat' dir='ltr'><strong>Philippi,</strong></span> <span class='ocrx_word' id='word_1_154' title='bbox 355 1662 501 1721; x_wconf 91' lang='lat' dir='ltr'><strong>Hortensi.</strong></span> <span class='ocrx_word' id='word_1_155' title='bbox 524 1659 659 1719; x_wconf 86' lang='lat' dir='ltr'><strong>Lucullus</strong></span> <span class='ocrx_word' id='word_1_156' title='bbox 672 1662 773 1719; x_wconf 78' lang='lat' dir='ltr'><strong>exo&#39;iso</strong></span> <span class='ocrx_word' id='word_1_157' title='bbox 786 1662 870 1719; x_wconf 86' lang='lat' dir='ltr'><strong>etiam</strong></span> <span class='ocrx_word' id='word_1_158' title='bbox 880 1671 977 1720; x_wconf 87' lang='lat' dir='ltr'><strong>monte</strong></span> <span class='ocrx_word' id='word_1_159' title='bbox 988 1664 1065 1721; x_wconf 84' lang='lat' dir='ltr'><strong>iuxta</strong></span> <span class='ocrx_word' id='word_1_160' title='bbox 1074 1660 1149 1720; x_wconf 88' lang='lat' dir='ltr'><strong>Nea·</strong></span> 
     </span>
     <span class='ocr_line' id='line_1_19' title="bbox 152 1744 1148 1826; baseline -0.003 -21"><span class='ocrx_word' id='word_1_161' title='bbox 152 1747 240 1826; x_wconf 89' lang='lat' dir='ltr'><strong>polim</strong></span> <span class='ocrx_word' id='word_1_162' title='bbox 255 1747 364 1813; x_wconf 83' lang='lat' dir='ltr'><strong>maiore</strong></span> <span class='ocrx_word' id='word_1_163' title='bbox 382 1745 518 1824; x_wconf 89' lang='lat' dir='ltr'><strong>inpendio</strong></span> <span class='ocrx_word' id='word_1_164' title='bbox 540 1760 624 1821; x_wconf 90' lang='lat' dir='ltr'><strong>quarn</strong></span> <span class='ocrx_word' id='word_1_165' title='bbox 643 1744 740 1804; x_wconf 86' lang='lat' dir='ltr'><strong>villam</strong></span> <span class='ocrx_word' id='word_1_166' title='bbox 755 1745 998 1805; x_wconf 78' lang='lat' dir='ltr'><strong>exaedificaverat</strong></span> <span class='ocrx_word' id='word_1_167' title='bbox 1019 1747 1148 1823; x_wconf 86' lang='lat' dir='ltr'><strong>euripum</strong></span> 
     </span>
     <span class='ocr_line' id='line_1_20' title="bbox 153 1827 1149 1907; baseline -0.003 -18"><span class='ocrx_word' id='word_1_168' title='bbox 153 1840 181 1889; x_wconf 87' lang='lat' dir='ltr'><strong>et</strong></span> <span class='ocrx_word' id='word_1_169' title='bbox 196 1832 284 1889; x_wconf 87' lang='lat' dir='ltr'><strong>maria</strong></span> <span class='ocrx_word' id='word_1_170' title='bbox 300 1830 421 1905; x_wconf 84' lang='lat' dir='ltr'><strong>admisit,</strong></span> <span class='ocrx_word' id='word_1_171' title='bbox 438 1846 494 1907; x_wconf 86' lang='lat' dir='ltr'><strong>qua</strong></span> <span class='ocrx_word' id='word_1_172' title='bbox 512 1829 549 1888; x_wconf 87' lang='lat' dir='ltr'><strong>de</strong></span> <span class='ocrx_word' id='word_1_173' title='bbox 565 1846 652 1887; x_wconf 88' lang='lat' dir='ltr'><strong>eausa</strong></span> <span class='ocrx_word' id='word_1_174' title='bbox 668 1827 788 1905; x_wconf 80' lang='lat' dir='ltr'><strong>blagnns</strong></span> <span class='ocrx_word' id='word_1_175' title='bbox 804 1828 957 1907; x_wconf 88' lang='lat' dir='ltr'><strong>Pompeius</strong></span> <span class='ocrx_word' id='word_1_176' title='bbox 972 1828 1092 1888; x_wconf 87' lang='lat' dir='ltr'><strong>Xerxen</strong></span> <span class='ocrx_word' id='word_1_177' title='bbox 1105 1837 1149 1887; x_wconf 94' lang='lat' dir='ltr'><strong>to·</strong></span> 
     </span>
    </p>

    <p class='ocr_par' dir='ltr' id='par_1_7' title="bbox 118 1912 1265 2075">
     <span class='ocr_line' id='line_1_21' title="bbox 118 1912 1265 2013; baseline -0.007 -36"><span class='ocrx_word' id='word_1_178' title='bbox 118 1924 250 1989; x_wconf 75' lang='lat' dir='ltr'><strong>togatum</strong></span> <span class='ocrx_word' id='word_1_179' title='bbox 268 1932 332 1972; x_wconf 88' lang='lat' dir='ltr'><strong>eum</strong></span> <span class='ocrx_word' id='word_1_180' title='bbox 349 1913 527 2013; x_wconf 83' lang='lat' dir='ltr'><strong>appellabat</strong></span> <span class='ocrx_word' id='word_1_181' title='bbox 558 1912 751 1989; x_wconf 83' lang='lat' dir='ltr'><strong>quadragiens</strong></span> <span class='ocrx_word' id='word_1_182' title='bbox 763 1912 819 1971; x_wconf 88' lang='lat' dir='ltr'><strong>llS</strong></span> <span class='ocrx_word' id='word_1_183' title='bbox 833 1913 963 1990; x_wconf 85' lang='lat' dir='ltr'><strong>piscinae</strong></span> <span class='ocrx_word' id='word_1_184' title='bbox 979 1932 996 1973; x_wconf 87' lang='lat' dir='ltr'><strong>a</strong></span> <span class='ocrx_word' id='word_1_185' title='bbox 1012 1912 1149 1972; x_wconf 81' lang='lat' dir='ltr'><strong>defuneto</strong></span> <span class='ocrx_word' id='word_1_186' title='bbox 1261 1985 1265 1992; x_wconf 22' lang='grc' dir='ltr'>ί</span> 
     </span>
     <span class='ocr_line' id='line_1_22' title="bbox 152 1997 515 2075; baseline 0.003 -21"><span class='ocrx_word' id='word_1_187' title='bbox 152 1997 203 2056; x_wconf 92' lang='lat' dir='ltr'><strong>illo</strong></span> <span class='ocrx_word' id='word_1_188' title='bbox 221 1998 341 2056; x_wconf 86' lang='lat' dir='ltr'><strong>veniere</strong></span> <span class='ocrx_word' id='word_1_189' title='bbox 356 1998 515 2075; x_wconf 90' lang='lat' dir='ltr'><strong>pisoes.</strong></span> 
     </span>
    </p>

    <p class='ocr_par' dir='ltr' id='par_1_8' title="bbox 153 2079 1212 2322">
     <span class='ocr_line' id='line_1_23' title="bbox 216 2079 1191 2159; baseline 0.001 -18"><span class='ocrx_word' id='word_1_190' title='bbox 216 2081 265 2141; x_wconf 83' lang='lat'><strong>55.</strong></span> <span class='ocrx_word' id='word_1_191' title='bbox 284 2080 367 2159; x_wconf 84' lang='lat'><strong>(81.)</strong></span> <span class='ocrx_word' id='word_1_192' title='bbox 386 2079 566 2138; x_wconf 83' lang='lat' dir='ltr'><strong>Murenamm</strong></span> <span class='ocrx_word' id='word_1_193' title='bbox 581 2079 720 2137; x_wconf 85' lang='lat' dir='ltr'><strong>vivarium</strong></span> <span class='ocrx_word' id='word_1_194' title='bbox 735 2079 866 2155; x_wconf 85' lang='lat' dir='ltr'><strong>privatim</strong></span> <span class='ocrx_word' id='word_1_195' title='bbox 878 2080 1055 2154; x_wconf 83' lang='lat' dir='ltr'><strong>excogitavit</strong></span> <span class='ocrx_word' id='word_1_196' title='bbox 1067 2088 1132 2138; x_wconf 89' lang='lat' dir='ltr'><strong>ante</strong></span> <span class='ocrx_word' id='word_1_197' title='bbox 1141 2087 1191 2142; x_wconf 84' lang='lat'><strong>171</strong></span> 
     </span>
     <span class='ocr_line' id='line_1_24' title="bbox 153 2140 1212 2239; baseline -0.005 -13"><span class='ocrx_word' id='word_1_198' title='bbox 153 2163 271 2227; x_wconf 85' lang='lat' dir='ltr'><strong>aliosG.</strong></span> <span class='ocrx_word' id='word_1_199' title='bbox 280 2164 400 2237; x_wconf 84' lang='lat' dir='ltr'><strong>llirrius,</strong></span> <span class='ocrx_word' id='word_1_200' title='bbox 413 2164 459 2239; x_wconf 90' lang='lat' dir='ltr'><strong>qui</strong></span> <span class='ocrx_word' id='word_1_201' title='bbox 473 2164 552 2221; x_wconf 85' lang='lat' dir='ltr'><strong>oanis</strong></span> <span class='ocrx_word' id='word_1_202' title='bbox 556 2140 779 2239; x_wconf 81' lang='lat' dir='ltr'><strong>tr&#39;inmpbalibus</strong></span> <span class='ocrx_word' id='word_1_203' title='bbox 790 2159 924 2221; x_wconf 80' lang='lat' dir='ltr'><strong>Caesaris</strong></span> <span class='ocrx_word' id='word_1_204' title='bbox 935 2161 1085 2221; x_wconf 88' lang='lat' dir='ltr'><strong>dictatoris</strong></span> <span class='ocrx_word' id='word_1_205' title='bbox 1097 2180 1150 2221; x_wconf 89' lang='lat' dir='ltr'><strong>sex</strong></span> <span class='ocrx_word' id='word_1_206' title='bbox 1208 2180 1212 2187; x_wconf 90' lang='lat'>·</span> 
     </span>
     <span class='ocr_line' id='line_1_25' title="bbox 153 2244 1184 2322; baseline -0.005 -14"><span class='ocrx_word' id='word_1_207' title='bbox 153 2250 230 2308; x_wconf 88' lang='lat' dir='ltr'><strong>milia</strong></span> <span class='ocrx_word' id='word_1_208' title='bbox 241 2263 359 2305; x_wconf 88' lang='lat' dir='ltr'><strong>numero</strong></span> <span class='ocrx_word' id='word_1_209' title='bbox 371 2264 550 2304; x_wconf 89' lang='lat' dir='ltr'><strong>murenarum</strong></span> <span class='ocrx_word' id='word_1_210' title='bbox 561 2254 655 2303; x_wconf 90' lang='lat' dir='ltr'><strong>mutua</strong></span> <span class='ocrx_word' id='word_1_211' title='bbox 672 2244 816 2322; x_wconf 88' lang='lat' dir='ltr'><strong>adpendit.</strong></span> <span class='ocrx_word' id='word_1_212' title='bbox 835 2262 898 2304; x_wconf 90' lang='lat' dir='ltr'><strong>nam</strong></span> <span class='ocrx_word' id='word_1_213' title='bbox 910 2253 1073 2322; x_wconf 84' lang='lat' dir='ltr'><strong>permutare</strong></span> <span class='ocrx_word' id='word_1_214' title='bbox 1090 2246 1184 2322; x_wconf 93' lang='lat' dir='ltr'><strong>qui·</strong></span> 
     </span>
    </p>

    <p class='ocr_par' dir='ltr' id='par_1_9' title="bbox 103 2328 1193 2732">
     <span class='ocr_line' id='line_1_26' title="bbox 103 2328 1150 2414; baseline -0.01 -18"><span class='ocrx_word' id='word_1_215' title='bbox 103 2356 144 2414; x_wconf 79' lang='lat' dir='ltr'><strong>,aa</strong></span> <span class='ocrx_word' id='word_1_216' title='bbox 155 2336 220 2395; x_wconf 88' lang='lat' dir='ltr'><strong>dem</strong></span> <span class='ocrx_word' id='word_1_217' title='bbox 235 2332 329 2409; x_wconf 82' lang='lat' dir='ltr'><strong>pretio</strong></span> <span class='ocrx_word' id='word_1_218' title='bbox 344 2330 434 2389; x_wconf 90' lang='lat' dir='ltr'><strong>noluit</strong></span> <span class='ocrx_word' id='word_1_219' title='bbox 447 2330 542 2391; x_wconf 51' lang='lat' dir='ltr'><strong>¹aliave</strong></span> <span class='ocrx_word' id='word_1_220' title='bbox 557 2346 665 2387; x_wconf 87' lang='lat' dir='ltr'><strong>meree.</strong></span> <span class='ocrx_word' id='word_1_221' title='bbox 695 2328 777 2386; x_wconf 91' lang='lat' dir='ltr'><strong>buius</strong></span> <span class='ocrx_word' id='word_1_222' title='bbox 792 2328 889 2389; x_wconf 87' lang='lat' dir='ltr'><strong>villam</strong></span> <span class='ocrx_word' id='word_1_223' title='bbox 904 2330 975 2387; x_wconf 90' lang='lat' dir='ltr'><strong>intra</strong></span> <span class='ocrx_word' id='word_1_224' title='bbox 993 2346 1077 2405; x_wconf 89' lang='lat' dir='ltr'><strong>quam</strong></span> <span class='ocrx_word' id='word_1_225' title='bbox 1091 2345 1150 2387; x_wconf 90' lang='lat' dir='ltr'><strong>mo·</strong></span> 
     </span>
     <span class='ocr_line' id='line_1_27' title="bbox 155 2411 1193 2492; baseline -0.002 -16"><span class='ocrx_word' id='word_1_226' title='bbox 155 2417 247 2477; x_wconf 86' lang='lat' dir='ltr'><strong>diuum</strong></span> <span class='ocrx_word' id='word_1_227' title='bbox 262 2414 456 2492; x_wconf 80' lang='lat' dir='ltr'><strong>quadragiens</strong></span> <span class='ocrx_word' id='word_1_228' title='bbox 472 2415 601 2491; x_wconf 89' lang='lat' dir='ltr'><strong>pisoinae</strong></span> <span class='ocrx_word' id='word_1_229' title='bbox 616 2411 815 2472; x_wconf 89' lang='lat' dir='ltr'><strong>vendiderunt.</strong></span> <span class='ocrx_word' id='word_1_230' title='bbox 835 2412 943 2472; x_wconf 87' lang='lat' dir='ltr'><strong>Invasit</strong></span> <span class='ocrx_word' id='word_1_231' title='bbox 957 2411 1062 2472; x_wconf 88' lang='lat' dir='ltr'><strong>deinde</strong></span> <span class='ocrx_word' id='word_1_232' title='bbox 1079 2414 1193 2474; x_wconf 76' lang='lat' dir='ltr'><strong>sin-172</strong></span> 
     </span>
     <span class='ocr_line' id='line_1_28' title="bbox 155 2496 1151 2577; baseline -0.006 -19"><span class='ocrx_word' id='word_1_233' title='bbox 155 2500 288 2577; x_wconf 77' lang='lat' dir='ltr'><strong>gulosum</strong></span> <span class='ocrx_word' id='word_1_234' title='bbox 304 2499 424 2575; x_wconf 81' lang='lat' dir='ltr'><strong>piscium</strong></span> <span class='ocrx_word' id='word_1_235' title='bbox 442 2514 530 2561; x_wconf 85' lang='lat' dir='ltr'><strong>amor.</strong></span> <span class='ocrx_word' id='word_1_236' title='bbox 564 2497 639 2574; x_wconf 87' lang='lat' dir='ltr'><strong>apud</strong></span> <span class='ocrx_word' id='word_1_237' title='bbox 660 2496 766 2555; x_wconf 82' lang='lat' dir='ltr'><strong>baulos</strong></span> <span class='ocrx_word' id='word_1_238' title='bbox 787 2496 814 2554; x_wconf 92' lang='lat' dir='ltr'><strong>in</strong></span> <span class='ocrx_word' id='word_1_239' title='bbox 833 2506 915 2574; x_wconf 87' lang='lat' dir='ltr'><strong>parte</strong></span> <span class='ocrx_word' id='word_1_240' title='bbox 940 2496 1045 2555; x_wconf 89' lang='lat' dir='ltr'><strong>Baiana</strong></span> <span class='ocrx_word' id='word_1_241' title='bbox 1064 2496 1151 2573; x_wconf 84' lang='lat' dir='ltr'><strong>pisci·</strong></span> 
     </span>
     <span class='ocr_line' id='line_1_29' title="bbox 154 2579 1152 2657; baseline -0.006 -15"><span class='ocrx_word' id='word_1_242' title='bbox 154 2600 219 2643; x_wconf 83' lang='lat' dir='ltr'><strong>nam</strong></span> <span class='ocrx_word' id='word_1_243' title='bbox 234 2582 332 2643; x_wconf 87' lang='lat' dir='ltr'><strong>babuit</strong></span> <span class='ocrx_word' id='word_1_244' title='bbox 347 2580 516 2640; x_wconf 88' lang='lat' dir='ltr'><strong>Hortensius</strong></span> <span class='ocrx_word' id='word_1_245' title='bbox 533 2590 641 2655; x_wconf 91' lang='lat' dir='ltr'><strong>orator,</strong></span> <span class='ocrx_word' id='word_1_246' title='bbox 660 2581 687 2638; x_wconf 94' lang='lat' dir='ltr'><strong>in</strong></span> <span class='ocrx_word' id='word_1_247' title='bbox 710 2598 765 2657; x_wconf 91' lang='lat' dir='ltr'><strong>qua</strong></span> <span class='ocrx_word' id='word_1_248' title='bbox 787 2596 931 2639; x_wconf 88' lang='lat' dir='ltr'><strong>murenam</strong></span> <span class='ocrx_word' id='word_1_249' title='bbox 954 2579 1029 2638; x_wconf 92' lang='lat' dir='ltr'><strong>adeo</strong></span> <span class='ocrx_word' id='word_1_250' title='bbox 1051 2579 1152 2638; x_wconf 89' lang='lat' dir='ltr'><strong>dilexit</strong></span> 
     </span>
     <span class='ocr_line' id='line_1_30' title="bbox 156 2661 1153 2732; baseline -0.007 -6"><span class='ocrx_word' id='word_1_251' title='bbox 156 2677 186 2726; x_wconf 90' lang='lat' dir='ltr'><strong>ut</strong></span> <span class='ocrx_word' id='word_1_252' title='bbox 202 2668 390 2726; x_wconf 86' lang='lat' dir='ltr'><strong>exanimatam</strong></span> <span class='ocrx_word' id='word_1_253' title='bbox 405 2665 494 2725; x_wconf 87' lang='lat' dir='ltr'><strong>desse</strong></span> <span class='ocrx_word' id='word_1_254' title='bbox 511 2666 655 2725; x_wconf 80' lang='lat' dir='ltr'><strong>credatur.</strong></span> <span class='ocrx_word' id='word_1_255' title='bbox 684 2663 716 2722; x_wconf 93' lang='lat' dir='ltr'><strong>lu</strong></span> <span class='ocrx_word' id='word_1_256' title='bbox 733 2665 835 2732; x_wconf 87' lang='lat' dir='ltr'><strong>eadem</strong></span> <span class='ocrx_word' id='word_1_257' title='bbox 847 2663 915 2723; x_wconf 85' lang='lat' dir='ltr'><strong>villa</strong></span> <span class='ocrx_word' id='word_1_258' title='bbox 926 2661 1051 2723; x_wconf 77' lang='lat' dir='ltr'><strong>Antonia</strong></span> <span class='ocrx_word' id='word_1_259' title='bbox 1066 2662 1153 2722; x_wconf 83' lang='lat' dir='ltr'><strong>Drusi</strong></span> 
     </span>
    </p>

    <p class='ocr_par' dir='ltr' id='par_1_10' title="bbox 122 2746 1198 2909">
     <span class='ocr_line' id='line_1_31' title="bbox 122 2746 1198 2826; baseline -0.004 -18"><span class='ocrx_word' id='word_1_260' title='bbox 122 2766 290 2815; x_wconf 71' lang='lat' dir='ltr'><strong>⁸‹tomrtrenue</strong></span> <span class='ocrx_word' id='word_1_261' title='bbox 307 2755 390 2826; x_wconf 88' lang='lat' dir='ltr'><strong>qnam</strong></span> <span class='ocrx_word' id='word_1_262' title='bbox 406 2748 543 2825; x_wconf 83' lang='lat' dir='ltr'><strong>diligebat</strong></span> <span class='ocrx_word' id='word_1_263' title='bbox 557 2750 663 2807; x_wconf 91' lang='lat' dir='ltr'><strong>inauris</strong></span> <span class='ocrx_word' id='word_1_264' title='bbox 679 2747 796 2822; x_wconf 86' lang='lat' dir='ltr'><strong>addidit,</strong></span> <span class='ocrx_word' id='word_1_265' title='bbox 815 2748 894 2805; x_wconf 89' lang='lat' dir='ltr'><strong>ouius</strong></span> <span class='ocrx_word' id='word_1_266' title='bbox 909 2754 1031 2825; x_wconf 85' lang='lat' dir='ltr'><strong>propter</strong></span> <span class='ocrx_word' id='word_1_267' title='bbox 1048 2746 1160 2806; x_wconf 62' lang='lat' dir='ltr'><strong>lamamx</strong></span> <span class='ocrx_word' id='word_1_268' title='bbox 1194 2771 1198 2777; x_wconf 92' lang='lat'>·</span> 
     </span>
     <span class='ocr_line' id='line_1_32' title="bbox 157 2832 1179 2909; baseline -0.006 -18"><span class='ocrx_word' id='word_1_269' title='bbox 157 2833 284 2892; x_wconf 90' lang='lat' dir='ltr'><strong>nonnulli</strong></span> <span class='ocrx_word' id='word_1_270' title='bbox 301 2832 407 2891; x_wconf 90' lang='lat' dir='ltr'><strong>Baulos</strong></span> <span class='ocrx_word' id='word_1_271' title='bbox 421 2832 523 2891; x_wconf 84' lang='lat' dir='ltr'><strong>videre</strong></span> <span class='ocrx_word' id='word_1_272' title='bbox 540 2833 777 2909; x_wconf 83' lang='lat' dir='ltr'><strong>concupiverunt.</strong></span> <span class='ocrx_word' id='word_1_273' title='bbox 1176 2855 1179 2861; x_wconf 88' lang='lat'><em>·</em></span> 
     </span>
    </p>

    <p class='ocr_par' dir='ltr' id='par_1_11' title="bbox 220 2910 1196 2993">
     <span class='ocr_line' id='line_1_33' title="bbox 220 2910 1196 2993; baseline -0.004 -18"><span class='ocrx_word' id='word_1_274' title='bbox 220 2916 269 2976; x_wconf 83' lang='lat'><strong>56.</strong></span> <span class='ocrx_word' id='word_1_275' title='bbox 288 2914 370 2993; x_wconf 79' lang='lat'><strong>(82.)</strong></span> <span class='ocrx_word' id='word_1_276' title='bbox 390 2912 566 2979; x_wconf 80' lang='lat' dir='ltr'><strong>¹(loalenrum</strong></span> <span class='ocrx_word' id='word_1_277' title='bbox 590 2916 698 2987; x_wconf 82' lang='lat' dir='ltr'><strong>vivaria</strong></span> <span class='ocrx_word' id='word_1_278' title='bbox 720 2914 839 2972; x_wconf 87' lang='lat' dir='ltr'><strong>instituit</strong></span> <span class='ocrx_word' id='word_1_279' title='bbox 860 2911 976 2973; x_wconf 84' lang='lat' dir='ltr'><strong>Fulvius</strong></span> <span class='ocrx_word' id='word_1_280' title='bbox 996 2910 1132 2990; x_wconf 78' lang='lat' dir='ltr'><strong>lippinus</strong></span> <span class='ocrx_word' id='word_1_281' title='bbox 1145 2920 1196 2980; x_wconf 76' lang='lat'><strong>173</strong></span> 
     </span>
    </p>

    <p class='ocr_par' dir='ltr' id='par_1_12' title="bbox 89 2995 1153 3161">
     <span class='ocr_line' id='line_1_34' title="bbox 89 2995 1153 3077; baseline -0.006 -17"><span class='ocrx_word' id='word_1_282' title='bbox 89 3036 93 3049; x_wconf 88' lang='lat'><strong>·</strong></span> <span class='ocrx_word' id='word_1_283' title='bbox 158 3004 186 3060; x_wconf 91' lang='lat' dir='ltr'><strong>in</strong></span> <span class='ocrx_word' id='word_1_284' title='bbox 203 2999 400 3077; x_wconf 83' lang='lat' dir='ltr'><strong>Tarquiniensi</strong></span> <span class='ocrx_word' id='word_1_285' title='bbox 423 2999 508 3075; x_wconf 91' lang='lat' dir='ltr'><strong>paulo</strong></span> <span class='ocrx_word' id='word_1_286' title='bbox 533 3008 598 3057; x_wconf 85' lang='lat' dir='ltr'><strong>ante</strong></span> <span class='ocrx_word' id='word_1_287' title='bbox 616 2997 702 3056; x_wconf 88' lang='lat' dir='ltr'><strong>oivile</strong></span> <span class='ocrx_word' id='word_1_288' title='bbox 717 2995 917 3074; x_wconf 84' lang='lat' dir='ltr'><strong>bellumquod</strong></span> <span class='ocrx_word' id='word_1_289' title='bbox 938 3014 1002 3055; x_wconf 87' lang='lat' dir='ltr'><strong>oum</strong></span> <span class='ocrx_word' id='word_1_290' title='bbox 1016 2995 1153 3073; x_wconf 90' lang='lat' dir='ltr'><strong>Pompeio</strong></span> 
     </span>
     <span class='ocr_line' id='line_1_35' title="bbox 158 3078 1153 3161; baseline -0.006 -16"><span class='ocrx_word' id='word_1_291' title='bbox 158 3085 263 3161; x_wconf 78' lang='lat' dir='ltr'><strong>Magno</strong></span> <span class='ocrx_word' id='word_1_292' title='bbox 280 3090 392 3159; x_wconf 82' lang='lat' dir='ltr'><strong>gestum</strong></span> <span class='ocrx_word' id='word_1_293' title='bbox 408 3091 464 3156; x_wconf 88' lang='lat' dir='ltr'><strong>est,</strong></span> <span class='ocrx_word' id='word_1_294' title='bbox 481 3080 620 3141; x_wconf 84' lang='lat' dir='ltr'><strong>distinctis</strong></span> <span class='ocrx_word' id='word_1_295' title='bbox 636 3081 750 3159; x_wconf 91' lang='lat' dir='ltr'><strong>quidem</strong></span> <span class='ocrx_word' id='word_1_296' title='bbox 766 3078 922 3156; x_wconf 79' lang='lat' dir='ltr'><strong>generibus</strong></span> <span class='ocrx_word' id='word_1_297' title='bbox 940 3098 1046 3154; x_wconf 88' lang='lat' dir='ltr'><strong>earum,</strong></span> <span class='ocrx_word' id='word_1_298' title='bbox 1069 3098 1153 3157; x_wconf 90' lang='lat' dir='ltr'><strong>sepa-</strong></span> 
     </span>
    </p>

    <p class='ocr_par' dir='ltr' id='par_1_13' title="bbox 124 3164 1198 3494">
     <span class='ocr_line' id='line_1_36' title="bbox 124 3164 1153 3243; baseline -0.009 -12"><span class='ocrx_word' id='word_1_299' title='bbox 124 3191 150 3231; x_wconf 82' lang='lat' dir='ltr'><strong>as</strong></span> <span class='ocrx_word' id='word_1_300' title='bbox 160 3170 242 3226; x_wconf 87' lang='lat' dir='ltr'><strong>ratim</strong></span> <span class='ocrx_word' id='word_1_301' title='bbox 258 3175 289 3224; x_wconf 91' lang='lat' dir='ltr'><strong>ut</strong></span> <span class='ocrx_word' id='word_1_302' title='bbox 306 3172 404 3224; x_wconf 87' lang='lat' dir='ltr'><strong>esseut</strong></span> <span class='ocrx_word' id='word_1_303' title='bbox 418 3164 503 3225; x_wconf 86' lang='lat' dir='ltr'><strong>albae</strong></span> <span class='ocrx_word' id='word_1_304' title='bbox 521 3184 594 3243; x_wconf 88' lang='lat' dir='ltr'><strong>quae</strong></span> <span class='ocrx_word' id='word_1_305' title='bbox 616 3166 644 3224; x_wconf 95' lang='lat' dir='ltr'><strong>in</strong></span> <span class='ocrx_word' id='word_1_306' title='bbox 658 3164 780 3223; x_wconf 81' lang='lat' dir='ltr'><strong>Reatino</strong></span> <span class='ocrx_word' id='word_1_307' title='bbox 796 3181 867 3240; x_wconf 80' lang='lat' dir='ltr'><strong>agro</strong></span> <span class='ocrx_word' id='word_1_308' title='bbox 885 3172 1053 3238; x_wconf 88' lang='lat' dir='ltr'><strong>naseuntur,</strong></span> <span class='ocrx_word' id='word_1_309' title='bbox 1069 3180 1153 3240; x_wconf 85' lang='lat' dir='ltr'><strong>sepa·</strong></span> 
     </span>
     <span class='ocr_line' id='line_1_37' title="bbox 160 3246 1155 3326; baseline -0.004 -17"><span class='ocrx_word' id='word_1_310' title='bbox 160 3252 242 3309; x_wconf 81' lang='lat' dir='ltr'><strong>ratim</strong></span> <span class='ocrx_word' id='word_1_311' title='bbox 256 3248 391 3323; x_wconf 77' lang='lat' dir='ltr'><strong>lllyrieae</strong></span> <span class='ocrx_word' id='word_1_312' title='bbox 407 3247 509 3325; x_wconf 86' lang='lat' dir='ltr'><strong>quibus</strong></span> <span class='ocrx_word' id='word_1_313' title='bbox 523 3248 688 3325; x_wconf 83' lang='lat' dir='ltr'><strong>magnitudo</strong></span> <span class='ocrx_word' id='word_1_314' title='bbox 698 3249 864 3326; x_wconf 82' lang='lat' dir='ltr'><strong>praecipua,</strong></span> <span class='ocrx_word' id='word_1_315' title='bbox 881 3246 1035 3307; x_wconf 81' lang='lat' dir='ltr'><strong>Africanae</strong></span> <span class='ocrx_word' id='word_1_316' title='bbox 1052 3246 1155 3324; x_wconf 89' lang='lat' dir='ltr'><strong>quibus</strong></span> 
     </span>
     <span class='ocr_line' id='line_1_38' title="bbox 161 3328 1198 3410; baseline -0.003 -17"><span class='ocrx_word' id='word_1_317' title='bbox 161 3328 332 3407; x_wconf 80' lang='lat' dir='ltr'><strong>fecunditas,</strong></span> <span class='ocrx_word' id='word_1_318' title='bbox 355 3332 502 3393; x_wconf 88' lang='lat' dir='ltr'><strong>Solitanae</strong></span> <span class='ocrx_word' id='word_1_319' title='bbox 520 3332 623 3410; x_wconf 88' lang='lat' dir='ltr'><strong>quibus</strong></span> <span class='ocrx_word' id='word_1_320' title='bbox 641 3330 785 3391; x_wconf 89' lang='lat' dir='ltr'><strong>nobilitas.</strong></span> <span class='ocrx_word' id='word_1_321' title='bbox 817 3333 930 3410; x_wconf 83' lang='lat' dir='ltr'><strong>qninet</strong></span> <span class='ocrx_word' id='word_1_322' title='bbox 944 3332 1070 3406; x_wconf 81' lang='lat' dir='ltr'><strong>saginam</strong></span> <span class='ocrx_word' id='word_1_323' title='bbox 1087 3348 1133 3389; x_wconf 90' lang='lat' dir='ltr'><strong>ea·</strong></span> <span class='ocrx_word' id='word_1_324' title='bbox 1146 3336 1198 3390; x_wconf 76' lang='lat'><strong>174</strong></span> 
     </span>
     <span class='ocr_line' id='line_1_39' title="bbox 161 3413 1154 3494; baseline -0.004 -19"><span class='ocrx_word' id='word_1_325' title='bbox 161 3434 222 3475; x_wconf 89' lang='lat' dir='ltr'><strong>rum</strong></span> <span class='ocrx_word' id='word_1_326' title='bbox 239 3424 406 3475; x_wconf 88' lang='lat' dir='ltr'><strong>eonmentus</strong></span> <span class='ocrx_word' id='word_1_327' title='bbox 428 3426 474 3476; x_wconf 84' lang='lat' dir='ltr'><strong>est</strong></span> <span class='ocrx_word' id='word_1_328' title='bbox 490 3434 559 3494; x_wconf 88' lang='lat' dir='ltr'><strong>sapa</strong></span> <span class='ocrx_word' id='word_1_329' title='bbox 576 3425 605 3475; x_wconf 87' lang='lat' dir='ltr'><strong>et</strong></span> <span class='ocrx_word' id='word_1_330' title='bbox 620 3416 698 3480; x_wconf 85' lang='lat' dir='ltr'><strong>farre</strong></span> <span class='ocrx_word' id='word_1_331' title='bbox 723 3415 845 3493; x_wconf 88' lang='lat' dir='ltr'><strong>aliisque</strong></span> <span class='ocrx_word' id='word_1_332' title='bbox 866 3413 1033 3492; x_wconf 81' lang='lat' dir='ltr'><strong>generibus,</strong></span> <span class='ocrx_word' id='word_1_333' title='bbox 1055 3422 1086 3472; x_wconf 90' lang='lat' dir='ltr'><strong>ut</strong></span> <span class='ocrx_word' id='word_1_334' title='bbox 1107 3413 1154 3472; x_wconf 86' lang='lat' dir='ltr'><strong>oo·¹</strong></span> 
     </span>
    </p>
   </div>
   <div class='ocr_carea' id='block_1_3' title="bbox 0 0 1290 3842">
    <p class='ocr_par' dir='ltr' id='par_1_14' title="bbox 0 0 1290 3842">
     <span class='ocr_line' id='line_1_40' title="bbox 0 0 1290 3842; baseline 0 0"><span class='ocrx_word' id='word_1_335' title='bbox 0 0 1290 3842; x_wconf 95' lang='lat' dir='ltr'><strong> </strong></span> 
     </span>
    </p>
   </div>
  </div>
 </body>
</html>
