2542 3842
162 125 223 190 bol
468 137 608 188 ouumr
624 138 776 186 sucorum

161 303 225 355 eus
246 301 292 353 est
306 295 335 352 in
353 291 476 352 artioulo
491 272 690 371 pedis'veutre
709 293 837 352 eminens
856 309 1004 367 eoueavo,
1023 295 1052 352 in
1064 301 1168 353 verte-

161 378 250 440 braii
290 387 346 436 tus.
811 405 815 412 ·

118 471 171 548 ape
233 396 289 522 igi?
300 461 405 542 (107.)
421 461 523 522 Auium
537 462 612 522 aliae
628 461 777 554 digitatag
794 461 868 520 aare
884 460 1074 538 palmipedes,
1087 459 1167 521 aliae

161 550 236 608 iuter
252 555 402 624 utrumque
416 545 514 606 divisis
534 545 629 622 digitis
644 543 758 604 adieota
775 544 932 606 latitudine.
962 544 1015 604 sed
1030 544 1166 618 omuibus

163 632 296 710 quaterni
309 630 406 707 digiti,
422 639 483 689 tres
498 631 526 688 iu
542 631 640 707 priore
657 638 755 706 parte,
772 645 844 687 unos
860 647 876 687 a
892 629 985 688 oaloe.
1016 629 1063 688 bio
1077 629 1191 689 deests

162 712 331 794 quibusdam
347 715 434 790 longa
451 731 534 774 arura
549 712 730 772 habentibus.
760 714 828 787 iynx
842 712 906 772 sola
920 714 1063 790 utrimque
1078 713 1166 774 binos

161 799 259 859 babel.
290 799 391 858 eadem
408 797 533 874 linguam
549 798 726 876 serpentium
742 796 864 856 similem
877 798 906 854 iu
920 813 1050 874 magnam
1069 797 1164 874 longi·

161 883 288 943 tudinem
305 883 437 961 porrigit,
455 881 562 942 oollurn
579 881 748 957 oiroomagit
762 882 790 938 in
805 897 992 952 aversanae.
1009 898 1123 958 ungnes
1138 883 1165 940 ei

119 975 171 1031 257
181 967 308 1044 grandes
331 984 385 1026 eeu
410 965 546 1043 grumulis.
603 964 708 1024 Anium
734 964 903 1042 quibusdam
931 965 1113 1042 grauioribus
1137 967 1166 1024 in

160 1051 294 1111 marmus
315 1050 402 1110 additi
419 1049 500 1110 radii.
531 1049 600 1109 nulli
615 1065 708 1109 uncos
722 1048 885 1109 habentium
900 1067 1021 1126 ungues.
1056 1048 1199 1126 Longi-so

162 1135 255 1214 pedes
276 1135 420 1214 porrectis
443 1133 479 1193 ad
501 1133 621 1194 ouudarn
636 1133 766 1194 erunibus
782 1133 889 1193 volant.
923 1133 1026 1212 quibus
1044 1133 1165 1210 breves,

162 1221 318 1280 contractis
335 1217 371 1277 ad
384 1217 517 1278 inedium.
549 1217 605 1292 Qui
619 1226 725 1294 negant
739 1217 889 1278 volucrem
903 1218 990 1277 ullam
1005 1217 1067 1278 slne
1082 1219 1164 1296 pedi·

162 1303 216 1364 bas
237 1321 304 1364 esse
325 1303 494 1362 uonlirnrant
514 1311 545 1361 et
564 1303 675 1380 apodas
695 1300 805 1361 habere
820 1311 851 1362 et
873 1315 949 1360 ouen
966 1309 995 1360 et
1011 1301 1163 1385 impuniti,

163 1405 237 1466 guae
260 1405 297 1446 ex
317 1387 362 1446 bis
378 1385 526 1448 rarissime
542 1385 672 1463 adparet.
713 1385 802 1446 Visae
825 1388 879 1446 iana
898 1387 984 1445 etiarn
1007 1395 1165 1464 serpentes

162 1471 303 1530 anserinis
317 1470 450 1548 pedibus.
1173 1486 1197 1527 rt

119 1563 173 1619 258
232 1551 282 1614 48.
302 1553 407 1631 (108.)
423 1553 603 1612 lnseotorum
619 1552 711 1630 pedes
733 1554 816 1629 primi
839 1554 989 1628 longiores
1008 1555 1096 1614 duros
1110 1552 1164 1614 ba·

162 1639 295 1698 bentibus
312 1637 432 1711 oeulos,
449 1643 480 1694 ut
494 1635 616 1696 subinde
630 1634 753 1713 pedibus
769 1653 822 1695 eos
837 1645 985 1712 tergeant,
1007 1655 1062 1696 ceu
1080 1647 1163 1698 uota·

163 1739 224 1781 rsus
238 1723 266 1777 in
281 1723 397 1780 nrusois.
413 1735 488 1798 qaae
499 1737 537 1778 ex
551 1719 595 1778 his
611 1720 784 1778 novissimos
801 1718 908 1778 babent
924 1721 1029 1795 longos
1046 1721 1163 1796 saliunt,

163 1805 192 1863 ut
206 1803 348 1862 locustae.
379 1803 509 1862 omnibus
525 1811 620 1862 autern
635 1802 680 1861 his
695 1804 758 1862 seni
775 1802 877 1880 pedes.
909 1804 1022 1862 araneis
1043 1804 1163 1881 quibus·

161 1887 224 1946 darn
254 1887 406 1965 praelongi
434 1887 577 1947 aoeednnt
605 1886 672 1946 bini.
725 1885 885 1945 internodia
915 1886 1036 1963 singulis
1067 1895 1197 1949 tersum

119 1969 292 2036 assOotonos
308 1979 338 2030 et
354 1973 470 2031 marinis
486 1987 554 2030 esse
569 1970 706 2045 diximus,
729 1969 864 2050 polypis,
887 1973 1010 2049 saepiis,
1028 1970 1163 2048 lolligini,

161 2057 291 2133 pauens,
308 2057 356 2134 qui
371 2055 508 2115 braeelria
524 2056 552 2114 iu
567 2055 741 2131 eontrarium
756 2065 890 2130 movent,
911 2054 1003 2134 pedes
1018 2055 1046 2114 in
1061 2055 1164 2114 orbem

119 2149 171 2205 259
182 2147 230 2200 aut
243 2141 272 2198 in
288 2139 423 2200 oblicum.
458 2139 559 2222 iisdem
573 2138 647 2198 solis
661 2138 823 2199 animalium
842 2139 966 2198 rotundi.
997 2137 1103 2198 Cetera
1118 2138 1162 2198 bi·

161 2222 1195 2387 tt:.¹’ii.⁶.'..ll⁰⁰;..l³.i⁶lassellis.sitiretis..

161 2407 240 2468 ines,
260 2409 318 2450 non
338 2389 581 2450 inira·duodenos
604 2387 726 2466 habeut,
747 2391 842 2468 aliqua
863 2409 935 2451 uero
959 2400 988 2451 et
1010 2399 1158 2450 centenos.

118 2484 315 2538 atonnmerus
333 2473 438 2551 pedum
457 2473 541 2552 inpar
561 2475 630 2533 nulli
653 2483 708 2532 est.
750 2473 950 2552 solidipedum
968 2490 1049 2545 crura
1062 2472 1162 2531 statirn

161 2561 235 2619 iusta
250 2563 405 2617 naseuntur
418 2573 562 2632 mensura,
578 2565 682 2635 postea
694 2558 912 2634 exporrigentia
922 2577 956 2618 se
967 2559 1060 2619 verius
1071 2569 1164 2632 quarn

162 2635 334 2702 crescentia.
373 2643 469 2719 itaque
494 2644 522 2700 in
549 2641 667 2700 infantia
696 2641 817 2700 scabunt
839 2643 916 2701 auris
936 2636 1163 2720 posterioribus,

160 2723 237 2804 quod
258 2726 353 2787 addita
375 2733 470 2784 aetate
490 2742 547 2784 uon
570 2733 693 2805 queunt,
714 2725 780 2803 quia
805 2725 954 2802 longitudo
975 2722 1202 2804 superficierum

160 2805 316 2886 oorporurn
333 2809 423 2868 solani
443 2809 569 2887 ampliat.
602 2808 657 2868 hac
672 2809 711 2869 de
726 2827 812 2869 eausa
825 2811 901 2868 iuter
912 2810 990 2869 initia
1005 2809 1087 2888 passi
1104 2807 1165 2868 uisi

161 2890 309 2954 submissis
329 2892 453 2968 genibus
474 2909 531 2952 non
553 2900 692 2971 possunt,
720 2910 777 2953 nee
798 2911 891 2972 usque
915 2893 980 2954 dum
1001 2891 1103 2951 eervix
1123 2891 1165 2952 ad
1245 2958 1246 2967 χ

161 2977 235 3036 iusta
248 2979 426 3064 incrementa
441 2977 600 3054 perveniat.
617 2977 668 3038 49.
680 2975 867 3036 Pumilionurn
882 2993 975 3055 genas
988 2976 1018 3035 iu
1027 2973 1166 3035 omnibus

160 3061 331 3120 animalibus
346 3069 401 3138 est,
417 3069 504 3136 utque
519 3061 604 3120 etiam
619 3061 694 3120 iuter
709 3061 853 3120 volueres.

116 3151 167 3205 261
231 3143 337 3221 (109.)
356 3142 636 3204 Genitaliamaribus
651 3143 754 3222 quibus
769 3152 867 3203 esseut
881 3151 1010 3203 retrorsa
1026 3143 1201 3218 diximusne

118 3221 248 3297 ,liossea
263 3235 328 3284 sunt
343 3226 429 3302 lupis,
445 3226 592 3304 stipibus,
604 3227 745 3302 mustelis,
761 3228 894 3302 viverris,
906 3229 981 3288 unde
997 3230 1083 3287 etiam
1099 3225 1164 3287 eal·
1245 3181 1247 3283 i

152 3309 227 3368 mulo
248 3307 370 3368 lrnmano
393 3309 522 3369 remedia
538 3311 705 3388 praecipua.
746 3325 816 3370 urso
838 3328 955 3390 quoque
971 3311 1166 3390 simulatque

160 3393 353 3467 exspiraverit
380 3407 557 3452 oorueseere
587 3393 674 3452 aiunt.
721 3393 863 3454 camelino
891 3412 976 3456 araus
1006 3395 1166 3460 intendere
