2542 3842
159 159 221 221 206
497 169 528 218 o.
544 167 807 217 unmssconnr

159 332 214 400 est,
230 331 262 382 nt
273 341 369 404 neque
382 324 414 385 id
428 326 521 403 ipsum
533 341 590 402 qno
602 325 708 383 visitur
719 325 748 384 in
758 324 819 384 vita
833 325 955 384 iuraret.
988 323 1163 386 Parthorum

157 407 274 488 populis
285 409 343 470 boc
361 408 519 488 praecipue
535 417 595 470 eta
607 409 722 468 inventa
738 417 860 487 propter
874 409 1047 470 indiscretos
1062 409 1164 487 cibos,

157 510 280 574 namque
296 503 327 553 et
343 495 409 552 vino
426 493 535 554 iactent
550 508 602 551 ora
617 493 713 551 nimio.
744 491 797 552 sed
811 491 866 551 sibi
882 509 1026 571 proceres
1040 492 1163 553 meden-

157 585 204 635 tur
220 595 310 653 grano
324 577 437 653 Assyrii
452 575 529 650 mali,
547 577 627 634 cnins
643 585 690 635 est
704 578 831 635 suarim
844 579 1015 655 praecipua,
1029 579 1059 636 in
1074 595 1161 638 escu-

115 668 168 724 ato
177 661 253 720 lenta
275 663 382 722 addito.
421 659 648 738 Elephantorum
667 661 759 719 anima
775 661 921 738 serpentis
934 661 1076 736 cntrabit,
1093 678 1187 721 cer-s

116 745 133 782 ⁷·
144 743 166 818 ¹?
179 761 278 804 norum
297 747 362 806 urit.
394 743 522 804 Diximus
542 743 686 804 bominum
707 761 816 820 genera
840 745 890 823 qui
908 763 1021 804 venena
1037 763 1160 823 serpen·

126 793 148 828 η
159 829 226 886 tium
242 839 323 890 suctu
342 825 514 907 corporibus
530 829 699 888 eximerent.
727 830 796 906 quin
813 836 843 886 et
857 827 946 888 sabas
961 838 1118 906 serpentes
1131 833 1160 890 in

129 930 136 963 ι
158 911 265 990 pabulo
278 924 353 990 sunt,
364 923 394 973 et
405 913 469 972 aliis
481 929 622 970 venenum
635 921 689 971 est.
717 911 800 984 Quae
811 914 922 972 insecta
935 913 1158 992 appellavimus,

159 997 251 1056 omnia
264 997 322 1057 olei
340 997 481 1075 adsperso
494 1004 641 1055 necantur.
670 996 800 1055 vultures
818 1004 976 1074 unguento,
994 998 1044 1074 qui
1056 997 1159 1074 iugan-

158 1087 215 1138 tem
232 1079 304 1141 alios
320 1081 456 1160 adpetunt
469 1079 599 1155 odorem,
613 1079 767 1140 scarabaei
783 1096 860 1141 rosa.
885 1080 1021 1159 quasdam
1036 1097 1192 1159 serpen-ro

158 1163 193 1223 tis
210 1168 327 1244 scorpio
350 1163 467 1224 occidit.
497 1164 768 1241 Scytbuesagittas
790 1165 901 1242 tingusu
922 1165 1159 1242 viperina'sanie

158 1255 186 1306 et
199 1247 322 1309 hnmano
340 1249 480 1326 sauguine
502 1247 718 1307 inremediabile
740 1247 769 1306 id
792 1249 901 1308 scelus.
939 1257 1059 1308 mortem
1076 1249 1159 1309 illico

158 1331 252 1392 adiert
266 1333 323 1392 levi
337 1342 425 1392 tactu.
846 1350 852 1359 ‘
1060 1332 1066 1340 '

115 1419 167 1478 Μ
223 1416 328 1498 (116.)
342 1416 424 1490 Quae
436 1415 595 1476 animalium
605 1424 795 1494 pascerentur
801 1433 914 1475 veneno
921 1415 1053 1476 diximus.
1067 1435 1160 1496 quae·

116 1523 144 1564 ιο,
151 1522 174 1556 n
184 1499 246 1560 darn
254 1503 375 1562 innocua
387 1500 495 1580 alioqui
502 1501 653 1558 venenatis
664 1508 748 1576 pasta
758 1499 845 1559 noxia
854 1499 923 1560 liunt
934 1509 966 1559 et
976 1502 1049 1578 ipsa.
1067 1505 1192 1579 apros‘u

157 1583 185 1642 in
201 1584 367 1664 Pamphylia
394 1593 423 1643 et
445 1581 563 1642 Ciliciae
578 1583 737 1642 montuosis
752 1583 931 1642 salamandra
947 1583 985 1642 ab
1001 1585 1046 1643 bis
1065 1585 1160 1644 devo·

157 1677 218 1727 rata
236 1667 284 1742 qui
300 1667 389 1728 edere
405 1666 569 1726 moriuntur.
603 1668 784 1742 nequeenim
796 1666 1016 1725 estintellectus
1034 1667 1111 1727 ullus
1130 1671 1160 1727 in

158 1751 247 1808 odore
261 1757 290 1808 et
300 1763 416 1828 sapore,
430 1755 459 1808 et
470 1750 702 1827 aquauinumque
714 1748 857 1808 interemit
868 1747 1047 1808 salamandra
1063 1750 1105 1809 ibi
1116 1753 1158 1812 in·

156 1839 276 1908 mortua,
289 1831 337 1891 vel
349 1833 373 1890 si
384 1831 498 1891 omnino
509 1831 614 1890 biberit
624 1832 701 1891 unde
707 1839 833 1909 potetur,
847 1832 915 1891 item
925 1849 995 1891 rana
1008 1849 1096 1910 quam
1111 1853 1159 1896 ru·
1248 1792 1250 1875 l

114 1925 164 1979 281
174 1913 391 1980 betamvocant.
409 1923 515 1976 tanturn
523 1914 687 1976 insidiarum
696 1924 741 1975 est
751 1915 846 1976 vitae!
865 1933 976 1993 raspae
989 1917 1191 1995 serpentemsn
1247 1946 1248 1963 ÷

158 1999 241 2059 avide
256 2009 424 2076 vescuntur,
441 2016 498 2079 quo
513 1999 649 2060 alimento
661 1998 827 2059 mortiferos
839 2000 914 2060 ictus
928 1999 1045 2059 iaciunt.
1067 2002 1158 2063 adeo-

158 2088 214 2162 que'
230 2101 332 2161 magna
348 2084 507 2146 differentia
524 2092 569 2143 est
584 2083 690 2158 victus,
705 2084 777 2143 utin
790 2091 883 2144 tractu
903 2084 986 2161 pisce
1001 2085 1159 2146 uiuentium

157 2165 375 2246 Theophrastus
393 2168 497 2248 prodat
510 2168 604 2227 boves
618 2185 735 2246 quoqne
750 2169 832 2245 pisce
847 2169 944 2242 nesci,
960 2168 1013 2228 sed
1029 2187 1085 2227 non
1100 2170 1158 2228 nisi

155 2253 282 2313 vivente.
758 2265 761 2271 '

114 2345 164 2399 ast
222 2337 326 2413 (117.)
341 2335 453 2396 llominl
469 2334 549 2394 cibus
570 2335 736 2395 utilissimus
750 2334 884 2412 simplex,
902 2336 1049 2394 acervatio
1063 2348 1146 2410 sapo-
1157 2344 1189 2384 π

156 2437 217 2480 mm
238 2419 378 2496 pestilera
401 2426 430 2476 et
447 2417 629 2478 condimento
644 2418 847 2495 perniciosior.
885 2416 1039 2477 dificulter
1058 2426 1155 2476 autem

155 2503 344 2580 periieiantnr
354 2499 448 2560 omnia
462 2503 490 2560 in
501 2501 573 2562 cibis
583 2501 674 2575 acria,
686 2516 802 2578 aspera,
819 2501 998 2576 inconsueta,
1009 2502 1094 2572 varia,
1106 2502 1152 2557 ni·

156 2587 211 2645 mia
228 2593 257 2642 et
271 2584 355 2644 avide
369 2584 486 2660 bansta,
502 2595 533 2644 et
548 2592 659 2644 aestate
673 2601 758 2661 quarn
774 2583 871 2652 bieme
885 2583 1044 2656 difficilius,
1066 2589 1096 2640 et
1118 2583 1155 2644 in

155 2677 273 2728 senecta
289 2685 373 2747 qaum
388 2670 417 2729 iu
430 2669 560 2728 iuventas
579 2667 750 2726 uornitiones
766 2667 871 2728 bomini
886 2669 922 2728 ad
934 2668 1007 2728 baec
1017 2669 1044 2726 in
1055 2683 1157 2726 reme-

155 2753 230 2811 dium
251 2754 436 2830 excogitatae
451 2751 599 2829 frigidiora
619 2766 744 2829 corpora
760 2751 884 2826 iaciunt,
906 2753 1036 2810 inimicae
1057 2740 1193 2811 ocultis

154 2851 286 2896 maxume
301 2855 336 2898 ac
352 2835 494 2895 dentibus.

111 2923 164 2982 283
222 2919 327 3000 (118.)
350 2920 458 2982 Somno
486 2935 673 2997 concoquere
699 2919 897 3001 corpulentiae
920 2937 1004 3002 quam
1029 2919 1158 2978 lirmitati

153 3003 260 3064 utilius.
297 3003 365 3062 ideo
390 3003 513 3065 athletas
537 3001 732 3064 ambulatione
757 3004 864 3064 malunt
886 3004 970 3063 cibos
996 3002 1157 3081 perlicere.

153 3087 308 3165 pervigilio
331 3089 445 3166 quidem
461 3088 619 3166 praecipue
640 3088 790 3146 vincuntur
812 3086 878 3146 cibi.
914 3086 964 3147 bl.
981 3087 1159 3164 Angescunt

154 3187 280 3250 corpora
295 3170 427 3231 dulcibus
441 3179 527 3250 atque
542 3169 696 3249 pinguibus
707 3180 736 3230 et
750 3179 831 3249 potu,
845 3172 1006 3232 minuuntur
1018 3172 1107 3230 siccis
1123 3179 1158 3230 et
1168 3179 1197 3222 ³⁸

153 3253 239 3352 aridis
254 3253 426 3354 frigidisque
442 3273 477 3315 ac
492 3256 547 3352 siti.
575 3254 723 3352 Quaedam
740 3255 870 3355 animulis
886 3265 916 3315 et
931 3255 1063 3334 pecudes
1078 3271 1157 3331 quo-

152 3336 1159 3501 u1testufurorue‚usitetuuuuusuuuff
