2542 3842
155 155 211 219 1²8
496 162 806 213 c.rn1n1snonnn1

150 320 314 383 ditteutter.
343 318 374 379 in
389 268 481 395 petris
502 332 568 377 raro
586 316 746 377 consistunt
760 322 912 375 eurum
931 315 1067 391 unguium
1082 330 1154 393 pro-

150 404 276 466 hibente.
983 454 994 461 .
1135 440 1139 445 -

109 499 144 553 43
208 486 292 565 (22.)
309 484 392 545 Nune
401 484 438 545 de
450 482 579 543 seeundo
588 500 702 559 genere
713 481 853 556 dieamus,
867 481 946 559 quod
955 484 985 541 in
994 483 1065 543 duas
1077 483 1154 543 divi·

152 573 228 635 ditur
243 572 372 648 speeies,
389 568 505 629 oseinss
526 575 555 627 et
574 566 668 627 alites.
680 586 687 599 ·
701 566 815 625 illarum
829 566 932 641 generi
957 576 1055 626 tentus
1076 568 1153 647 oris,

151 656 196 715 luis
210 652 374 730 magnitudo
399 651 588 711 differentiam
606 650 695 709 dedit.
732 648 781 709 20.
804 650 902 725 itaque
920 650 1098 727 praeoedent
1119 658 1183 715 ete

152 739 264 811 ordine,
283 737 431 812 omnisque
446 734 573 812 reliquus
589 733 617 794 in
631 732 676 793 luis
697 750 839 811 pauonum
859 750 952 808 genus
973 752 1037 793 enm
1058 734 1155 794 formu

151 832 210 885 tum
222 821 371 883 intellectu
382 821 444 879 eius
459 828 487 877 et
502 818 606 895 gloria.
625 818 795 893 gemmantis
805 816 937 877 laudatus
952 817 1090 895 expandit
1100 835 1154 877 oo·

152 906 234 977 lores
249 905 373 965 adverso
385 920 516 968 maxume
530 902 605 975 sole,
618 902 739 978 quia‘sie
754 900 912 977 fulgentius
924 902 1045 961 radiant.
1067 901 1152 961 simul
1258 889 1260 974 l

153 989 271 1051 umbrae
294 984 434 1065 quosdam
457 1002 650 1063 repersussur
674 986 792 1059 ceteris,
816 985 907 1062 quiet
929 986 957 1043 in
977 1002 1072 1063 opaea
1091 984 1150 1045 nlu-
1258 987 1259 1020 l

152 1075 212 1133 rius
232 1074 346 1144 minant,
369 1071 509 1130 mundata
532 1069 645 1147 quaerit
666 1068 775 1142 cauda,
798 1070 948 1147 omnisque
968 1071 997 1128 in
1014 1060 1187 1137 aeervsmm

111 1157 295 1223 tteontrahit
310 1155 457 1231 pinnarum
473 1172 547 1231 quos
562 1154 690 1230 speetari
703 1152 812 1229 gaudet
825 1153 940 1213 oeulos.
967 1154 1044 1213 idem
1060 1152 1151 1215 cauda

151 1243 253 1303 annuis
276 1238 388 1299 vioibus
411 1238 515 1300 amissa
531 1254 594 1297 eum
614 1237 693 1297 foliis
708 1236 853 1311 uberum,
869 1236 963 1297 donee
982 1246 1152 1301 renascatur

154 1328 256 1386 iterum
276 1341 340 1383 eum
354 1323 443 1398 dore,
465 1320 645 1400 pudibundus
662 1339 698 1381 ne
712 1339 845 1381 maerens
869 1323 982 1398 quaerit
1000 1321 1150 1381 latebram.

153 1410 225 1469 vivit
242 1409 332 1470 anuis
343 1420 424 1467 xxv.
444 1405 560 1467 dolores
581 1405 704 1465 fundere
718 1405 820 1482 incipit
839 1404 868 1463 in
883 1406 1004 1465 trimatu.
1032 1404 1068 1465 ab
1084 1422 1150 1464 auo·
1250 1455 1253 1461 ,

154 1492 265 1554 toribus
282 1508 339 1551 non
355 1490 515 1566 gloriosum
530 1497 638 1549 tanturn
650 1488 753 1550 animal
768 1488 826 1547 luno
837 1490 968 1563 truditur,
984 1488 1038 1549 sed
1052 1497 1082 1547 et
1092 1506 1149 1549 mu·
1161 1503 1191 1550 tt

155 1576 291 1645 levoion,
310 1574 384 1631 siout
399 1590 491 1644 ,unser
511 1572 717 1644 verecundum,
736 1573 869 1648 quonium
890 1572 942 1631 hus
958 1589 1076 1649 qnoque
1090 1573 1153 1649 qni·

95 1700 102 1717 .
155 1659 218 1719 dum
233 1654 404 1719 addiderunt
417 1663 500 1715 notus
518 1657 545 1715 in
563 1654 617 1727 his,
634 1654 701 1713 haut
718 1654 857 1731 probatas
871 1655 948 1713 inihi.

107 1750 147 1803 45
216 1736 300 1815 (23.)
324 1739 468 1799 Pavonem
480 1736 542 1795 eibi
557 1738 651 1812 gratia
668 1736 777 1795 Romae
795 1736 902 1813 primns
922 1738 1032 1796 nooidit
1053 1748 1156 1799 oratur

154 1822 325 1883 Hortensius
352 1819 461 1879 aditiali
489 1818 561 1880 oona
584 1819 739 1879 saeerdoti.
773 1820 907 1894 saginare
935 1821 1043 1896 primus
1072 1823 1156 1881 insti·

154 1906 217 1965 tuit¹
229 1906 306 1964 eirea
327 1905 511 1964 novissimum
537 1903 687 1980 piraticum
703 1902 811 1961 bellum
832 1900 869 1961 ll.
891 1901 1019 1963 Aufidius
1043 1902 1154 1981 burno,
1166 1924 1193 1965 nt

144 2006 250 2067 euque
267 1994 304 2047 eo
321 1997 442 2067 quaestu
458 1988 568 2049 reditus
585 1987 750 2047 sestertium
768 2002 917 2063 sexagena
931 1986 1008 2047 milis
1021 1986 1133 2047 uatuu.

112 2082 147 2138 lt
217 2072 266 2133 21.
286 2072 370 2151 (24.)
383 2069 537 2133 'Proxuma
554 2070 677 2149 gloriam
694 2072 820 2131 sentiunt
839 2080 869 2131 et
887 2071 916 2131 lui
937 2072 1029 2130 nostri
1047 2072 1155 2147 vigiles

155 2158 302 2231 noeturni,
325 2175 399 2235 quos
417 2155 576 2219 excitandis
592 2156 620 2215 in
640 2172 732 2234 opera
747 2154 915 2216 mortalibus
934 2156 1154 2234 rumpendoque

156 2259 257 2305 somno
273 2250 374 2301 natura
390 2242 498 2317 genuit.
521 2249 623 2299 norunt
638 2239 745 2313 sidera,
766 2248 795 2298 et
810 2248 908 2299 ternas
930 2239 1087 2316 distingunt
1101 2240 1152 2298 luo·

156 2344 205 2385 rus
224 2324 347 2385 interdiu
369 2333 462 2383 cantu.
496 2340 562 2383 oum
583 2322 648 2383 sole
671 2322 900 2397 eumenidum,
923 2333 1082 2402 quartaque
1103 2336 1192 2381 euna

157 2410 260 2469 strenui
276 2406 374 2481 vigilia
396 2406 432 2465 ad
454 2423 538 2467 ouras
561 2407 748 2483 laboremque
769 2415 918 2480 ueroeam,
950 2424 1006 2466 nee
1020 2407 1153 2467 solisor·

157 2502 215 2553 tum
243 2490 362 2550 incautis
388 2490 532 2567 patiuntur
552 2490 717 2567 obrepere,
741 2489 875 2567 diemque
897 2490 1059 2550 uenientem
1082 2507 1154 2548 nun-

115 2582 148 2637 47
161 2577 230 2635 tiant
247 2570 347 2649 eante,¹
368 2574 460 2652 ipsum
474 2590 548 2633 vero
564 2582 677 2633 nantum
700 2572 802 2649 plausu
826 2574 955 2634 laterum.
987 2574 1156 2651 lmperitant

157 2673 209 2717 suo
234 2657 353 2733 generi,
375 2666 403 2717 et
429 2674 550 2735 regnum
570 2657 599 2715 in
612 2674 793 2734 quecumque
812 2666 877 2716 sunt
896 2658 982 2717 domo
1000 2664 1154 2717 exercent.

158 2741 340 2803 diminutione
360 2742 470 2819 paritur
490 2739 547 2801 hoo
573 2741 761 2818 interiores,
785 2741 865 2800 velut
885 2740 953 2801 ideo
968 2742 1027 2801 tela
1048 2749 1192 2817 mutuno

159 2825 291 2885 eruribus
307 2826 367 2885 suis
383 2824 609 2913 intellegentes‚·
623 2840 679 2883 nee
698 2823 763 2883 linis
781 2843 872 2903 saepe
898 2813 1153 2885 conmorientiltus

71 2907 81 2917 “
158 2908 274 2986 quodsi
289 2907 383 2985 palma
399 2908 548 2985 contingit,
570 2909 666 2969 statim
684 2908 714 2967 in
729 2909 851 2968 uictoria
867 2918 970 2969 canunt
990 2926 1084 2987 seque
1098 2908 1154 2987 ipsi

85 3036 87 3041 -
120 3010 123 3019 ’
157 2992 305 3069 principes
329 3000 479 3053 testantur.
509 2993 602 3053 vinus
624 2993 785 3054 oeoultntur
809 2993 900 3053 silens
922 3010 1071 3072 aegreque
1092 3010 1154 3051 ser·

157 3076 256 3136 vitium
274 3076 387 3151 patitur.
421 3085 456 3137 et
465 3075 552 3154 plebs
565 3085 660 3137 tamen
673 3094 768 3154 aeque
781 3077 907 3154 superbo
921 3077 1051 3153 graditur
1065 3077 1156 3137 ardue

158 3161 285 3232 terrine,
304 3160 398 3219 oristis
417 3160 508 3236 celsa,
526 3160 696 3237 caelumque
708 3160 775 3219 sola
788 3159 936 3220 voluerum
951 3160 1075 3239 adspicit
1089 3178 1154 3221 ore·
1164 3171 1194 3214 ³⁵

158 3241 221 3314 bra,
239 3242 268 3299 in
282 3240 404 3302 sublime
420 3242 538 3303 oaudaru
554 3260 671 3329 quoque
686 3242 819 3303 inlautum
829 3245 955 3320 erigens.
983 3247 1081 3322 itaque
1095 3254 1155 3319 ter·

116 3323 216 3385 idrori
234 3333 298 3383 sunt
320 3325 404 3383 etiarn
420 3324 553 3397 leonibus
567 3326 694 3385 ferarum
710 3328 953 3401 generosissimis.
982 3328 1041 3389 lum
1056 3346 1094 3387 ex
1110 3327 1157 3387 uis

160 3404 272 3481 quidam
287 3405 323 3464 ad
337 3404 415 3467 bella
433 3414 538 3467 tantum
561 3417 591 3469 et
606 3408 718 3485 proelia
735 3410 852 3469 adsidua
859 3420 1027 3487 naseuntur,
1051 3411 1156 3490 quihus
