2542 3842
3 1974 28 2042 ¹>

274 124 738 243 nur.'n1sr.1.(irxxv11.)n.
763 176 843 227 r-u.
864 163 978 249 (1-2.)
1076 162 1079 167 ’
1098 166 1138 228 dh

149 329 305 404 nostram,
334 327 518 404 Zenothemi,
533 327 719 407 Metrodoro,
735 332 858 408 Sotaco,
879 322 1004 409 Fumea,
1020 333 1138 395 Timaeo

150 414 266 488 Siculo,
282 412 385 488 Nicia,
409 412 628 490 Theochresto,
645 414 794 490 Asaroha,
810 414 943 493 lllnasea,
961 418 1139 495 Theomene,

152 498 263 573 Ctesia,
278 494 452 572 Mithridate,
465 496 623 576 Sophocle,
637 496 785 559 Archelao
799 518 882 576 rege,
896 498 1069 580 Callistrato,
1083 503 1141 562 De·

151 583 283 657 mocrito,
299 580 432 656 Ismenia,
449 579 610 658 Olympico,
626 580 795 644 Alexandro
810 584 1000 662 polyhistore,
1016 580 1141 666 h'pione,

128 666 242 742 elloro,
262 664 430 740 Zoroastre,
447 663 591 725 Zachalia.
959 682 961 686 ·

549 845 750 856 --...-.-.-...

412 982 447 1065 d.
481 988 626 1071 l'lllll
658 988 883 1074 dlllllllllll

118 1120 145 1159 ¹⁰
241 1119 634 1221 ,londoniis
675 1115 1036 1221 lllllhlllhll

508 1271 706 1335 urano
749 1272 794 1335 Π.

123 1541 149 1581 1⁵
218 1509 288 1590 Cap.
308 1512 447 1588 1.(seet.
467 1513 511 1591 1.)
537 1511 672 1574 Mundum
695 1521 725 1573 et
741 1512 798 1571 hoc
813 1511 1014 1590 quodcumque
1029 1514 1171 1573 nominel

159 1596 213 1657 alio
230 1594 344 1655 caelum
354 1596 504 1673 appellare
516 1595 606 1672 libuit,
624 1597 704 1657 cuius
716 1596 900 1657 circumflexu
913 1595 1019 1672 degunt
1031 1606 1143 1671 cuncta,

149 1697 338 1739 ‚numenesse-
348 1679 490 1761 oredipar
500 1689 554 1756 est,
566 1682 724 1757 aeternnm,
736 1681 903 1754 inmensum,
913 1698 1007 1758 neque
1018 1680 1144 1757 genitum

159 1781 253 1842 neque
275 1763 452 1823 interiturum
475 1781 615 1843 umquam.
645 1762 734 1824 lloius
756 1772 857 1831 extera
879 1764 1016 1840 indagare
1033 1769 1088 1824 uec
1103 1765 1143 1822 in-

159 1855 249 1907 terest
260 1845 413 1921 hominum,
430 1865 484 1907 nec
500 1850 576 1926 capit
588 1848 726 1908 humanae
739 1849 905 1907 coniectura
918 1849 1029 1907 mentis.
1055 1853 1173 1909 sacerd
1247 1864 1253 1874 ·

124 1952 151 1993 ro
161 1939 215 2005 est,
230 1938 376 2005 aeternos,
394 1931 548 2007 inmensus,
565 1940 641 1991 totus
657 1934 684 1992 in
699 1940 771 2007 toto,
788 1933 872 2000 immo
887 1948 958 1991 vero
970 1933 1033 2010 ipse
1045 1941 1144 2006 totum,

160 2014 281 2073 indultos
297 2032 332 2074 ac
347 2014 424 2075 [inito
440 2016 555 2091 similis,
578 2018 701 2076 omnium
724 2024 820 2075 rerum
835 2024 931 2075 certos
947 2023 976 2074 et
990 2016 1090 2074 similis
1105 2017 1144 2073 in·

160 2106 261 2171 certo,
285 2107 366 2159 extra
387 2098 458 2158 intra
480 2109 581 2159 cuncta
606 2099 766 2178 conplexus
781 2100 810 2156 iu
829 2116 881 2171 se,
903 2098 1036 2174 idemque
1050 2116 1144 2156 rerum

158 2188 280 2254 natutae
296 2196 368 2259 opus
384 2190 412 2241 et
428 2200 524 2242 rerum
539 2183 603 2259 ipsa
619 2192 727 2241 natura.
749 2180 841 2239 Furor
856 2172 1071 2246 estmeusnraln
1083 2180 1173 2237 einsd

160 2264 255 2323 animo
274 2265 412 2341 quosdam
434 2268 560 2342 agitasse
583 2274 669 2343 atque
684 2264 812 2342 prodere
834 2278 937 2336 ansos,
961 2261 1034 2321 alios
1049 2279 1147 2322 rursus

126 2368 150 2407 rs
161 2346 319 2407 occasione
339 2348 407 2409 hinc
424 2358 534 2428 sumpta
556 2358 604 2410 aut
626 2349 671 2409 his
686 2348 751 2409 data
766 2345 980 2408 innumerabilis
994 2346 1146 2408 tradidisse

115 2492 119 2501 ,
161 2432 298 2509 mundos,
321 2441 351 2492 ut
372 2434 491 2494 totidem
510 2452 577 2493 reru
622 2423 832 2499 uatn'icredi
848 2439 1013 2511 oporteret,
1035 2440 1100 2506 aot,
1121 2431 1146 2489 si

81 2538 87 2549 ·
161 2533 215 2575 uua
230 2531 331 2575 omnes
346 2516 525 2592 incubarent,
535 2507 594 2577 intr
616 2536 662 2577 ern
676 2527 770 2577 tamen
784 2516 864 2575 soles
878 2516 1054 2594 totidemque
1065 2516 1147 2575 lunas

162 2607 191 2657 et
213 2606 311 2659 cetera
334 2602 419 2661 etiarn
442 2601 470 2659 in
490 2618 547 2659 uno
571 2610 600 2661 et
614 2603 742 2661 inmensa
766 2609 796 2659 ot
812 2599 1025 2659 innumerabilia
1039 2599 1145 2670 sidera,

163 2682 243 2759 quasi
264 2700 322 2744 non
343 2685 445 2744 eadem
466 2686 636 2763 quaestione
652 2703 768 2763 semper
784 2686 812 2742 in
828 2684 949 2744 termino
965 2682 1146 2756 cogitationis

130 2782 321 2827 aooccnrsura
338 2767 483 2827 desiderio
502 2769 563 2828 huis
581 2770 701 2829 alicuius
715 2776 779 2845 aot,
805 2768 831 2826 si
845 2767 918 2828 haec
932 2764 1053 2834 infinitas
1068 2773 1146 2823 natu·

162 2867 212 2909 rae
229 2852 354 2911 omniurn
367 2852 469 2911 artifici
485 2854 577 2931 possit
594 2854 754 2929 adsignari,
779 2868 837 2909 nou
858 2850 934 2909 idem
955 2847 1025 2907 illud
1046 2848 1146 2907 inuno

163 2930 275 2993 iacilios
290 2935 328 2993 sit
342 2935 491 3011 intellegi,
507 2945 584 2996 tanto
601 2937 770 3014 praesertim
786 2950 886 3011 opere.
908 2932 988 2992 furor
1002 2939 1064 3007 est,
1079 2931 1174 3010 pro-4

162 3015 241 3076 fecto
255 3019 355 3093 furor,
381 3020 483 3096 egredi
499 3038 536 3079 ex
551 3038 588 3080 eo
605 3029 650 3094 et,
676 3028 817 3097 tamquam
835 3018 944 3076 interna
966 3016 1030 3076 eius
1046 3026 1147 3077 cuneta

164 3098 247 3175 plane
263 3102 320 3161 iam
336 3112 403 3162 nota
419 3104 483 3178 sint,
500 3105 538 3163 ita
551 3104 671 3163 serutari
685 3111 795 3176 extera,
813 3100 894 3179 qnasi
904 3117 975 3160 vero
985 3117 1147 3160 mensuram

123 3200 154 3243 as
167 3181 248 3244 ullius
263 3186 307 3243 rei
331 3188 424 3263 possit
441 3204 530 3264 agere
553 3188 600 3266 qui
623 3187 667 3245 sui
682 3185 792 3245 nesciat
808 3193 855 3245 aut
870 3184 1002 3264 (minori)
1018 3184 1147 3244 homines

163 3265 263 3328 videre
281 3286 355 3346 quae
370 3268 489 3331 mundos
504 3272 567 3348 ipse
584 3288 641 3331 non
658 3272 761 3347 capiat.
1093 3301 1095 3307 ·

225 3350 254 3410 2.
273 3351 335 3431 (2.)
352 3352 483 3415 Formam
509 3356 570 3415 eins
585 3356 613 3413 in
628 3356 757 3433 speciem
772 3350 851 3413 orbis
866 3350 988 3413 absoluti
1003 3348 1174 3427 globatam5

164 3452 238 3495 esse
252 3453 358 3495 nomen
382 3439 410 3495 in
430 3438 529 3516 primis
550 3447 578 3499 et
600 3454 758 3499 cousensus
778 3438 806 3495 in
823 3452 860 3495 eo
875 3433 1033 3495 mortalium
1048 3433 1148 3499 orbem

248 3540 316 3579 rurm
331 3541 393 3581 nur.
407 3542 474 3580 unsr.
499 3527 517 3580 l.
941 3516 960 3573 5

415 3700 425 3714 ,e

413 3692 460 3765 Q
