2542 3842
172 191 232 253 150
543 201 853 252 oannnauouum

169 375 235 417 uum
245 354 427 432 verbannus,
438 352 572 417 blincium
582 356 724 433 Benacus,
737 355 841 417 Ollium
852 354 1006 434 Sebinnus,
1017 355 1167 421 Lambrum

128 451 178 506 132
189 439 321 520 Eupilis,
337 440 429 500 omnis
445 440 558 501 incolas
573 441 651 502 Padi.
682 440 768 520 Alpis
784 442 812 501 iu
826 441 1035 518 longitudinem
1049 443 1167 504 deciens

170 534 295 585 centena
309 521 386 584 milia
403 540 481 602 pass.
498 532 600 602 patere
618 542 635 584 a
650 541 758 604 supero
775 526 846 585 mari
861 525 897 584 ad
914 525 1036 584 inferum
1050 522 1168 587 [laelius

44 680 53 685 ι
168 605 268 682 tradit,
286 605 460 684 Timagenes
476 604 558 667 XXII
573 605 603 665 ll
617 625 697 685 puss.
715 606 864 683 deductis,
881 609 909 666 iu
923 607 1102 668 latitudinem
1118 626 1166 668 an·

167 699 227 750 tem
243 687 395 750 Cornelius
412 687 514 766 Nepos
533 686 556 747 (l
571 686 611 764 M,
629 688 662 748 T.
678 689 775 749 Livius
789 691 843 751 tria
858 688 888 749 bl
902 691 1074 767 stadiorum,
1089 699 1189 751 uter-s

169 790 226 853 que
247 773 371 833 (liversis
393 773 422 830 in
443 771 527 830 locis.
554 788 678 849 namque
698 780 729 830 et
751 769 819 831 cll
840 773 985 834 excedunt
1002 774 1167 852 aliquando,

168 856 216 915 ubi
224 854 402 917 Germaniam
412 853 447 913 ab
460 853 541 913 ltalia
552 853 734 928 submovent,
746 871 803 912 nec
813 852 1046 934 LXXllinplent
1056 856 1168 934 reliqua

167 943 211 1000 sui
225 947 308 1017 parte
322 936 462 1013 graciles,
476 936 566 996 veluti
580 946 698 997 naturae
713 935 905 1014 providentia.
924 936 1055 998 Latitudo
1067 938 1167 999 ltaliae

168 1021 267 1082 subter
287 1020 402 1079 radices
424 1036 522 1079 earum
544 1036 561 1080 a
581 1019 661 1080 Varo
683 1036 737 1097 per
756 1018 839 1080 Vada
859 1020 992 1096 Sabatia,
1015 1020 1166 1098 Taurinos,
1261 1041 1262 1048 ¹

168 1102 298 1179 Comum,
311 1102 446 1178 Brixiam,
457 1102 614 1178 Veronam,
625 1102 779 1179 vicetiam,
791 1101 981 1182 Opitergium,
992 1102 1166 1182 Aquileiam,
1177 1129 1201 1169 ιο

23 1227 34 1245 .
167 1186 321 1265 Tergeste,
337 1184 447 1262 Polam,
463 1185 577 1247 Arsiam
590 1184 746 1246 DCGXLV
761 1185 839 1246 milia
854 1204 989 1265 passuum
1004 1187 1124 1263 colligit.

125 1280 177 1336 133
237 1269 287 1330 20.
305 1268 389 1349 (24.)
412 1269 531 1330 lnoolae
549 1267 666 1349 Alpium
686 1269 765 1328 multi
780 1268 898 1347 populi,
923 1269 976 1329 sed
998 1270 1167 1329 inlustresa
1250 1256 1264 1344 ⁴,

167 1354 241 1415 Pola
254 1352 290 1412 ad
305 1351 457 1428 Tergestis
470 1354 621 1431 regionem
635 1353 790 1426 Secusses,
806 1351 970 1427 Subocrini,
987 1350 1090 1429 Catali,
1106 1351 1166 1412 ble-
1262 1353 1263 1392 l

167 1436 317 1510 uocaleni,
335 1435 472 1513 iuxtaque
489 1434 600 1495 Carnos
616 1434 758 1511 quondam
774 1432 904 1493 Taurisci
921 1435 1070 1513 appellati,
1092 1452 1167 1495 nnuc
1262 1441 1263 1492 i

167 1518 277 1579 Norici.
309 1516 360 1576 llis
379 1518 547 1576 contermini
561 1516 646 1575 llaeti
666 1524 695 1575 et
710 1514 871 1591 Vindelici,
894 1534 995 1576 omnes
1015 1520 1043 1578 iu
1064 1517 1202 1580 multasrs
1262 1501 1263 1528 ¹

169 1602 300 1663 civitates
316 1600 411 1660 divisi.
428 1598 537 1659 Raetos
554 1597 713 1658 Tuscorum
729 1597 842 1676 prolem
856 1598 1029 1659 arbitrantur
1044 1618 1061 1659 a
1076 1600 1167 1660 Gallis
1263 1621 1264 1634 ¹

168 1684 270 1761 pulsos
296 1682 369 1742 duce
394 1682 498 1742 Raeto.
528 1678 630 1741 Verso
648 1680 754 1741 deinde
774 1679 885 1740 ltaliam
904 1690 1028 1759 pectore
1050 1681 1167 1762 Alpium
1263 1681 1264 1694 ¹

166 1765 257 1826 Latini
279 1766 348 1823 iuris
362 1763 520 1840 Euganeae
536 1772 658 1841 gentes,
681 1781 799 1840 quarum
815 1763 922 1842 oppida
937 1762 1076 1824 XXXllll
1097 1783 1167 1825 enn-

126 1858 178 1919 134
187 1855 278 1909 merat
294 1845 377 1907 (lato.
404 1846 485 1906 Ειι“
466 1865 501 1906 us
517 1846 712 1926 Triumpilini,
733 1846 845 1906 venalis
867 1863 930 1905 cum
946 1848 1024 1923 agris
1039 1848 1098 1906 suis
1113 1865 1166 1927 po·

55 1994 58 1997 ,
167 1932 268 2011 polus,
294 1928 361 1990 dein
382 1928 500 1990 Camurti
523 1929 739 2007 conpluresque
762 1929 872 1988 similes
894 1929 1017 1989 finitimis
1039 1929 1203 2010 attributiau

166 2014 337 2092 municipiis.
363 2013 522 2111 Lepontios
533 2022 562 2073 et
576 2012 712 2073 Salassos
724 2011 882 2073 Tauriscae
896 2014 993 2090 gentis
1003 2001 1080 2073 illem
1093 2011 1165 2073 Cato

167 2097 331 2158 arbitratur.
359 2098 451 2157 ceteri
465 2098 530 2157 lere
544 2096 703 2175 Lepontios
717 2097 838 2156 relictos
853 2114 892 2155 ex
907 2097 1041 2159 comitatu
1055 2096 1207 2156 Hercu·-

167 2182 204 2242 lis
220 2181 457 2260 interpretatione
470 2180 574 2241 Graeci
587 2181 709 2240 nominis
721 2179 842 2240 credunt
853 2181 1016 2257 praeustis'
1008 2199 1036 2238 m
1046 2180 1166 2239 transitu

167 2264 283 2343 Alpium
306 2264 374 2323 nive
396 2264 541 2323 membris.
570 2264 700 2324 eiusdem
726 2264 873 2323 exercitus
898 2270 928 2322 et
951 2261 1052 2322 Graios
1074 2262 1166 2320 fuisse

167 2347 315 2408 Graiarum
331 2344 448 2424 Alpium
469 2347 580 2407 incolas
603 2348 836 2423 praestantisque
859 2360 972 2420 genere
981 2336 1164 2420 Euganeos,
1175 2369 1203 2408 as

125 2440 177 2496 135
188 2429 254 2490 inde
275 2437 367 2486 tracto
383 2430 506 2485 nomine.
534 2435 620 2505 capnt
635 2444 736 2485 eorum
748 2428 884 2486 Stoenos
916 2425 1073 2486 Raetorum
1087 2425 1170 2485 Ven

35 2524 37 2529 '
167 2527 314 2571 nonenses
330 2508 546 2586 sarunetesque
563 2516 642 2566 ortus
658 2508 750 2566 libeni
770 2507 859 2565 amnis
876 2505 1027 2582 aduolant,
1050 2506 1166 2584 Lepon-

167 2594 271 2653 tiorum
291 2593 340 2673 qui
360 2590 451 2651 Uberi
473 2598 614 2649 vocantur
630 2590 740 2650 iontem
761 2588 893 2647 Rbodani
920 2588 1024 2647 eodem
1047 2588 1166 2667 Alpium

166 2683 269 2737 tractu.
296 2675 367 2735 Sunt
382 2681 538 2752 praeterea
551 2672 632 2732 Latio
651 2673 746 2732 donati
761 2670 886 2745 incolae,
901 2679 933 2729 ut
946 2668 1189 2732 Octodurenses

168 2768 198 2819 et
219 2758 327 2817 linitimi
352 2755 530 2830 Ceutrones,
559 2753 710 2815 Cottianae
733 2754 882 2831 civitates,
907 2751 988 2812 Etnri
1012 2753 1203 2830 Liguribusao

168 2841 239 2917 orti,
268 2830 411 2917 Vagienni
431 2839 552 2915 Ligures
574 2846 603 2896 et
630 2838 679 2916 qui
699 2836 843 2896 blontani
852 2844 1008 2912 vocantur,
1038 2835 1165 2916 Capilla-

167 2932 319 3003 torumque
341 2923 424 3002 plura
444 2938 554 2999 genera
573 2921 609 2981 al
637 2920 789 2980 conliuium
814 2918 952 2994 Ligustici
972 2920 1068 2979 maris.
1098 2919 1166 2981 Non

126 3014 177 3070 136
189 3006 312 3065 alienum
326 3006 440 3066 videtur
454 3006 511 3063 boc
526 3003 594 3063 loco
618 3002 755 3062 subicere
769 3002 985 3078 inscriptionem
1002 3020 1018 3061 e
1041 3011 1166 3080 tropaeo

167 3086 302 3166 Alpium,
330 3105 404 3165 quae
428 3086 494 3147 talis
519 3094 579 3145 est:
606 3084 833 3163 imperatori
856 3081 1011 3142 Caesari
1033 3083 1163 3145 (livill.

167 3170 256 3247 Aug.
273 3169 661 3249 pontilicimaxumos
652 3186 732 3245 rmp.
746 3166 829 3227 Xllll
831 3166 1202 3243 ,tribuniciaepoer

167 3250 426 3325 testatisXVIl,
438 3251 468 3310 S.
482 3251 512 3311 P.
526 3248 561 3324 Q
571 3249 607 3309 ll
610 3210 1164 3328 ,quodeiuslluctuanspieiis

168 3352 236 3411 que
251 3332 558 3410 gentesAlpiuae
581 3349 707 3392 omnes
723 3350 816 3411 qnae
831 3349 848 3391 a
863 3332 949 3390 mari
964 3347 1102 3406 supero
1122 3330 1164 3391 ad

167 3416 321 3476 inieram
337 3414 572 3496 pertinebant
588 3414 676 3475 sub
667 3418 855 3496 imperium
870 3429 954 3492 pop.
970 3410 1069 3473 Rom.
1082 3421 1165 3476 snut
