2542 3842
158 120 217 183 150
512 130 541 179 c.
565 133 661 179 acuns
683 132 831 181 sacurrnr
933 185 935 192 ,

87 314 93 343 a
113 295 165 350 168
234 284 283 347 61.
302 283 384 363 (81.)
408 284 566 345 Volucrum
582 285 684 345 animal
701 286 773 363 parit
788 288 956 365 vespertilio
975 298 1092 365 tantum,
1107 291 1152 354 cui

155 378 183 429 et
198 368 434 430 membranaceae
451 371 558 455 pinnae
573 370 628 429 uni.
657 369 759 429 eadem
770 370 834 429 sola
848 370 995 431 volucrum
1010 372 1087 431 lactc
1101 393 1150 434 nu·

154 454 202 511 trit
219 452 310 513 ubera
325 452 490 512 admovens.
521 471 625 531 parens
647 456 779 529 geminos
796 453 897 514 volitat
912 455 1041 533 amplexa
1058 457 1149 515 inian-

155 537 192 599 tis
215 554 373 615 secumque
390 546 494 615 portat.
527 537 620 597 eidem
636 537 780 598 coxendix
795 555 849 597 una
872 539 1001 613 traditur,
1018 541 1071 599 et
1063 558 1091 597 m
1108 542 1148 599 ci-

156 621 224 680 batn
240 620 350 687 culices
366 621 531 697 gratissimi.
574 670 582 679 ,
1163 643 1178 681 s

113 714 164 772 169
236 703 285 767 62.
305 702 388 782 (82.)
408 702 517 763 Rursus
533 706 561 763 in
573 706 759 764 terrestribus
772 722 836 764 ova
858 707 971 783 pariunt
985 716 1161 783 serpentes,

156 788 192 847 de
213 787 317 865 quibus
338 788 462 847 nondum
483 788 588 847 dictum
610 797 664 848 est.
695 798 800 847 coeunt
820 788 975 867 conplexu,
1001 788 1074 849 adeo
1095 790 1148 848 cir·

118 941 121 949 .
157 872 337 931 cumrolutae
362 871 416 930 sibi
440 873 522 948 ipsae
543 881 573 931 ut
593 889 647 931 una
669 874 833 931 existumari
849 871 952 951 biceps
973 873 1075 950 possit.
1110 873 1149 931 vi·

155 973 244 1033 perae
263 973 323 1015 mas
346 964 432 1032 caput
452 956 552 1015 inserit
572 956 599 1013 in
620 970 670 1031 os,
694 956 771 1034 quod
792 955 841 1015 illa
862 954 975 1015 abrodit
995 956 1150 1035 voluptatis

20 1082 25 1091 ·
114 1046 165 1100 rto
172 1038 334 1107 dulcedine.
365 1038 554 1101 Terrestrium
572 1040 673 1099 eadem
695 1039 758 1100 sola
775 1040 847 1099 intra
863 1058 895 1099 se
912 1041 985 1117 parit
1000 1057 1055 1099 ova
1070 1042 1184 1104 uniusm

156 1122 267 1182 coloris
289 1132 317 1181 et
336 1122 434 1183 mollia
454 1133 484 1182 ut
505 1124 611 1201 pisces.
644 1126 728 1183 tertia
750 1124 796 1183 die
820 1124 892 1183 intra
914 1134 1023 1183 uterum
1038 1124 1147 1193 catulos

156 1206 299 1279 excludit,
329 1207 394 1265 dein
420 1207 540 1283 singulis
564 1207 665 1267 diebus
688 1207 816 1284 singulos
838 1207 929 1285 parit,
957 1207 1056 1283 viginti
1086 1207 1146 1266 lere
1254 1245 1255 1278 ι

156 1307 284 1349 numero.
318 1292 416 1375 itaque
434 1300 549 1349 ceterae
562 1292 701 1351 tarditatis
716 1293 888 1368 inpatientes
908 1300 1093 1387 perrumpunt
1108 1291 1145 1349 la·

156 1384 218 1434 lora
235 1374 333 1433 occisa
346 1383 475 1451 parents.
506 1370 629 1434 Ceterae
646 1383 799 1451 serpentes
815 1383 950 1434 contexta
962 1392 1017 1433 ova
1033 1375 1148 1433 interra
1254 1413 1255 1432 ι

155 1457 307 1533 incubant,
329 1466 357 1515 et
374 1458 463 1517 letum
479 1468 619 1533 sequente
633 1458 789 1517 excludunt
803 1476 886 1517 anno.
923 1458 1063 1519 crocodili
1078 1459 1146 1517 vici·
1158 1479 1184 1519 ss

155 1541 209 1601 bus
229 1502 379 1613 incubant,
402 1548 509 1599 masat
531 1541 645 1599 lemina.
679 1542 737 1600 Sed
763 1542 937 1619 reliquorum
960 1558 1075 1619 quoque
1093 1550 1150 1599 ter·

156 1626 287 1683 restrium
303 1622 439 1683 reddatur
454 1626 615 1697 generatio.

116 1715 164 1773 171
235 1704 285 1764 63.
303 1705 385 1803 (83.)
402 1696 546 1781 Bipedum
568 1705 649 1763 solus
668 1705 752 1764 bomo
776 1704 877 1763 animal
898 1707 998 1780 gignit
1045 1706 1177 1765 homini

156 1796 261 1849 tantum
275 1790 364 1885 primi
372 1789 463 1847 coitus
478 1789 662 1864 paenitentia,
679 1789 824 1863 augurium
836 1786 949 1846 scilicet
959 1789 1036 1846 ritae
1051 1807 1067 1845 a
1080 1807 1151 1864 pae·
1254 1837 1255 1854 ,

155 1870 270 1932 nitenda
292 1872 412 1946 origine
448 1872 553 1930 ceteris
577 1869 743 1929 animalibus
767 1871 833 1929 stati
849 1888 902 1947 per
926 1878 1056 1956 tempora
1082 1872 1186 1937 anniso
1254 1917 1255 1940 ,

113 1974 159 2015 aaa
166 1954 344 2029 concubitus
360 1954 475 2028 homini,
492 1963 521 2013 ut
536 1955 707 2028 dictumest,
721 1953 849 2013 omnibus
865 1952 943 2013 horis
959 1945 1149 2012 dierumnoo-

114 2040 304 2115 littiumque.
337 2040 442 2103 ceteris
463 2040 550 2098 satias
568 2040 597 2097 in
614 2039 701 2112 coitu,
719 2037 822 2095 bomini
847 2054 938 2114 prope
954 2035 1040 2095 nulla.
1071 2034 1147 2095 bles-

155 2122 245 2189 satim
254 2120 495 2183 ClaudrCaesarrs
506 2121 762 2198 conrunxregalem
774 2122 946 2180 existumans
955 2119 1077 2198 palmam
1088 2120 1146 2179 ele·
1254 2185 1255 2192 ἵ

155 2207 196 2282 git
212 2207 282 2265 inid
298 2216 443 2266 certamen
457 2205 661 2266 nobilissimam
681 2224 697 2263 e
710 2205 868 2282 prostitutis
890 2203 1022 2263 ancillam
1037 2221 1145 2262 merce·
1254 2205 1255 2214 ’

156 2292 253 2351 uariae
275 2291 374 2366 stipis,
397 2308 516 2366 eamque
539 2299 624 2347 nocte
651 2308 685 2346 ac
706 2288 752 2347 die
774 2288 920 2365 superavit
945 2287 1042 2364 quinto
1061 2282 1178 2363 atqudac

156 2375 295 2433 vicesimo
311 2372 474 2430 concubitu.
503 2372 533 2431 ln
551 2373 816 2447 hominum‘geuere
832 2370 955 2429 maribus
971 2367 1145 2429 deverticula
1162 2372 1168 2383 '

157 2457 272 2515 veneris
288 2455 468 2529 excogitata,
485 2457 577 2531 omnia
601 2453 716 2513 scelere
734 2463 869 2527 naturae,
886 2454 998 2513 leminis
1015 2470 1086 2511 vero
1099 2450 1147 2509 ab·

157 2548 244 2599 ortus.
274 2538 456 2613 quantumin
478 2539 533 2597 imo
547 2546 629 2615 parte
651 2538 739 2596 multo
761 2538 946 2595 nocentiores
969 2555 1049 2615 quam
1065 2535 1145 2592 ferae

156 2619 263 2681 sumbs!
299 2620 385 2679 Viros
407 2621 550 2681 avidiores
570 2622 687 2679 veneris
702 2620 813 2693 hieme,
828 2619 949 2679 leminas
965 2626 1072 2679 aestate
1089 2615 1145 2674 lte-
1165 2678 1167 2682 ,

102 2704 268 2769 ’173ιίοι1ιιι
284 2705 419 2782 prodidit.
449 2702 548 2763 licitus
560 2705 670 2763 aversis
686 2703 857 2780 elephantis,
871 2702 1000 2776 camelis,
1016 2700 1147 2777 tigribus,
1158 2724 1184 2765 so

155 2787 297 2862 lyncibus,
311 2788 497 2863 rhinoceroti,
506 2788 593 2861 leoni,
610 2786 760 2864 dasypodi,
770 2786 918 2861 cuniculis,
931 2786 1034 2864 quibus
1046 2802 1149 2843 aversa

154 2872 300 2946 genitalia.
334 2871 435 2930 cameli
454 2874 538 2931 etiam
554 2870 723 2929 solitudines
740 2880 787 2930 aut
810 2879 926 2929 secreta
942 2878 1023 2929 certe
1038 2876 1147 2946 petunt,

154 2972 249 3032 neque
275 2956 448 3013 intervenire
471 2955 554 3015 datur
580 2956 641 3013 sine
663 2956 803 3031 pernicie.
835 2954 929 3013 coitus
950 2960 1010 3011 tota
1031 2952 1094 3027 die,
1120 2960 1148 3009 et

154 3037 197 3097 his
214 3046 320 3097 tantum
335 3056 372 3097 ex
388 3038 517 3097 omnibus
534 3036 638 3115 quibus
649 3038 741 3097 solida
756 3036 870 3113 ungula.
899 3038 929 3095 in
942 3035 1147 3113 quadripedum

155 3138 264 3196 genero
280 3122 365 3180 maris
379 3120 504 3180 ollactus
518 3122 659 3182 accendit.
687 3130 853 3180 avertuntur
868 3129 898 3178 et
912 3137 1012 3193 canes,
1023 3118 1147 3195 plrocae,
1158 3139 1183 3178 ss

114 3204 245 3281 litlupi,
267 3204 293 3261 in
312 3204 465 3285 medioque
488 3206 565 3263 coitu
585 3206 722 3283 invitique
744 3205 827 3263 etiam
855 3203 1022 3263 cobserent.
1053 3202 1148 3279 Supra

155 3288 295 3346 dictorum
309 3287 479 3366 plerumque
495 3288 616 3347 feminae
628 3289 742 3363 priores
757 3288 972 3364 superveniunt,
989 3288 1018 3345 in
1029 3284 1148 3362 reliquis

113 3386 281 3427 attentares.
313 3370 370 3428 ursi
386 3379 491 3444 autem,
508 3379 538 3427 ut
553 3371 726 3445 dictumest,
739 3370 897 3429 humanitus
913 3370 1005 3443 strati,
1021 3368 1149 3427 irenacei
