2542 3842
177 150 219 211 66
521 156 550 205 c.
566 158 662 206 eamn
680 155 830 204 saeuum

177 322 356 413 quapropter
374 312 443 411 iuga
464 310 520 371 sibi
536 314 667 375 auxiliari
683 313 881 375 reddentem'
873 330 901 371 ιιι
917 330 951 372 ea
974 312 1067 371 limum
1089 315 1176 374 inter·

152 402 242 477 durn
258 408 288 457 et
301 399 388 456 trium
402 399 532 473 iugerum
551 398 742 474 longitudine,
765 400 845 458 cuius
861 405 1011 457 contactus
1027 398 1176 474 sequentis

175 494 206 543 ut
220 485 296 559 ignis
312 481 418 559 aliquis
434 479 572 541 amburat.

133 579 167 631 41
242 563 587 644 (rannemundus,
613 566 784 645 pantheras,
806 566 909 625 leones
932 573 961 623 et
982 564 1083 623 similia
1107 579 1175 624 con·

176 652 236 711 dito
248 652 276 708 in
288 649 421 727 corporis
432 649 551 725 vaginas
562 652 696 726 unguium
708 666 856 723 mucrone,
869 667 905 707 ne
920 648 1112 725 refringantur
1124 647 1174 707 he·
1188 666 1200 704 s

175 734 359 807 betenturve,
375 732 504 808 ingredi,
525 735 697 811 aversisque
713 732 827 793 ialculis
849 750 968 793 currere
986 750 1041 791 nec
1056 732 1109 791 nisi
1125 733 1174 792 ad·

132 818 303 898 t‘tpetendo
319 815 504 895 protendere.
554 817 601 877 16.
617 816 707 877 teoni
729 818 886 895 praecipua
904 813 1087 893 generositas
1106 824 1176 875 tune

177 922 241 963 cum
256 901 334 961 colla
355 916 509 979 armosque
523 902 650 960 vestiunt
665 900 759 961 iubae.
780 901 809 961 id
833 900 907 959 enim
922 908 1017 959 aetate
1035 900 1175 997 contipgit

127 988 128 991 ’
175 988 262 1049 leone
276 986 436 1062 conceptis.
469 1001 543 1061 quos
558 1002 630 1043 vero
646 986 727 1062 pardi
742 1001 924 1061 generavere
933 1002 1058 1067 semper
1072 984 1175 1059 insigni

175 1072 234 1133 boc
262 1078 378 1144 carent,
413 1067 498 1127 simili
522 1070 609 1129 modo
637 1068 770 1129 feminae.
815 1085 917 1144 magna
962 1067 1051 1127 libido
1082 1069 1208 1127 coitusto

178 1166 208 1215 et
223 1154 262 1215 ob
281 1153 338 1213 lroc
360 1113 685 1213 intracapedines
705 1153 778 1213 baec
799 1168 929 1211 maxtune
950 1160 1063 1230 spectat
1078 1152 1174 1230 inopia

176 1256 313 1318 aquarum
336 1237 373 1297 ad
402 1253 522 1319 paucos
534 1238 623 1297 amnis
656 1234 898 1320 congregantibus
926 1252 958 1295 se
982 1235 1061 1299 feris.
1105 1234 1173 1295 ideo

175 1323 364 1387 multiformes
379 1320 419 1379 ibi
434 1320 595 1381 animalium
610 1330 711 1398 partus
727 1321 807 1379 varie
829 1316 942 1379 lerninis
958 1322 1098 1398 cuiusque
1122 1337 1172 1396 ge·

176 1409 253 1469 ueris
274 1406 359 1466 marie
377 1414 425 1463 aut
444 1406 473 1463 vi
490 1413 538 1463 aut
560 1404 708 1465 voluntate
730 1406 879 1463 miscente.
911 1404 984 1465 unde
1007 1405 1091 1463 etiarn
1110 1403 1172 1462 vol·
1252 1432 1253 1453 ι

175 1509 247 1569 gare
264 1488 404 1548 Graeciae
426 1488 531 1548 dictim
545 1506 664 1586 semper
678 1488 785 1565 aliquid
808 1489 874 1547 novi
895 1487 1023 1547 Airicarn
1044 1486 1170 1547 adferre.
1185 1504 1207 1545 te

134 1577 268 1653 teodore
283 1570 365 1649 pardi
380 1572 485 1631 coitmn
500 1573 587 1631 sentit
608 1571 636 1629 ιιι
657 1570 786 1631 adultera
805 1569 853 1631 leo
876 1580 994 1647 totaque
1008 1573 1036 1628 vi
1053 1588 1172 1629 consur·

175 1660 218 1735 git
233 1658 262 1714 in
283 1669 416 1732 poenam
445 1653 555 1715 idcirco
571 1672 607 1713 ea
621 1654 707 1731 culpa
721 1654 835 1713 flumine
850 1652 975 1713 abluitur
992 1664 1040 1713 aut
1057 1654 1173 1752 longiqs

176 1739 335 1801 comitatur.
366 1736 457 1796 semel
481 1746 575 1802 autem
601 1736 648 1795 edi
669 1746 780 1814 partum
803 1736 932 1796 lacerato
954 1739 1088 1811 unguium
1110 1739 1175 1797 acie

175 1833 257 1883 utero
274 1822 302 1881 ιιι
316 1821 403 1881 enixa
415 1820 533 1897 volgum
553 1820 713 1880 credidisse
733 1818 829 1879 video.
860 1818 1035 1879 Aristoteles
1057 1821 1176 1881 diversa

175 1906 269 1979 tradit,
286 1905 329 1963 vir
341 1922 426 1982 quem
440 1905 469 1963 in
485 1903 531 1963 his
544 1922 648 1981 magna
663 1912 816 1963 secuturus
831 1922 868 1961 ex
884 1911 966 1980 parte
982 1902 1174 1981 praefandum
1184 1926 1207 1966 ro
1254 1913 1255 1967 i

133 2000 253 2055 tereos.
283 1988 451 2049 Alexandro
466 1986 571 2064 blagno
587 2005 658 2064 rege
674 1987 846 2047 inflammato
861 1987 995 2065 cupidine
1011 1987 1175 2047 animalium

175 2084 292 2137 naturas
313 2072 452 2135 noscendi
467 2070 662 2149 delegataque
676 2072 732 2132 hac
748 2072 986 2132 commentatione
1007 2070 1173 2147 Aristoteli,

175 2175 287 2221 sumo
301 2158 330 2219 in
344 2158 426 2218 omni.
441 2157 571 2217 doctrina
593 2158 657 2218 tiro
684 2156 794 2234 aliquot
814 2155 890 2215 milia
914 2154 1056 2214 hominum
1080 2156 1109 2213 in
1130 2164 1174 2215 to-

175 2246 232 2305 tins
251 2243 341 2304 Asiae
365 2238 566 2318 Graeciaeque
586 2249 679 2301 tractu
703 2257 807 2317 parere
830 2240 924 2312 iussa,
950 2240 1071 2299 omnium
1099 2256 1174 2315 quos

175 2337 313 2399 venatus,
325 2326 447 2401 aucupia
463 2324 659 2422 piscatusque
663 2323 778 2383 alebant
800 2322 962 2399 quibusque
983 2323 1103 2395 vivaria,
1125 2340 1172 2381 ar·
1184 2341 1209 2381 ιι

175 2420 281 2482 mena,
296 2407 433 2480 alvearia,
448 2407 590 2483 platinae,
613 2406 719 2467 aviaria
741 2407 769 2465 in
785 2423 853 2465 eura
871 2415 961 2480 erant,
984 2423 1020 2464 ne
1042 2405 1110 2483 quid
1123 2422 1173 2465 us·

177 2511 262 2587 quarn
281 2490 409 2566 genitium
426 2490 608 2565 ignoraretur
629 2488 665 2549 ab
689 2506 735 2549 eo.
773 2506 846 2567 quos
865 2450 1064 2567 percdntando
1092 2491 1173 2566 quin·

177 2574 311 2655 quaginta
329 2573 420 2631 terme
446 2572 589 2633 volumina
616 2572 667 2631 illa
682 2572 831 2649 praeclara
858 2573 895 2634 de
917 2572 1086 2633 animalibus
1102 2590 1173 2632 con-

177 2658 255 2721 didit.
287 2675 362 2736 quae
384 2675 402 2716 a
422 2674 469 2715 me
495 2656 655 2716 collecta
646 2674 674 2717 ιι
702 2665 792 2715 artum
814 2672 877 2715 curn
901 2656 936 2715 iis
954 2673 1040 2755 ..quae
1055 2657 1173 2732 ignora-

175 2751 259 2801 verat
274 2757 384 2819 quaeso
403 2749 435 2799 ut
455 2740 589 2815 legentes
605 2738 673 2797 boni
688 2739 873 2829 consulant,
864 2758 893 2797 un
913 2741 1055 2801 universis
1075 2758 1207 2801 rerumco

176 2835 294 2888 naturae
311 2824 450 2902 operibus
465 2825 618 2901 medioque
632 2810 783 2883 clarissimi
805 2840 906 2900 regum
920 2825 1042 2885 omnium
1057 2824 1174 2884 deside·

135 2911 221 2970 atrio
243 2927 311 2970 cura
332 2918 430 2969 noetm
451 2908 580 2967 breviter
594 2906 823 3005 peregrinantes.
856 2908 880 2967 is
902 2925 974 2984 ergo
992 2908 1079 2967 tradit
1094 2908 1173 2968 leae·

177 3012 240 3055 nam
260 2994 352 3071 primo
373 2992 433 3053 ieta
448 3010 554 3071 parere
578 2993 703 3069 quinque
720 2990 849 3065 catulos,
874 3010 909 3051 ac
926 3010 980 3070 per
1007 3008 1099 3051 annos
1116 2994 1173 3053 sin·

176 3079 333 3156 gallesano
353 3078 455 3150 minus,
477 3076 513 3137 ab
528 3093 584 3137 uno
601 3074 797 3135 sterilescere.
829 3075 956 3137 informis
977 3076 1174 3174 minumasque

178 3162 273 3222 carnis
288 3159 479 3237 magnitudine
494 3160 677 3220 mustelarum
695 3176 762 3217 esse
778 3160 872 3233 initio,
899 3161 1047 3229 semestris
1064 3161 1114 3219 vix
1129 3162 1171 3219 in·
1183 3181 1208 3223 as

177 3245 261 3323 gredi
278 3260 384 3321 posse,
405 3261 473 3303 nec
479 3244 532 3302 nisi
552 3243 695 3305 bimestris
712 3244 833 3316 moveri,
849 3244 877 3302 ιι
890 3242 1006 3322 Europa
1022 3244 1141 3303 autern
1132 3262 1173 3303 m·

178 3338 223 3389 ter
233 3325 395 3386 Acheloum
404 3334 511 3385 tanturn
522 3324 701 3403 Mestumque
715 3327 803 3385 amnis
816 3326 917 3387 leones
929 3346 1007 3402 esse,
1019 3325 1071 3385 sed
1083 3308 1174 3405 longe

177 3409 286 3470 viribus
302 3410 550 3487 praestantiores
542 3411 579 3467 ris
595 3427 669 3486 quos
684 3408 784 3469 Africa
799 3418 846 3469 aut
861 3411 943 3485 Syria
960 3412 1123 3488 gignant.
