2542 3842
325 209 573 257 summense
590 206 711 262 tlt—39.
728 195 881 275 (so-oct
929 225 934 229 ·
1043 197 1104 259 197

19 356 20 393 ³
104 376 151 425 tur
165 364 277 439 hastae,
295 370 433 423 ettamen
450 364 591 443 quaedam
605 365 722 442 ingenio
737 366 851 426 medica
867 363 1024 443 dsslgentia.
1044 362 1104 424 ele·

106 449 275 529 phantorum
290 464 406 527 quoque
422 454 541 525 tergora
557 448 775 528 inpenetrabilis
791 457 887 508 cetras
902 448 1025 523 hahent,
1041 466 1106 509 cum

104 543 199 593 tamen
215 532 338 591 omnium
356 531 562 612 quadripedum
585 532 729 592 subtilitas
748 535 833 593 animi
859 534 1017 611 praecipua
1037 550 1104 611 per-

105 615 239 678 hibeatur
253 614 321 675 illis.
341 632 413 691 ergo
430 618 503 676 cutis
518 618 580 695 ipsa
597 634 684 677 sensu
700 626 791 693 caret,
806 634 938 677 maxume
953 617 982 675 in
997 618 1103 694 capite.

80 712 93 754 s
106 700 278 778 ubicumque
295 716 350 778 per
365 716 399 757 se
413 718 448 759 ac
465 702 527 760 sinc
543 717 629 760 carne
646 709 692 759 est
706 700 858 760 volnerata
873 717 931 759 non
946 700 1015 776 coit,
1033 700 1105 761 utin

106 785 199 844 bucca
215 782 352 861 cilioqne.

168 866 252 946 (94.)
270 866 351 939 Quae
366 866 469 927 animal
483 869 596 947 pariunt
609 867 687 947 pilos
699 867 815 945 habent,
828 885 903 949 quae
916 884 972 927 ora
986 867 1087 945 pinnas
1094 875 1148 929 atti

18 984 20 1009 ι
106 960 154 1010 aut
169 966 302 1029 squamas
318 960 367 1010 aut
382 954 521 1011 corticem
536 960 568 1011 nt
581 952 757 1028 testudines,
778 960 826 1012 ant
845 969 946 1031 puram
967 960 1060 1011 cutem
1076 961 1107 1010 nt

107 1042 271 1113 serpentes.
317 1034 467 1095 l’innarum
490 1035 589 1095 caules
612 1036 736 1095 omnium
757 1037 830 1095 cari.
874 1036 1028 1115 praecisae
1048 1052 1106 1094 non

72 1126 253 1195 sucrescunt,
270 1118 391 1179 evolsae
406 1128 604 1179 renascuntur.
650 1118 823 1179 llembranis
841 1120 941 1179 volant
955 1118 1106 1195 lragllibus

106 1204 235 1277 insecta,
256 1202 417 1262 umentibus
439 1201 603 1262 hirundines
623 1204 752 1277 inmari,
775 1202 865 1263 siccis'
877 1206 951 1263 inter
966 1212 1043 1262 tecta
1055 1220 1106 1261 ve·

107 1285 249 1365 spertilio.
286 1304 351 1346 nam
366 1286 467 1346 horum
488 1287 552 1347 alae
568 1303 685 1366 quoque
701 1286 838 1347 articulos
854 1287 968 1346 babent.
999 1285 1053 1346 Pili
1069 1293 1147 1351 abts
1178 1314 1180 1318 ¹

107 1379 173 1430 cute
189 1379 296 1430 exeunt
313 1389 412 1430 crassa
427 1370 503 1445 hirti,
520 1370 632 1430 leminis
647 1370 811 1446 tenuiores,
828 1371 911 1450 eqnis
924 1373 953 1430 in
968 1369 1034 1431 iuba
1051 1370 1105 1431 lar·

106 1456 146 1533 gi,
163 1456 191 1513 in
206 1454 291 1514 armis
307 1454 397 1529 leoni,
410 1454 551 1532 dasypodi
568 1456 639 1513 etin
654 1454 753 1513 buccis
768 1456 843 1514 intus
858 1463 888 1513 et
902 1454 956 1513 sub
970 1452 1106 1533 pedihus,

73 1556 182 1617 requae
198 1547 319 1616 utraque
336 1536 450 1616 Trogus
466 1548 495 1597 et
512 1539 541 1598 in
558 1538 662 1617 lepore
675 1538 799 1613 tradidit,
818 1537 875 1596 hoc
890 1538 1027 1616 exemplo
1042 1536 1124 1596 libi··

107 1622 269 1682 dinosiores
290 1622 434 1681 hominum
456 1638 571 1701 quoque
593 1622 685 1681 hirtos
706 1621 859 1699 colligens.
906 1621 1106 1682 villosissimns

107 1706 265 1768 animalium
283 1705 377 1784 lepus.
413 1705 550 1765 l'nhescit
565 1706 651 1766 homo
668 1706 764 1781 solus,
788 1706 865 1783 quod
882 1707 937 1764 nisi
954 1706 1083 1782 contigit,
1095 1712 1148 1767 230

107 1790 214 1849 sterilis
229 1792 257 1849 in
272 1790 418 1868 gignendo
436 1799 491 1866 est,
511 1807 563 1851 seu
579 1808 640 1852 mas
654 1808 707 1849 seu
724 1790 837 1850 femina.
881 1788 977 1849 l’ili'in
991 1788 1106 1849 homine

107 1876 209 1953 partim
231 1875 313 1934 simul
335 1875 437 1953 partim
459 1883 563 1952 postea
584 1876 747 1951 gignuntur.
788 1874 816 1932 hi
837 1873 969 1933 castratis
984 1890 1042 1933 non
1056 1890 1105 1932 na-

71 1977 97 2018 so
108 1967 233 2017 scuntur.
265 1960 411 2035 congeniti
427 1967 590 2017 autemnon
605 1959 747 2032 desinunt,
763 1959 838 2016 sicut
852 1975 907 2016 nec
919 1956 1032 2017 leminis
1047 1972 1106 2016 ma·

107 2056 164 2117 gno
180 2057 282 2117 opere.
298 2040 431 2114 inventae
442 2048 536 2099 tamen
549 2041 689 2117 quaedam
701 2038 825 2098 delnvio
838 2041 941 2117 capitis
952 2038 1105 2116 invalidae,

106 2132 137 2181 ut
153 2132 182 2182 et
196 2122 333 2200 lanugine
348 2126 418 2199 oris,
437 2141 500 2183 curn
516 2124 653 2182 menstrui
668 2141 769 2182 cursus
786 2130 904 2183 stetere.
937 2123 1106 2200 quibusdam

106 2216 174 2285 post
189 2208 278 2283 geniti
292 2208 362 2267 viris
378 2216 482 2285 sponte
503 2224 559 2266 non
576 2208 741 2285 gignuntur.
778 2204 1001 2286 quadripedibus
1017 2206 1105 2286 pilum

59 2324 61 2327 ·
109 2290 214 2351 cadere
232 2298 318 2369 atque
334 2291 467 2370 subnasci
485 2308 605 2351 annuum
622 2300 675 2351 est.
705 2288 783 2351 Viris
799 2300 938 2351 crescunt
954 2306 1085 2350 mannmc
1096 2300 1147 2354 acl

72 2378 135 2435 min
151 2374 275 2453 capillo,
295 2392 363 2434 mon
377 2376 405 2434 in
420 2374 520 2436 barba.
550 2376 638 2435 recisi
657 2392 715 2434 non
735 2384 765 2435 ut
778 2374 887 2435 herbae
903 2390 937 2435 ac
955 2382 1053 2434 cetera
1068 2372 1104 2434 ah

107 2461 170 2537 ipsa
187 2460 312 2519 incisura
327 2467 477 2536 augentur,
496 2460 548 2519 sed
564 2459 599 2520 ab
613 2460 712 2522 radice
728 2468 844 2519 exeunt.
880 2465 1016 2518 crescunt
1032 2466 1062 2516 et
1076 2459 1105 2516 ln

16 2614 18 2623 .
108 2542 276 2623 quibusdam
294 2542 411 2620 morbis,
427 2560 559 2611 maxume
576 2543 698 2622 phthisi,
721 2551 750 2602 et
766 2544 795 2602 in
811 2551 946 2618 senecta,
962 2542 1105 2602 defunctis

108 2643 223 2705 quoquc
246 2626 428 2706 corporibus.
460 2626 619 2689 libidinosis
641 2627 788 2704 congeniti
809 2626 946 2685 maturius
968 2624 1105 2700 defluunt,

107 2710 221 2787 adgnati
238 2712 364 2773 celerius
379 2720 523 2772 crescunt.
560 2709 794 2789 Quadripedibns
816 2717 968 2769 senectute
993 2726 1105 2769 crasse·

73 2811 98 2851 eo
108 2802 191 2852 scunt
208 2790 349 2873 lanae'qne
364 2804 523 2856 rarescunt.
553 2794 760 2874 quadripedum
772 2794 858 2855 dorsa
869 2793 976 2873 pilosa,
987 2791 1104 2853 ventres

107 2874 209 2953 glabri.
242 2876 334 2938 boum
345 2880 433 2938 coriis
447 2878 583 2954 glutinum
602 2878 783 2956 excoquitur,
800 2887 1003 2955 taurorumque
1019 2892 1105 2956 prae·
1136 2900 1139 2907 ·

89 2977 230 3038 *crpuum

170 3044 253 3124 (95.)
269 3031 405 3105 blammas
425 3044 512 3104 homo
528 3045 607 3107 solus
623 3064 641 3105 e
655 3044 781 3106 maribus
795 3044 899 3120 babet,
922 3052 1021 3105 cetera
1035 3042 1157 3107 ani-tot
1252 3057 1253 3064 ’

107 3128 190 3188 maiia
210 3144 391 3188 mammarum
413 3138 496 3197 notas
515 3138 633 3189 tantum.
677 3128 730 3189 sed
749 3146 786 3188 ne
807 3128 930 3190 feminae
946 3128 1060 3209 quidem
1075 3129 1105 3188 in

72 3232 97 3275 ss
109 3220 230 3290 pectore
246 3212 300 3271 nisi
318 3228 393 3290 qaae
403 3221 526 3291 possunt
541 3222 641 3293 partus
655 3229 725 3272 snos
740 3211 886 3274 attollere.
914 3230 971 3273 ora
984 3213 1103 3291 gignen-

106 3296 174 3354 tium
190 3294 271 3356 nulli.
302 3312 359 3364 nec
379 3296 427 3356 lac
449 3297 502 3355 nisi
517 3297 620 3358 animal
633 3298 765 3376 parienti.
796 3298 946 3357 volucrum
959 3297 1104 3377 vesperti-

107 3380 176 3439 lioni
190 3388 306 3440 tantum.
335 3379 497 3440 labulosnm
515 3382 588 3441 enim
604 3379 730 3441 arbitror
743 3380 781 3441 dc
796 3380 934 3458 strigibus
948 3380 1038 3440 ubera
1053 3393 1104 3439 eas

105 3463 253 3525 infantium
268 3462 356 3526 labris
375 3464 545 3543 innlgcre.
588 3482 657 3525 esso
680 3466 709 3524 in
729 3464 891 3527 maledictis
909 3466 965 3525 iam
982 3464 1104 3544 antiquis
