2542 3842
163 167 223 226 254
514 153 657 220 comm
673 172 822 220 succuum

162 349 234 412 pere
249 330 358 392 orbitas
375 330 404 388 in
425 330 596 390 auctoritate
611 345 719 401 summa
735 334 765 386 et
779 326 909 404 potentia
924 343 1011 402 esse,
1033 327 1167 404 captatio

161 418 190 476 in
204 423 325 494 quaestu
337 413 530 489 fertilissimo,
545 430 579 472 ac
594 412 659 472 sols
673 411 776 489 gaudia
791 412 820 469 in
834 409 1029 487 possidendo,
1042 427 1168 487 pessum

161 501 222 560 iere
242 501 317 558 vitae
339 498 449 575 pretia,
465 513 624 574 omnesque
638 513 656 556 a
669 511 803 556 mammo
818 494 895 554 bono
912 493 1050 555 liberales
1065 493 1165 553 dictae

161 593 240 644 artes
255 584 283 640 in
305 582 479 640 contrarium
495 581 647 656 cecidere,
670 598 705 638 ac
728 579 867 638 servitute
889 579 953 639 sola
971 578 1073 658 prolici
1091 595 1164 637 coe-

132 677 148 730 6
159 677 246 746 ptum.
273 665 347 726 banc
360 665 432 728 alius
445 663 504 727 alio
515 664 600 727 modo
616 672 646 727 et
659 665 689 722 iu
702 662 769 723 aliis
782 662 904 724 adorare
913 663 1042 749 ,eodem
1052 669 1190 738 tumens

161 748 345 828 habendique
370 748 406 808 ad
431 765 517 826 spes,
543 748 666 806 omnium
692 746 827 807 tendente
847 755 926 805 voto.
960 747 1067 826 passim
1088 763 1176 805 vero.

161 835 246 894 etiam
263 833 374 909 egregii
387 830 479 892 aliena
493 832 561 892 vitia
577 849 661 908 quam
673 829 749 890 bona
764 848 815 889 sua
830 830 931 890 colere
948 830 1043 892 malle.
1076 848 1164 907 ergo,

32 941 37 949 ¹
133 916 321 989 tHercules,
344 915 479 993 voluptas
500 917 602 975 vivere
618 917 732 993 coepit,
754 916 811 973 vita
828 916 891 992 ipsa
907 915 1001 974 desiit.
1031 913 1092 974 Sed
1108 931 1165 974 nos

161 1000 327 1060 oblitterata
349 1016 466 1078 quoque
488 999 695 1073 scrutabimur,
721 1015 776 1056 nec
802 997 964 1058 deterrebit
984 998 1166 1076 quarundam

97 1097 102 1108 “
160 1101 255 1144 rerum
271 1082 430 1158 humilitas,
446 1085 521 1144 sicut
535 1101 593 1142 neo
605 1084 633 1140 in
648 1081 817 1141 animalibus
832 1081 917 1156 lecit,
935 1099 1106 1160 quamquam
1121 1082 1165 1140 vi·
1175 1099 1198 1138 rc

161 1169 261 1228 demus
274 1166 433 1242 Vergilium
452 1167 761 1246 praecellentissimum
774 1174 869 1226 vatem
886 1183 922 1226 ea
937 1166 973 1227 de
989 1183 1077 1226 causa
1095 1166 1166 1226 bor·

160 1260 253 1311 torum
268 1251 352 1320 dotes
368 1251 479 1327 fugisse
497 1260 527 1311 et
541 1253 569 1310 in
586 1252 621 1310 iis
638 1268 712 1327 quae
726 1250 836 1309 rettulit
855 1250 944 1310 dores
961 1249 1046 1309 modo
1064 1267 1167 1310 rerum

161 1335 365 1414 decerpsisse,
388 1334 502 1396 beatum
519 1335 694 1413 felicemque
711 1335 824 1411 gratiam
844 1347 891 1393 xv
912 1337 1027 1393 omnino
1044 1335 1166 1411 generi·
1243 1408 1244 1417 ἵ

122 1491 125 1497 ,
160 1421 214 1479 bns
229 1435 347 1478 uvarum
362 1420 530 1494 nominatis,
553 1419 643 1478 tribus
659 1419 760 1492 oleae,
781 1418 902 1477 totidem
917 1421 1060 1497 pirorum,
1083 1420 1166 1479 malo
1243 1458 1244 1465 κ

159 1519 231 1563 vero
245 1511 350 1563 tautum
366 1501 503 1578 Assyrio,
521 1503 628 1562 ceteris
645 1502 776 1562 omnibus
791 1502 943 1579 neglectis.
1176 1516 1200 1556 1⁵

131 1599 149 1651 8
223 1586 286 1666 (2.)
304 1585 386 1646 Unde
404 1579 499 1647 autera
511 1587 605 1664 potius
623 1587 791 1664 incipiamus
809 1604 893 1663 quam
908 1583 1067 1645 auitibus?
1092 1604 1165 1663 qua·

159 1689 220 1730 rum
235 1671 413 1747 principatus
424 1673 451 1729 iu
463 1678 569 1730 tantmn
584 1670 740 1748 peculiaris
751 1668 851 1730 ltaliae
868 1679 915 1729 est
928 1679 959 1728 ut
970 1669 1019 1729 vel
1032 1670 1091 1730 boc
1103 1688 1164 1728 uno

159 1753 252 1814 omnia
278 1754 405 1829 gentium
424 1755 532 1814 vicisse
558 1755 642 1814 etism
663 1753 809 1812 odorilera
837 1755 931 1831 possit
955 1753 1048 1813 videri
1073 1754 1159 1827 bona,

159 1853 329 1916 quamquam
338 1835 511 1916 ubicumque
523 1837 742 1915 pubescentium
752 1837 835 1896 odori
849 1837 927 1896 nulla
935 1838 1063 1897 suarbas
1073 1853 1158 1915 prae·

132 1922 258 1986 olertur.
286 1917 359 1998 Gap.
378 1921 405 1979 1.
433 1920 517 1980 Vites
530 1922 592 1980 iure
610 1921 687 1999 apud
702 1920 817 1998 priscos
832 1921 1025 1997 magnitudine
1041 1937 1200 2000 quoqueao

158 2006 233 2081 inter
249 2003 371 2064 arbores
387 2005 617 2065 numerabantur.
644 2004 722 2066 locis
740 2004 922 2065 simulacrum
937 2007 964 2063 in
978 2005 1052 2064 urbe
1062 2005 1166 2083 Popu-

159 2089 238 2149 lonio
254 2107 292 2148 ex
307 2105 361 2148 una
378 2091 574 2168 conspicimus
590 2099 635 2149 tot
650 2089 729 2149 aevis
744 2091 956 2168 incorruptum,
974 2091 1042 2149 item
1057 2087 1166 2149 blaesi·

159 2173 216 2233 liae
233 2181 386 2250 pateram·
405 2173 564 2252 bletaponti
587 2173 723 2251 templum
740 2172 856 2233 lunonis
882 2173 1027 2250 vitigineis
1049 2173 1167 2234 colum-

159 2259 203 2316 nis
221 2258 308 2316 stetit.
340 2259 426 2317 etiam
441 2275 516 2317 nunc
531 2257 619 2317 scalis
628 2267 741 2317 *tectum
756 2255 904 2336 Ephesiae
918 2256 1035 2317 Dianae
1046 2258 1168 2318 scandi·

142 2347 203 2416 tur
218 2357 273 2400 una
295 2341 382 2400 erite
399 2339 522 2419 Cypria,
537 2350 568 2400 ut
578 2340 690 2415 icrunt,
707 2343 842 2418 quoniam
862 2341 902 2399 ibi
920 2341 955 2400 ad
971 2342 1203 2419 praecipuamss
1243 2370 1244 2393 r

160 2424 375 2502 amplitudinem
395 2434 512 2484 exeunt.
549 2441 604 2484 nec
625 2433 672 2483 est
696 2423 775 2501 ligno
803 2418 854 2483 ulli
878 2425 1023 2485 aeternior
1047 2434 1168 2486 natura.

158 2526 259 2568 verum
274 2510 328 2566 ista
344 2523 382 2565 ex
397 2507 578 2568 silvestribus
595 2509 671 2568 lacta
689 2507 868 2568 crediderim.
1002 2561 1006 2566 ,
1243 2526 1244 2531 ’

117 2604 150 2658 10
223 2591 285 2670 (3.)
308 2588 369 2650 llas
390 2592 465 2651 vites
483 2601 601 2651 tonsura
623 2609 714 2650 annua
730 2602 918 2668 coercentur,
944 2601 974 2652 et
995 2593 1040 2651 vis
1058 2588 1169 2652 earum
1243 2604 1244 2617 ¹

159 2676 250 2736 omnis
267 2683 407 2736 evocatur
422 2677 451 2734 ia
465 2675 597 2754 palmites
613 2684 662 2734 ant
676 2676 844 2752 deprimitur
858 2677 886 2734 iu
900 2677 1093 2754 propagines,
1110 2693 1171 2735 su·
1243 2662 1244 2717 l

158 2761 243 2836 cique
259 2766 368 2819 tantum
381 2761 473 2836 gratia
489 2761 570 2820 exire
586 2759 686 2818 sinitur
701 2758 831 2836 pluribus
845 2760 938 2823 modis
954 2761 990 2820 ad
1006 2759 1082 2819 caeli
1097 2772 1205 2819 mo-cc

157 2859 207 2902 rcs
224 2841 338 2922 solique
355 2845 479 2919 ingenia.
509 2841 540 2904 ln
555 2841 701 2922 Campano
718 2860 789 2919 agro
805 2844 920 2922 populis
934 2844 1057 2918 nubunt,
1074 2848 1170 2904 mari·

158 2937 260 3005 tesque
274 2928 435 3006 conplexae
447 2937 533 3006 atque
545 2945 598 3006 per
612 2945 708 2988 ramos
721 2944 817 2986 earum
828 2928 1001 3006 procacibus
1012 2926 1171 2988 bracchiis

158 3011 322 3090 geniculato
349 3027 435 3071 cursu
461 3012 635 3072 scandentes
660 3012 808 3071 cacumina
832 3021 970 3090 aequant,
996 3012 1170 3074 intantum

62 3143 66 3155 l
158 3087 296 3156 sublimes
308 3102 338 3154 ut
348 3095 521 3156 vindemitor
534 3103 699 3158 auctoratus
711 3109 813 3172 rogum
826 3113 861 3155 ac
870 3097 1007 3156 tumidum
1019 3098 1168 3174 excipiat.

115 3189 146 3242 11
157 3180 235 3239 nulla
251 3180 307 3238 line
323 3188 474 3256 crescunt,
496 3180 642 3258 dividique
656 3187 704 3238 aut
725 3181 823 3256 potius
841 3179 912 3240 velli
933 3188 1089 3257 nequeunt.
1104 3181 1123 3220 *
1142 3184 1159 3217 a
1179 3193 1208 3233 aa

157 3263 242 3324 villas
257 3271 286 3321 et
301 3263 402 3322 domos
427 3263 527 3324 ambiri
546 3263 722 3340 singularum
736 3262 900 3340 palmitibus
921 3282 964 3345 ac
978 3264 1168 3341 sequacibus

157 3346 238 3404 loris.
269 3347 406 3423 quodque
420 3347 557 3419 memoria
572 3347 686 3424 dignum
707 3345 782 3405 inter
795 3349 886 3424 prima
897 3347 1068 3407 Valerianus
1085 3365 1169 3426 quo·

159 3443 215 3502 que
230 3425 384 3488 Cornelius
400 3431 588 3504 existimavit,
613 3445 668 3488 una
688 3429 878 3489 vitisllomae
898 3432 926 3488 in
949 3430 1045 3489 Liviae
1061 3436 1167 3508 porti·
