2542 3842
355 139 786 227 uno.ar1sr.1n.1.(a-s.)
971 123 975 127 ’
1041 143 1101 207 125

94 305 235 369 Baeticae
248 304 370 383 primurn
386 306 422 366 ab
435 304 607 384 Ossigitania
620 308 731 368 inlusus
742 325 864 369 amoeno
878 308 1001 372 blandus
1013 310 1100 371 alveo

97 390 212 451 crebris
228 389 330 451 dextra
345 391 488 467 laevaque
505 391 648 450 adcolitur
660 393 786 470 oppidis.
813 391 1013 455 Celeberrima
1025 396 1101 454 Inter
1109 408 1143 462 ιο

96 473 173 534 bunc
191 480 222 532 et
239 474 342 533 oceani
359 490 438 533 oram
453 474 482 532 in
503 475 716 535 mediterraneo
732 476 842 551 Segida
861 495 934 555 quae
951 477 1101 555 Augurina

97 556 329 634 cognominatur,
345 554 417 616 lulla
431 574 506 633 quae
524 556 675 634 Fidentia,
687 558 786 635 Urgao
802 577 877 637 quae
894 558 985 637 Alba,
1001 562 1101 623 Ebura
1119 562 1123 568 ’

70 658 172 719 aquae
187 635 321 713 Cerialis,
334 639 447 698 Iliberri
460 640 536 717 quod
549 639 687 717 Liberini,
704 640 808 719 Ilipula
821 660 896 721 quae
907 641 992 718 Laus,
1005 646 1100 722 Artigi

95 722 175 802 quod
187 722 341 797 Iulienses,
352 722 444 781 -Vesoi
455 722 531 800 quod
544 722 692 800 Faventia,
703 725 814 801 Singili,
827 726 954 803 Ategua,
967 725 1099 787 Arialdu-

93 824 171 881 num,
187 802 265 881 Agla
278 805 380 880 mInor,
396 804 523 881 Baebro,
542 803 644 866 Oastra
654 809 773 882 vinaria,
791 802 1099 887 Cisimbrium,'Hippo

94 904 183 964 nova,
199 886 319 963 lllurco,
338 885 425 963 Osca,
443 886 554 973 Oscua,
565 891 722 967 Succaelo,
737 890 926 968 Unditanum,
943 891 1033 952 Tucci
1048 910 1098 951 ve·

93 981 158 1050 tus,
181 972 276 1032 omnia
291 971 474 1031 Bastetaniae
495 975 645 1051 vergentis
669 975 704 1035 ad
727 992 823 1051 mare,
846 984 1004 1037 conventus
1025 992 1099 1035 vero

57 1078 86 1121 ao
96 1053 308 1127 Cordubensis.
342 1052 427 1116 Oiroa
451 1054 556 1116 ilumen
578 1058 672 1133 ipsum
695 1056 792 1135 Ossigi
814 1060 892 1137 quod
913 1060 1098 1136 cognomina-

94 1149 141 1200 tur
156 1138 341 1213 laconicum,
360 1136 480 1215 illiturgi
497 1140 574 1216 quod
590 1138 696 1201 Forum
711 1139 828 1217 lulium,
846 1141 1005 1220 lprasturgi
1020 1142 1099 1221 quod

94 1221 302 1301 Triumphale,
322 1222 408 1281 sacia
430 1230 459 1280 et
472 1220 554 1281 Xllll
571 1221 600 1282 Μ
613 1237 749 1301 passuum
764 1233 905 1284 remotum
919 1226 948 1284 in
962 1224 1098 1285 mediter·

93 1323 186 1368 raneo
201 1303 314 1365 Obulco
331 1304 408 1383 quod
420 1304 614 1365 Pontificense
630 1307 805 1385 appellatur,
821 1306 984 1385 mcxliipa,
1000 1306 1100 1386 Epora

93 1390 324 1464 foederatorum,
339 1387 427 1449 Sacili
438 1385 619 1466 Martialium,
634 1388 736 1451 Onoba
746 1399 776 1451 et
786 1391 889 1451 dextra
900 1390 1035 1451 Corduba
1049 1408 1098 1449 co·
1219 1402 1225 1411 ·

58 1474 174 1537 salonia
192 1471 315 1533 Patricia
333 1473 516 1548 cognomine,
533 1473 599 1533 iude
619 1474 739 1552 primum
751 1474 909 1551 navigabili
923 1474 1029 1549 Baete,
1046 1490 1098 1553 op·

92 1557 163 1637 pida
180 1552 323 1632 Carbula,
339 1554 479 1632 Decuma,
498 1554 601 1617 fluvius
618 1558 755 1635 Singulis,
773 1559 878 1618 eodem
892 1558 989 1617 Baetis
1005 1557 1098 1617 latere

92 1640 237 1700 incidens.
260 1638 369 1718 oppida
384 1638 565 1718 Hispalensis
582 1638 841 1716 conventusOelti,
856 1640 945 1716 Arua,
963 1639 1098 1716 Canama,
1107 1649 1139 1702 11

92 1723 180 1799 Evia,
196 1722 269 1800 Ilipa
285 1724 458 1799 cognomine
475 1722 574 1802 {Ilpa}
592 1723 707 1800 Italica,
725 1732 754 1784 et
768 1742 784 1784 a
800 1724 884 1784 laeva
898 1722 1000 1803 Hispal
1017 1722 1097 1784 colo·

93 1809 143 1867 nia
160 1806 334 1883 cognomine
350 1805 548 1881 Romulensis,
568 1826 606 1867 ex
621 1808 747 1867 adverso
765 1808 901 1887 oppidum
917 1807 1004 1867 Osset
1020 1806 1099 1885 quod

57 1915 85 1957 20
97 1884 317 1967 cognominatur
331 1887 402 1951 Iulia
419 1886 602 1967 Constantia,
624 1890 799 1968 Lurgentum
817 1892 895 1971 quod
910 1886 963 1951 luli
979 1890 1097 1965 Oenius,

95 1973 221 2053 Orippo,
234 1970 338 2048 Caura,
355 1974 477 2049 Siarum,
490 1972 592 2034 lluvlus
604 1972 746 2034 Maenuba
755 1974 837 2035 Baeti
849 1984 878 2034 et
891 1976 955 2052 ipse
967 1994 983 2034 a
993 1975 1097 2034 dextro

95 2056 191 2133 latere
217 2056 337 2116 inlusus.
365 2066 393 2116 at
417 2058 492 2116 inter
513 2059 657 2118 aestuaria
681 2058 779 2117 Baetis
800 2058 937 2135 oppidum
957 2057 1098 2116 Nebrissa

95 2139 272 2217 cognomine
286 2138 412 2199 Veneria
433 2148 463 2198 et
479 2136 647 2213 Colobana,
671 2140 803 2199 coloniae
821 2140 893 2199 Asta
914 2156 988 2216 quae
1004 2138 1098 2214 Regia

95 2222 202 2283 dicitur
220 2222 293 2280 etin
313 2223 527 2289 mediterraneo
546 2221 638 2282 Asido
661 2238 735 2299 quae
753 2219 938 2281 Caesariana.
971 2220 1098 2296 Singulis
1108 2232 1139 2283 12

55 2304 202 2367 astluvius
217 2304 369 2366 in-Baetim
385 2323 442 2385 quo
458 2306 563 2366 dictum
580 2314 625 2365 est
643 2305 743 2364 ordine
761 2304 942 2382 inrumpens,
961 2303 1098 2380 Astigita·

95 2407 160 2449 narn
178 2388 322 2448 coloniam
340 2388 428 2449 adluit
444 2389 616 2467 cognomine
632 2388 792 2465 Augustam
807 2388 930 2464 lirnram,
946 2386 982 2448 ab
1000 2404 1035 2447 ea
1050 2402 1098 2445 na·

93 2470 243 2549 vigabilis.
275 2471 365 2531 Huius
387 2483 546 2533 conventus
571 2482 634 2533 sunt
657 2472 789 2551 reliquae
814 2471 947 2533 coloniae
969 2472 1099 2529 inmunes

95 2554 188 2615 'l'ucci
204 2572 279 2632 quae
296 2558 512 2631 cognominatur
526 2556 658 2636 Augusta
671 2554 811 2632 Gemella,
827 2554 899 2615 Ituci
915 2573 989 2635 quae
1001 2554 1099 2613 Virtus

94 2637 185 2713 Iulia,
207 2636 302 2697 Ucubi
320 2656 394 2717 quae
413 2638 535 2701 Claritas
556 2640 643 2716 Iulia',
665 2638 741 2700 Urso
760 2657 834 2718 quae
852 2638 950 2699 Genua
964 2637 1095 2697 Urbano·

58 2740 177 2795 aarum,
201 2722 276 2781 inter
297 2740 371 2800 quae
393 2722 445 2783 fuit
459 2722 564 2784 Hunda
580 2742 644 2784 cum
661 2722 781 2802 Pompei
796 2722 856 2781 lilio
871 2730 963 2800 rapta.
991 2720 1097 2799 oppida

96 2804 192 2866 libera
205 2804 302 2881 Astigi
319 2816 418 2882 vetus,
437 2804 576 2885 Ostippo,
599 2806 786 2885 stipendiaria
803 2802 913 2879 Callet,
937 2799 1098 2874 Callecnla,

97 2886 202 2948 Castra
216 2890 347 2965 gemina,
363 2888 466 2968 Ilipula
481 2892 587 2964 minor,
606 2889 758 2962 Harucca,
775 2888 919 2961 Sacrana,
945 2883 1097 2957 Obulcula,

96 2969 229 3047 Oningis.
259 2970 305 3031 Ab
323 2988 375 3033 ora
395 2974 523 3032 replenti
538 2988 632 3051 prope
650 2968 821 3030 blaenubam
836 2986 946 3027 amnem
962 2976 991 3027 et
1006 2968 1099 3045 ipsum

96 3053 290 3129 navigabilem
301 3054 370 3116 haut
382 3055 485 3133 procul
497 3048 843 3131 adcolunlAlontigicell,
860 3051 998 3128 Alostigi.
1017 3049 1099 3123 Quae
1108 3058 1142 3113 13

60 3158 88 3201 aa
98 3145 194 3196 autam
208 3140 292 3215 regio
313 3157 329 3199 a
344 3139 434 3198 Baete
451 3138 486 3199 ad
503 3136 618 3197 lluvium
630 3136 726 3217 ,Anam
746 3133 837 3194 tendit
853 3144 935 3195 extra
949 3133 1100 3213 praedicta

95 3219 230 3279 Baeturia
253 3221 418 3300 appellatur
437 3222 467 3279 in
487 3221 557 3281 duas
581 3220 671 3280 divisa
686 3219 777 3298 partis
798 3219 976 3296 totidemque
991 3217 1097 3294 gentis,

97 3300 303 3381 Celticosfqui
330 3302 503 3364 lusitaniam
531 3306 689 3380 attingunt,
716 3301 897 3379 Hispalensis
926 3307 1097 3372 conventus,

96 3383 242 3447 Turdulos
268 3389 317 3465 qui
337 3385 509 3450 Lusitaniam
533 3396 562 3446 et
585 3386 833 3447 Tarraconensem
858 3384 1010 3458 adcolunt,
1036 3381 1097 3439 iura
