2542 3842
273 212 278 228 ,
310 170 391 215 nnn.
416 168 507 219 ursa.
526 169 602 217 vnn.
617 166 741 221 ee—se.
758 142 910 238 (es—st.)
1064 161 1107 224 δ’]

110 324 174 399 atti,
192 340 313 407 quorum
328 322 453 401 puerum
465 324 493 383 in
505 332 591 399 gustu
606 325 825 410 ssgadssirm
835 332 1107 405 auctorem-n
1151 313 1154 329 ¹

109 408 191 469 modo
209 408 405 469 intellexerint
416 408 512 467 miror.
544 408 704 469 couduetur
717 409 867 487 etdbrini,
883 410 987 488 quibus
998 414 1105 490 magni·
1132 428 1141 435 ·

109 493 174 553 tudo
191 492 306 552 melium
318 500 373 566 est,
386 490 439 549 sed
453 490 483 551 hi
499 491 605 569 pabulo
618 502 686 551 ante
700 495 729 553 in
745 510 853 571 sperus
870 505 1024 571 conredo,
1041 514 1106 558 cu

109 577 220 653 quidem
234 584 350 635 narrent
362 574 607 637 alternosrnnrem
618 594 654 636 ac
666 577 799 637 lembum
809 577 951 639 subrosae
958 581 1104 659 conpiano

86 661 189 721 tlasce
204 659 314 722 herbae
330 660 465 737 supinos,
487 660 577 719 cauda
592 661 739 722 mordicus
759 661 957 740 adprobem,
981 666 1106 725 invicem

107 744 218 805 detrahi
234 744 269 803 ad
284 762 414 822 specum,
432 744 558 821 ideoque
573 745 625 805 illo
644 755 779 823 tempore
795 746 901 805 detrho
918 747 1103 809 esse'dbrso.

1256 123 1259 156 l

108 828 176 889 Sunt
191 828 236 887 his
248 846 335 906 pares
351 837 379 887 et
391 829 420 887 in
431 828 579 907 Aegypto,
593 830 782 906 similiterque
797 829 961 889 residentes
970 832 998 889 in
1010 832 1104 891 clanis
1132 842 1141 890 ΐ
1257 841 1258 890 ἶ

109 913 173 971 etin
184 912 257 971 binis
272 911 394 990 pedibus
408 913 575 988 gradiuntur
582 913 785 991 prioribusque
796 922 826 972 ut
836 913 966 973 manibus
977 924 1101 975 utuntur.

169 996 253 1075 (56.)
282 996 459 1075 Praeparaut
482 997 568 1057 hiemi
596 1007 633 1056 e„
648 998 776 1057 irenacei
795 996 878 1056 cibos
912 1016 948 1057 ac
967 1000 1146 1063 retineres

73 1090 193 1158 10suprn
203 1082 325 1142 iacentia
336 1098 421 1158 ponsa
436 1080 529 1141 adhue
540 1081 641 1158 spinis,
657 1100 742 1141 unum
751 1081 874 1158 amplius
887 1084 1025 1141 serem
1037 1100 1101 1159 oce,

107 1174 221 1243 portant
237 1166 265 1225 in
283 1182 370 1225 cavas
385 1164 515 1225 arbores.
543 1165 629 1224 iidem
648 1165 999 1243 mutationcmaqnilonis.
1010 1168 1039 1225 in
1053 1184 1102 1226 aas

107 1258 204 1323 strum,
223 1248 380 1307 condentes
396 1267 428 1307 se
444 1250 471 1307 iu
488 1247 583 1307 cubile
599 1250 793 1325 praesagiunt.
821 1249 870 1308 ubi
885 1266 965 1308 uero.
980 1248 1103 1327 sennem
1173 1256 1181 1275 ²

106 1341 426 1408 venantem,contracto
440 1342 468 1393 et
477 1350 529 1391 ore
542 1332 724 1411 pedibusque
731 1350 766 1391 ac
776 1340 859 1410 purte
867 1335 941 1394 omri
949 1334 1101 1409 inferiore,
1132 1346 1139 1354 ·

108 1436 163 1495 qua
183 1434 277 1477 raram
300 1426 328 1475 et
348 1418 499 1477 irmocuam
520 1416 628 1475 hahent
647 1416 821 1491 lanuginem,
836 1416 1052 1479 conralvontnr
1070 1419 1100 1475 in
1145 1477 1151 1498 „

68 1504 97 1553 1⁵
106 1502 227 1564 formam
242 1502 337 1579 pilae,
357 1500 479 1578 nequid
499 1500 695 1577 conprehendi
716 1502 809 1576 pessit
830 1510 948 1579 praeter
970 1502 1100 1561 aculeos

105 1587 134 1643 in
147 1585 350 1663 desperatione
361 1602 432 1645 vero
450 1584 559 1643 urinam
570 1600 607 1643 ex
620 1602 654 1642 se
663 1583 787 1643 reddunt
801 1584 955 1661 tabificam,
973 1586 1083 1662 tergori
1089 1592 1144 1648 1³4

106 1686 158 1729 suo
178 1670 326 1747 spinisque
345 1670 474 1743 noxiam,
491 1676 612 1745 propter
632 1667 735 1742 bocse
755 1669 823 1746 capi
842 1671 934 1745 gnari.
963 1668 1101 1748 quemob-

104 1772 165 1813 rem
182 1753 342 1812 exinanitos
358 1754 437 1831 prius
453 1752 532 1811 urina
548 1753 649 1811 venari
663 1770 711 1811 ars
728 1761 783 1811 est.
814 1762 845 1811 et
864 1762 923 1813 tum
944 1752 1105 1832 praecipua
1134 1762 1138 1768 '

105 1838 160 1897 dos
175 1838 297 1914 tergori,
314 1837 387 1896 alias
403 1845 550 1913 concupio,
567 1835 676 1912 fragili,
693 1835 930 1915 putribusspinis
949 1847 1040 1915 etque
1050 1838 1101 1897 det

62 1921 211 1996 reciduis,
235 1922 345 1980 etiamsi
368 1921 444 1979 vivat
464 1919 627 1979 subtractus
649 1920 728 1997 luga.
758 1920 797 1981 ob
813 1920 842 1980 id
862 1938 920 1980 non
937 1921 992 1980 risi
1006 1922 1101 1979 inno·

105 2004 221 2063 sissima
241 2022 294 2081 spe
316 2003 458 2063 maleficio
486 2019 523 2061 eo
539 2003 733 2080 perfunditur,
755 2005 864 2082 quippe
886 2014 917 2063 et
932 2004 990 2082 ipsi
1009 2003 1101 2074 odere

104 2106 186 2149 susm
203 2088 389 2159 veneficium,
407 2088 446 2145 ita
462 2094 615 2164 parcentes
637 2086 692 2145 sibi
713 2088 920 2164 terminumque
936 2084 1102 2165 snprdinnm

105 2172 296 2250 opperientes
312 2178 345 2227 ut
358 2170 449 2229 ferme
470 2178 536 2229 ante
553 2170 705 2247 captivitas
720 2180 857 2247 occupet.
891 2170 1007 2231 calidae
1019 2180 1100 2248 post·

104 2274 141 2316 ea
159 2272 250 2333 aquae
266 2254 407 2331 adspersu
420 2253 580 2313 resolvitur
592 2254 662 2331 pila,
678 2253 941 2333 adprehensusque
954 2271 1010 2333 pes
1024 2254 1100 2314 alter

54 2344 92 2397 ‘aa
104 2358 123 2399 e
137 2337 348 2417 posterioribus
361 2335 394 2373 ¹⁶*
411 2337 601 2415 suspendiosa
622 2338 697 2397 fame
719 2348 848 2402 necatur.
879 2338 964 2399 aliter
981 2356 1039 2397 nm
1054 2348 1101 2398 est
1136 2346 1141 2371 ·'

103 2422 243 2483 occidere
261 2430 289 2481 et
313 2423 423 2498 tergori
439 2438 573 2499 parcere.
608 2421 707 2500 lpsunr
732 2422 835 2483 animal
854 2440 923 2498 nou,
936 2432 967 2482 nt
985 2438 1083 2481 renum
1090 2432 1141 2486 135

101 2506 248 2586 plerique,
266 2508 344 2565 uitae
356 2505 503 2573 hominum
513 2523 722 2584 superuacuum
735 2517 789 2582 est,
803 2509 827 2565 si
842 2524 900 2566 rmn
915 2508 973 2566 sint
980 2507 1023 2566 illi
1032 2522 1101 2565 ace·
1163 2505 1166 2513 '

102 2592 153 2666 lei,
170 2590 275 2650 frustra
290 2590 431 2649 vellerum
446 2590 565 2649 mollitia
586 2590 614 2648 in
630 2590 744 2667 pecude
757 2591 928 2650 mortalibus
942 2590 1018 2651 dats·
1045 2591 1102 2651 buc

105 2684 173 2733 cute
190 2674 374 2751 expoliuntur
394 2684 503 2735 restes.
534 2690 666 2749 magnum
690 2674 770 2734 haus
785 2684 815 2733 et
829 2674 870 2733 ibi
887 2674 1023 2752 {lucrum}
1038 2690 1100 2733 mo·
1133 2676 1138 2683 '

15 2832 16 2835 Ἴ
55 2757 258 2835 aonopclium-
277 2760 401 2832 irruerit,
426 2757 461 2816 de
476 2757 553 2816 nulla
574 2776 607 2816 re
629 2756 826 2817 crebrioribus
841 2758 1102 2818 senatusconsultis
1157 2817 1178 2827 ,,

101 2840 242 2918 nulloque
256 2858 313 2901 non
327 2841 459 2919 principe
474 2840 550 2901 ndito
567 2843 753 2917 querimoniis
763 2837 999 2919 provincialibus.
1119 2855 1121 2862 ’

167 2924 216 2985 38.
235 2926 318 3005 (57.)
347 2925 453 2989 Urinae
469 2934 499 2985 et
517 2925 710 2985 duobus-aliis
725 2924 895 2985 animalibus
908 2926 983 2985 ratio
997 2924 1077 2986 mira.
1090 2934 1142 2989 136

99 3008 332 3087 leontophonon
352 3010 509 3088 accipimus
534 3010 635 3067 vocari
663 3026 781 3087 parvom
805 3027 861 3069 neo
883 3008 953 3069 alibi
975 3023 1103 3091 remens

101 3111 189 3171 quarn
209 3092 259 3152 ubi
272 3094 324 3162 ¹leo
347 3094 481 3169 gignitur,
499 3110 556 3172 que
576 3102 692 3169 gustato
713 3102 792 3155 tanta
804 3092 854 3153 illa
868 3094 913 3152 vis
939 3104 969 3153 ut
990 3094 1100 3154 ceteris
1129 3148 1134 3158 ,

49 3195 88 3239 ³⁵
101 3177 310 3255 quadripedum
338 3176 503 3255 imperitans
526 3178 606 3237 illico
632 3178 770 3254 exspiret.
807 3194 882 3254 ergo
904 3195 1011 3256 corpus
1034 3177 1102 3235 eius

100 3262 236 3325 adustum
253 3258 430 3340 adspergunt
445 3261 509 3321 aliis
527 3260 659 3321 carnibus
673 3261 810 3339 polentae
831 3261 917 3323 nodo
932 3262 1107 3321 insidiantes.
1135 3262 1139 3272 '

98 3345 195 3421 ieras,
206 3354 368 3423 necantque
385 3348 469 3405 etiam
482 3348 588 3406 cinere.
614 3354 671 3404 tam
687 3348 829 3407 contraria
846 3347 1003 3424 estpestis.
1030 3347 1101 3405 baut

98 3430 235 3507 inmerito
255 3430 342 3507 igitur
364 3430 424 3491 odit
446 3430 494 3492 leo
520 3430 669 3508 visumque
696 3430 802 3510 frangit
825 3438 855 3489 et
877 3432 949 3490 eitra
973 3446 1100 3490 morsum

161 3546 165 3548 .
470 3519 483 3547 r
611 3527 616 3536 r
889 3514 907 3572 5
920 3511 936 3548 tt
