2542 3842
368 174 628 222 summumst.
654 170 771 224 rte-16.
796 162 959 241 (lt-16.)
1074 160 1131 221 165

133 332 226 409 gignit
239 330 268 390 id
283 347 414 391 maxume
429 332 534 389 arcturi
549 338 669 389 exortus
680 347 718 389 ex
729 347 755 388 a.
773 329 800 389 d.
812 328 906 407 pridie
920 329 984 388 idus
1000 329 1132 407 Septem·

132 416 203 475 bris.
226 415 340 492 quidam
355 415 492 473 aestivam
507 414 702 475 mellationem
719 413 755 473 ad
769 412 873 473 arcturi
889 422 1020 473 exortum
1032 412 1132 491 prole·

132 508 213 574 runt,
233 499 365 575 quoniam
379 496 415 561 ad
431 498 642 577 aequinoctium
658 498 783 557 autumni
803 496 840 556 ab
856 512 893 555 eo
910 498 1056 575 supersint
1070 496 1132 556 dies

132 582 378 663 quattuordecim,
402 590 431 640 et
458 580 495 641 ab
523 583 706 661 acquinoctio
730 580 766 641 ad
789 580 974 657 vergiliarum
996 598 1131 641 occasum

107 682 120 723 u
132 666 235 729 diebus
249 678 360 725 XLVIII
376 664 505 744 pluruma
517 668 553 725 sit
569 669 658 725 erice.
687 664 882 725 Athenienses
894 682 958 724 eam
970 664 1131 725 tetradicea
1139 673 1174 726 lt

131 749 295 830 appellant,
313 747 434 809 Euboea
452 750 591 825 sisarum,
613 757 772 830 putantque
792 749 893 828 apibus
912 766 981 807 esse
1002 750 1131 825 gratissi·

130 852 222 907 mans,
238 833 370 893 fortassis
387 834 452 910 quia
465 843 533 893 tunc
548 833 626 893 nulla
638 833 695 893 alia
710 835 748 892 sit
763 834 858 911 copia.
887 832 962 892 hacc
975 834 1049 909 ergo'
1061 832 1131 891 mel·

131 918 201 978 latio
213 917 268 975 due
280 917 441 978 vindemiae
454 926 483 977 et
491 918 676 994 vergiliarum
689 934 797 977 occasu
811 916 906 976 idibus
919 914 1131 976 Novembribus
1163 943 1166 947 ⁴

131 1001 196 1061 iere
214 1000 377 1061 includitur.
407 999 531 1079 relinqui
552 1020 590 1060 ex
610 1020 645 1061 ca
662 1000 733 1061 duas
750 1002 841 1079 partis
857 999 959 1078 apibus
975 1002 1048 1059 ratio
1064 1018 1130 1079 per·

96 1098 122 1153 uo
132 1084 249 1158 suadet,
273 1093 302 1143 et
322 1101 438 1163 semper
460 1102 510 1143 eas
533 1085 622 1163 partis
639 1085 769 1144 favorum
784 1102 859 1162 quae
881 1082 1006 1143 babeant
1027 1084 1130 1144 eritba·

132 1186 195 1229 ceu.
227 1166 259 1227 *A
273 1167 373 1227 bruma
395 1168 431 1227 ad
446 1170 552 1228 arcturi
568 1177 700 1232 exortum
721 1168 822 1227 diebus
838 1180 886 1227 Lx
900 1184 1001 1227 somno
1018 1168 1173 1229 aluntur43

132 1254 194 1313 sine
215 1250 274 1311 ullo
296 1250 373 1312 cibo.
418 1251 454 1310 ab
475 1252 581 1312 arcturi
599 1262 700 1311 exortu
722 1252 758 1311 ad
781 1252 993 1329 aequinoctium
1012 1252 1130 1312 vernum

130 1336 277 1413 tepidiore
293 1344 385 1395 tractu
403 1336 458 1395 iam
469 1336 605 1411 vigilant,
625 1335 678 1395 sed
694 1336 845 1395 etiamnum
859 1334 926 1394 alvo
938 1353 972 1395 se
984 1336 1131 1394 continent

16 1418 17 1421 ’
132 1428 324 1498 servatosque
345 1419 416 1479 inid
435 1428 547 1497 tempus
567 1417 649 1479 cibos
665 1426 809 1497 repetunt.
843 1418 872 1477 in
888 1416 970 1477 ltalia
984 1436 1056 1478 vero
1072 1418 1130 1477 boc

97 1512 123 1553 1⁵
132 1502 207 1564 idem
226 1520 242 1562 a
257 1501 442 1581 vergiliarum
465 1512 567 1563 exortu
582 1502 698 1562 iaciunt.
725 1504 753 1561 in
767 1520 833 1561 eum
847 1501 999 1561 dormiunt.
1032 1502 1125 1563 Alvos
1135 1509 1189 1568 44.

132 1586 245 1665 qnidam
266 1588 294 1645 in
315 1587 468 1646 eximendo
490 1586 576 1647 melle
601 1587 783 1665 expendunt,
805 1586 844 1645 ita
859 1585 1018 1645 diribentes
1042 1604 1131 1664 quan·

130 1678 188 1729 tum
211 1669 382 1748 relinquant.
418 1672 548 1749 aequitas
574 1671 689 1749 quidem
714 1671 797 1729 etiarn
818 1670 847 1728 in
872 1670 908 1728 iis
932 1670 1129 1746 obstringitur,

95 1747 100 1771 “
130 1754 284 1834 feruntque
299 1756 441 1815 societate
453 1755 583 1815 fraudata
595 1754 677 1815 alvos
691 1754 774 1813 mori.
803 1753 831 1813 in
845 1753 944 1831 primis
960 1772 1032 1831 ergo
1044 1772 1128 1832 prae·

132 1838 235 1915 cipitur
257 1846 288 1895 ut
311 1838 379 1899 lauti
400 1840 523 1917 purique
545 1840 668 1899 eximant
685 1838 781 1898 mella.
815 1846 845 1897 et
858 1838 952 1897 iurem
966 1838 1129 1898 mulierum·

94 1938 188 1999 suque
206 1938 321 1980 menses
344 1922 443 1982 odere.
487 1920 557 1981 (lum
572 1924 731 1981 eximantur
750 1920 855 1995 netto,
880 1923 942 1998 apis
954 1920 1031 1997 abigi
1048 1922 1125 1981 fumo
1137 1927 1172 1983 46

129 2003 318 2076 utilissimum,
335 2022 371 2062 ne
383 2005 541 2064 irascantur
557 2014 604 2064 aut
627 2006 709 2082 ipsae
724 2002 809 2063 avide
824 2013 937 2062 vorent.
969 2004 1047 2063 fumo
1065 2024 1129 2064 cre·

129 2084 228 2148 brioro
249 2094 278 2143 et
297 2087 411 2161 ignavia
434 2104 530 2146 earum
546 2088 688 2147 excitatur
709 2086 744 2147 ad
763 2102 871 2164 opera,
896 2103 961 2145 nam
976 2089 1030 2147 nisi
1049 2089 1128 2167 incu-

129 2169 254 2243 batore,
266 2169 355 2229 ravos
377 2170 481 2229 lividos
496 2170 612 2234 iaciunt.
650 2186 749 2231 rursus
760 2169 838 2241 inmo
853 2171 938 2229 nimio
955 2169 1127 2247 inficiuntur,

130 2252 243 2333 quando
265 2253 395 2313 iniuriam
421 2254 573 2314 celerrime
590 2255 715 2313 sentiunt
735 2252 822 2313 mella
839 2254 892 2313 net
913 2254 1036 2313 minumo
1059 2273 1126 2326 con·

94 2352 120 2393 aa
129 2346 206 2397 tactu
222 2338 297 2395 roris
318 2339 494 2397 acescentis.
530 2347 561 2397 et
584 2338 622 2397 ob
646 2338 674 2397 id
689 2340 763 2397 inter
777 2354 888 2413 genera
903 2346 1035 2397 servatur
1051 2340 1128 2416 quod

129 2437 269 2499 acapnum
287 2432 401 2483 vocant.

193 2502 274 2585 (16.)
307 2504 396 2565 Fetus
419 2522 542 2585 quonam
567 2506 653 2567 modo
676 2516 908 2585 progenerarent
930 2523 1033 2584 magna
1054 2508 1172 2570 intertt

128 2589 258 2649 cruditos
284 2598 313 2649 et
332 2590 445 2651 subtilis
466 2590 518 2651 init
539 2593 680 2671 quaestio.
717 2592 811 2669 apium
834 2591 908 2649 enirn
935 2592 1029 2650 coitus
1048 2591 1129 2649 visus

129 2680 173 2731 est
186 2690 346 2751 numquam.
381 2674 482 2754 plures
498 2677 701 2737 existimavere
717 2693 769 2737 ore
786 2674 911 2750 conlingi
923 2673 1044 2735 boribus
1059 2690 1127 2735 eon·

94 2769 120 2811 so
130 2757 233 2834 positis
244 2767 310 2834 apte
323 2766 410 2836 atque
421 2758 537 2818 utiliter.
571 2759 659 2837 aliqui
674 2761 752 2818 coitu
765 2760 858 2833 unius,
874 2758 923 2834 qui
943 2775 997 2816 rex
1012 2760 1040 2816 in
1055 2775 1127 2837 quo·

129 2856 184 2917 que
200 2840 364 2917 appellatur
379 2842 519 2901 examine.
539 2837 625 2901 'bunc
639 2860 706 2902 esse
724 2843 818 2902 solum
828 2859 952 2916 marem,
969 2845 1128 2920 praecipua

128 2923 337 3001 magnitudine,
360 2942 397 2983 ne
418 2925 544 2985 fatiscat.
574 2926 641 2986 ideo
657 2927 746 2985 letum
760 2926 822 2984 sine
837 2943 874 2984 eo
889 2943 947 2988 non
965 2925 1029 2999 edi,
1050 2927 1126 3002 apis·

127 3021 185 3085 que
201 3007 329 3085 reliquas
344 3016 485 3087 tamquam
496 3025 603 3071 marem
619 3009 738 3069 feminas
755 3009 896 3084 comitari,
912 3026 970 3068 non
985 3017 1128 3086 tamquam
1242 3075 1245 3082 ¹

119 3089 247 3164 ducem,
273 3108 355 3169 qnam
376 3091 558 3170 probabilem
580 3092 651 3153 alias
668 3093 836 3152 sententiam
853 3093 986 3153 incorum
1001 3109 1126 3170 prosen-

94 3190 119 3233 ta
128 3182 174 3233 tus
191 3178 331 3251 coarguit
363 3193 437 3254 quae
453 3177 527 3235 suun
542 3178 617 3237 ratic
630 3186 663 3236 ut
677 3178 752 3238 idem
768 3178 862 3238 coitus
876 3177 1058 3254 inperfectos
1072 3193 1125 3252 ge·

127 3267 210 3317 neret
224 3252 320 3318 alios?
353 3259 476 3337 Propior
491 3276 562 3319 vcro
579 3262 662 3338 prior
677 3261 850 3321 existimatio
866 3260 966 3336 lieret,
981 3261 1009 3318 ni
1026 3266 1169 3323 rursustl
1185 3266 1186 3269 ’

129 3340 183 3403 alia
196 3341 351 3403 difficultas
367 3352 528 3403 ocurreret.
561 3345 670 3423 quippe
687 3354 844 3405 nascuntur
864 3344 1019 3424 aliquando
1031 3346 1060 3402 in
1075 3361 1125 3403 ex·

127 3428 226 3485 nemis
246 3427 322 3487 lavis
344 3445 415 3507 apes
436 3427 608 3505 grandiores
629 3447 705 3508 quse
727 3438 842 3489 ceteras
863 3428 973 3505 lugant.
1010 3436 1127 3488 oestrus
