2542 3842
313 767 562 843 noluonls
589 765 902 843 PRAEFATIO.

166 980 224 1037 Post
240 984 367 1056 egregiam
385 1000 398 1039 a
414 982 475 1039 luco
485 983 581 1059 Sillipio
599 976 623 1041 iu
635 983 666 1041 G.
678 983 740 1040 Plini
751 983 858 1040 Secundi
868 981 989 1037 Naturalis
1003 978 1122 1035 Historiae
1212 1053 1214 1058 Ι

108 1064 171 1120 libris
190 1068 294 1135 positam
314 1082 397 1123 curam
419 1070 564 1142 quicumque
587 1068 686 1125 eosdem
709 1070 836 1124 mutaverit
855 1067 926 1121 edere
942 1067 1023 1121 denuo
1039 1078 1121 1118 emcn-

107 1149 180 1215 datos
192 1156 249 1204 ante
260 1152 341 1206 omnia
352 1151 448 1207 debebit
465 1168 575 1209 enarmre
585 1168 647 1225 quac
656 1154 720 1208 inter
728 1168 797 1207 suam
808 1159 832 1205 et
843 1151 909 1206 illam
919 1150 1050 1206 editionem
1060 1148 1121 1203 ratio

107 1233 244 1289 intercedat.
268 1234 339 1299 Quod
349 1236 442 1291 lecturo
453 1237 512 1291 milri
522 1238 594 1292 liceat
603 1237 758 1306 praemittere
766 1251 843 1306 pauco
853 1233 940 1306 quibus
949 1232 1050 1303 prodam
1059 1247 1122 1302 quae

9 1346 12 1376 e
105 1316 162 1371 mihi
172 1316 246 1371 luerit
256 1319 401 1389 suscipiendi
411 1319 482 1375 huius
494 1320 573 1391 operis
584 1334 664 1374 causa.
680 1320 758 1390 atoue
768 1320 873 1389 primum
883 1318 942 1374 milti
953 1315 1076 1373 latendum
1084 1323 1122 1370 est

12 1402 19 1471 '¹
105 1414 151 1455 uon
158 1414 211 1454 mea
217 1408 305 1471 sponte
315 1418 354 1457 mo
361 1404 454 1473 cepisse
463 1403 512 1458 hoc
522 1403 658 1469 consilium,
670 1402 714 1458 sed
718 1408 877 1473 provocatum
887 1400 938 1457 aB.
946 1399 977 1457 G.
990 1398 1119 1462 Tecdroero,

11 1544 20 1565 ¹,-
103 1484 143 1555 pui
154 1498 210 1539 cum
221 1500 294 1540 novas
301 1485 448 1541 Graecorum
461 1494 486 1541 ot
492 1488 632 1543 latinorum
642 1488 786 1557 scriptorum
797 1501 883 1557 paraus
893 1486 1011 1542 editiones
1017 1483 1121 1538 Plinium

14 1573 17 1601 ³
102 1566 177 1625 nollet
192 1569 287 1633 omitti,
307 1570 338 1625 ad
355 1585 397 1627 me
415 1570 569 1640 potissimum
584 1570 648 1625 hanc
664 1570 750 1627 detulit
761 1569 921 1641 prouinciam,
946 1568 1059 1645 quoniam
1071 1581 1120 1621 non

15 1684 23 1707 ι.
101 1650 230 1723 ignorabat
241 1652 390 1708 iamdudum
406 1669 446 1708 me
457 1653 514 1709 huic
525 1655 636 1733 scriptori
652 1669 753 1709 navemn
770 1669 877 1724 operam.
898 1669 954 1708 narn
965 1650 1122 1722 ipsiushuius

12 1747 14 1775 ἰ
100 1734 643 1807 deantiquisscriptoriblrsoptimemeritiuiri
653 1738 716 1809 typis
725 1735 993 1793 amolluuccxxxv
1001 1734 1121 1805 descripta

9 1834 23 1867 ³.
99 1824 137 1873 cst
146 1818 239 1875 codicis
249 1819 575 1893 Bambergeusisauulgatis
585 1822 762 1891 exemplaribus
772 1821 1006 1891 discrepantiaame
1023 1825 1129 1874 enotata

9 1891 18 1981 1Ϊ
98 1902 203 1958 ethrevi
221 1902 374 1959 adnotatione
390 1905 520 1973 instructa,
538 1920 611 1977 quem
627 1906 736 1959 omnium
747 1904 910 1959 Plinianorum
928 1904 1040 1959 codicum
1050 1916 1120 1972 prae·

9 2007 28 2049 ,ς
97 1987 276 2042 stantissimum
292 1994 320 2042 ut
336 1988 477 2059 detegerem
494 1987 553 2043 milri
569 1979 674 2061 contigit
691 2003 754 2043 anno
765 1986 969 2066 llbuqcxxlll,
989 1993 1119 2057 postquem

9 2064 29 2120 il
97 2071 167 2125 anuis
177 2069 387 2145 unccuxxvlu
398 2078 423 2125 et
437 2072 471 2129 lll
480 2073 506 2126 iu
517 2071 657 2145 Silligianae
668 2072 779 2127 editIonis
788 2086 861 2127 usum
873 2071 970 2127 excussi
980 2072 1006 2124 iu
1016 2069 1084 2124 ltalia
1094 2077 1119 2123 et

21 2137 32 2175 ’ἶ
98 2152 175 2209 Gallia
186 2156 370 2224 manuscriptos
380 2155 484 2211 codices.
505 2156 574 2211 Haud
589 2156 690 2211 inuitum
701 2171 741 2210 me
752 2156 838 2209 secisse
849 2162 876 2209 nt
885 2155 992 2225 perlecta
1003 2152 1119 2208 Macrobii

12 2237 32 2314 lg
97 2238 422 2297 odiuonehonesrissimirin
430 2238 664 2311 rogaturediremad
672 2238 961 2307 cumscriptoremiuquo
969 2236 1118 2290 emendando

10 2310 28 2331 ‘⁹
96 2335 226 2389 posueram
235 2321 427 2387 tirociniumvix
437 2322 546 2395 estquod
556 2321 790 2390 moueamsodipse
799 2320 923 2375 nolueram
933 2333 989 2375 eum
999 2318 1117 2383 deserere,

96 2405 172 2460 immo
184 2421 243 2459 cum
253 2403 281 2461 F.
296 2404 445 2472 moeno,
462 2420 535 2479 quem
544 2406 689 2477 magistrum
699 2406 754 2460 colo
764 2405 870 2462 maxime
880 2412 951 2476 atrpre
961 2394 1052 2475 luigo,
1069 2403 1119 2461 iam

96 2489 333 2543 communicaveram
352 2490 478 2545 consilium
495 2489 675 2553 conscribendi,
694 2490 715 2544 si
731 2490 862 2544 Academia
877 2488 956 2560 Regia
966 2487 1118 2543 Monacensis

95 2586 135 2626 rne
148 2579 218 2627 esset
227 2572 350 2637 adiutura,
366 2574 553 2628 commentarios
565 2573 654 2645 quibus
665 2573 819 2643 explanarem
830 2588 895 2627 rece
904 2572 982 2627 Plinio
993 2577 1115 2637 tractatas,

94 2655 163 2725 quod
174 2656 317 2720 consilium,
329 2656 460 2711 dummodo
471 2664 583 2727 suppetet
592 2658 654 2722 vita,
668 2656 762 2724 distub,
775 2672 825 2711 nou
836 2656 925 2722 abieci,
943 2662 968 2709 et
978 2655 1050 2725 paulo
1061 2660 1118 2723 post

93 2746 201 2810 rogante
212 2738 357 2795 Hoffmauno
373 2739 504 2809 bibliopola
514 2738 702 2812 stuttgardieusi
719 2740 837 2810 spopondi
853 2754 894 2794 me
909 2738 984 2794 libros
996 2737 1117 2793 Plinianos

92 2820 245 2877 innostrum
255 2838 391 2878 sermonem
401 2837 454 2877 esse
463 2838 600 2879 versurum

154 2904 234 2967 Nonis
245 2911 325 2961 autern
335 2921 410 2976 qurum
422 2921 528 2961 carerem
539 2907 664 2968 subsidis.
679 2907 703 2960 iu
716 2920 746 2960 eo
755 2903 815 2960 mihi
824 2906 870 2959 brit
880 2904 1071 2971 consistendum,
1088 2910 1117 2959 ut

91 2986 169 3041 uerba
179 2988 252 3043 Plinii
269 2995 426 3043 retractarem
443 2989 554 3045 adhibitis
570 2991 600 3045 iis
616 3005 678 3061 quae
694 2996 719 3043 et
737 3004 802 3043 amo
812 2994 837 3041 et
847 2988 877 3042 ab
892 2988 945 3042 aliis
961 3003 976 3042 e
991 2987 1116 3043 codicibus

90 3084 171 3125 manu
180 3072 278 3141 scriptis
287 3078 402 3141 excerpta
413 3074 566 3144 leguntup'iu
579 3074 684 3129 editione
694 3070 834 3143 Silligiane‚
853 3087 900 3141 que
910 3072 934 3126 in
947 3072 1008 3127 reid
1019 3072 1074 3143 egi,
1087 3079 1116 3126 ut

91 3168 157 3222 quoae
169 3169 267 3225 quoque
276 3155 333 3227 loco
349 3156 477 3217 suaderent
491 3156 526 3210 illi
542 3157 639 3212 codices
655 3170 772 3225 ponerem
786 3154 897 3211 admissis
910 3155 940 3209 iis
951 3161 1045 3210 tautum
1056 3166 1115 3209 ccu-

88 3234 196 3291 icctum's
207 3238 305 3309 quaein
316 3246 428 3308 corrupta
439 3240 538 3293 illorum
546 3239 712 3309 exemplorum
720 3239 842 3308 scriptura.
848 3240 987 3293 niterentur.
998 3253 1055 3292 uam
1065 3253 1115 3293 nou

88 3331 118 3373 ea
130 3320 199 3374 mihi
213 3319 353 3389 recipienda
370 3322 593 3388 ascendebantur,
613 3336 675 3392 quac
693 3321 815 3376 debuisset
830 3321 935 3376 scribere
945 3320 1052 3389 Plinius,
1071 3322 1115 3376 sed

88 3414 157 3469 quae
175 3403 299 3458 uideretur
308 3404 440 3474 scripsisse.
464 3405 547 3477 ltaque
561 3406 587 3459 iu
603 3405 670 3459 libris
686 3404 859 3475 geographicis
874 3406 913 3458 uia
933 3401 993 3457 mibi
1010 3410 1065 3457 erat
1077 3404 1113 3455 in·

88 3484 177 3539 cunda
184 3484 408 3559 diuersanSllliglo‚
421 3488 462 3559 qui
471 3488 612 3581 plerumque
624 3501 681 3542 cnm
686 3486 815 3542 Hermolao
820 3486 926 3541 Barbare
932 3486 1014 3600 abiise
1023 3484 1117 3550 recepit

921 3580 935 3617 a
