2542 3842
373 342 853 457 urnur'suouum
941 313 947 444 Ϊ

220 525 594 622 tlttttlttt
636 524 1003 621 flllllillldll

355 677 364 694 ·
467 673 670 760 cicun
710 689 751 754 v.

516 847 690 858 --——-

175 959 273 1038 (Seot.
293 959 338 1037 1.)
367 955 497 1017 Africam
514 955 618 1017 Graeci
639 955 757 1032 Libyam
778 956 970 1034 appellavere
986 964 1016 1016 et
1031 973 1138 1028 maner

96 1041 178 1105 'aute
196 1060 260 1101 eam
273 1041 421 1116 libycum.
441 1038 601 1117 Aegyptio
616 1039 728 1116 linitur,
744 1057 800 1098 uec
816 1039 871 1098 alia
887 1057 955 1117 pars
971 1049 1112 1102 terrarum
1240 1087 1242 1094 .

110 1127 270 1206 pauciores
288 1125 395 1202 recipit
410 1123 506 1198 sinus,
529 1123 618 1199 longe
634 1122 670 1182 ab
692 1123 845 1183 occidente
862 1123 976 1183 litorum
992 1124 1111 1203 obliquo

110 1210 218 1288 spatio.
256 1207 432 1285 Populorum
449 1207 511 1265 eius
528 1205 759 1284 oppidorumque
775 1205 889 1266 nomina
911 1205 959 1265 vel
980 1225 1122 1266 maxume.

88 1291 183 1361 esunt
194 1291 351 1350 ineffabilia
366 1299 569 1369 praeterquam
582 1289 711 1368 ipsorum
726 1288 841 1366 linguis,
858 1297 886 1348 et
901 1289 974 1349 alias
991 1291 1113 1351 castella

110 1376 205 1437 ferme
222 1373 388 1435 inhabitant.

176 1456 249 1536 (lap.
270 1459 298 1518 1.
317 1456 462 1535 Principio
479 1465 620 1517 terramm
636 1454 832 1516 Mauretaniae
848 1453 1048 1534 appellantur,
1064 1453 1141 1523 usssu

110 1560 170 1622 que
185 1541 222 1602 ad
242 1538 276 1600 (i.
300 1537 454 1602 Caesarem
477 1539 639 1604 Germanici
661 1539 750 1600 illium
772 1556 879 1616 regna,
906 1540 1027 1600 saevitia
1050 1540 1112 1599 eius

109 1625 235 1693 induas
258 1623 369 1684 divisae
394 1625 567 1702 provincias.
596 1623 826 1685 Promontorium
850 1623 953 1682 oceani
968 1632 1113 1683 extumum

76 1730 101 1771 ro
111 1707 281 1786 Ampelusia
296 1708 456 1768 nominatur
470 1725 487 1767 a
501 1705 631 1768 Graecis.
658 1705 773 1783 Oppida
787 1706 869 1766 luere
884 1705 965 1768 Lissa
981 1716 1010 1767 et
1027 1705 1112 1767 Cotte

110 1792 188 1851 ultra
205 1789 353 1850 columnas
370 1789 516 1865 Herculis,
531 1808 606 1850 nuuc
622 1798 667 1850 est
682 1789 765 1867 Tingi
781 1791 924 1868 quondam
944 1789 979 1850 ab
997 1790 1111 1852 Antaeo

110 1874 275 1949 conditum,
291 1882 397 1952 postea
410 1891 428 1933 a
443 1870 565 1933 Claudio
584 1872 728 1947 Caesare,
748 1891 813 1933 cum
829 1873 972 1934 coloniam
986 1874 1111 1950 laceret,

110 1957 290 2035 appellatum
306 1956 449 2017 Traducta
463 1956 544 2016 iulia.
572 1956 657 2018 abest
681 1955 825 2017 aBelone
850 1957 958 2035 oppido
973 1957 1112 2018 Baeticae
1146 2007 1148 2016 ,

109 2056 254 2119 proxumo
268 2040 391 2099 traiectu
405 2038 489 2099 XXX
503 2039 532 2098 Μ
546 2057 625 2117 pass.
657 2037 704 2097 Ab
720 2056 757 2098 eo
772 2038 855 2098 XXV
869 2038 899 2097 tt
919 2053 998 2116 pass.
1014 2041 1042 2097 in
1060 2056 1112 2100 ora

76 2147 101 2186 rs
112 2124 217 2182 oceani
234 2121 351 2182 colonia
364 2121 490 2197 Augusti
505 2120 576 2180 lulia
593 2119 759 2180 Constantia
775 2121 865 2196 nutu,
888 2139 990 2197 regum
1007 2121 1112 2181 dicioni

110 2213 250 2284 exempta
276 2213 305 2262 et
324 2205 386 2265 iura
403 2205 432 2262 in
447 2202 594 2262 Baeticam
616 2210 719 2279 petere
732 2202 820 2261 iussa.
852 2201 887 2260 ab
905 2219 940 2262 ea
956 2202 1066 2262 XXXII
1083 2203 1113 2263 M

109 2307 191 2367 pass.
215 2286 331 2346 colonia
352 2304 369 2347 a
390 2284 512 2346 Claudio
532 2281 662 2345 Caesare
685 2283 762 2344 iacta
783 2284 871 2345 Lixos
889 2285 939 2344 vel
956 2284 1111 2348 fabulosis-

109 2373 182 2442 sime
208 2371 330 2447 antiquis
356 2377 480 2430 narrata.
514 2367 558 2427 lbi
583 2369 667 2444 regia
688 2367 793 2428 Antaei
816 2377 1021 2446 certamenque
1045 2379 1138 2434 cumo

108 2453 239 2512 Hercule
257 2461 287 2511 et
300 2451 492 2530 Hesperidum
506 2451 592 2511 horti.
615 2450 778 2512 adfunditur
795 2461 890 2513 autem
906 2453 1078 2514 aestuarium
1094 2471 1111 2512 e

73 2537 182 2596 comari
199 2535 333 2594 llexuoso
348 2543 461 2610 meatu,
484 2536 512 2594 in
528 2552 585 2612 quo
601 2534 735 2595 draconis
751 2537 899 2604 custodiae
916 2538 1006 2596 instar
1020 2537 1111 2596 luisse

110 2620 432 2696 nunciaterpretautur.=
448 2618 631 2696 amplectitur
644 2621 716 2682 intra
729 2637 763 2678 se
777 2620 909 2695 insulam,
923 2637 1007 2698 quam
1018 2619 1110 2679 solam

111 2703 243 2761 aricino
264 2709 358 2760 tractu
380 2701 527 2779 aliquanto
543 2701 711 2761 excelsiore
726 2718 785 2760 non
800 2710 897 2761 tamen
911 2711 1008 2774 aestus
1024 2703 1110 2762 maris
1215 2735 1217 2738 -

109 2785 258 2844 inundant.
286 2793 381 2845 exstat
400 2785 429 2842 iu
450 2801 485 2844 ea
500 2793 531 2843 et
546 2800 596 2844 ara
611 2784 745 2845 Herculis
761 2802 817 2845 nec
832 2792 951 2862 praeter
966 2783 1110 2844 oleastros

110 2867 189 2927 aliud
210 2885 249 2927 ex
267 2875 384 2926 narrato
405 2866 458 2925 illo
479 2867 758 2946 auriferonemore.
793 2865 885 2926 Minus
902 2865 1037 2944 prolecto
1058 2869 1138 2930 mit

74 2960 212 3012 narentur
235 2959 406 3028 portentosa
432 2948 572 3010 Graeciae
591 2950 742 3010 mendacia
767 2950 803 3011 de
826 2951 861 3008 iis
885 2957 914 3008 et
935 2965 1017 3008 amne
1038 2947 1109 3008 Lixo

109 3033 226 3112 prodita
242 3034 291 3110 qui
314 3035 444 3110 cogitent
463 3030 580 3092 nostros
599 3050 751 3111 nuperque
766 3032 852 3110 paulo
868 3033 959 3091 minus
977 3032 1110 3091 monstri·

109 3117 165 3175 lica
182 3117 323 3194 quaedam
338 3117 375 3177 dc
391 3115 494 3176 iisdem
509 3114 680 3192 tradidisse,
704 3114 901 3194 praevalidam
920 3114 995 3175 hauc
1009 3113 1110 3175 urbem

108 3198 308 3277 maioremque
328 3215 433 3274 magna
454 3195 646 3274 Carthagine,
668 3207 823 3277 praeterea
846 3216 883 3258 ex
903 3199 1027 3260 adverso
1046 3200 1109 3258 eius

87 3322 90 3333 .
109 3281 194 3341 sitam
217 3292 247 3342 et
262 3298 358 3360 prope
381 3281 511 3362 inmenso
526 3288 620 3340 tractu
643 3280 679 3341 ab
695 3281 795 3358 Tingi,
814 3299 947 3360 quaeque
964 3282 1021 3342 alia
1036 3279 1107 3340 Gor·

74 3364 206 3429 aurelius
227 3363 330 3446 Nepos
349 3363 514 3427 aridissime
537 3364 669 3429 credidit.
701 3364 747 3426 At
767 3363 839 3430 Lixo
860 3363 910 3428 XL
931 3363 967 3428 Μ
974 3365 1003 3426 iu
1018 3362 1137 3426 madi-5
1166 3378 1168 3384 ’
