2542 3842
172 155 234 218 228
527 162 567 215 c.
585 165 843 216 anrussncunnr
893 181 896 186 ·

141 323 307 385 asadiacens
334 340 432 383 verum
457 331 487 382 et
508 321 665 383 meridiano
689 322 766 399 quod
787 319 913 381 lodicum
942 320 1162 400 appellavimus,

172 425 305 486 quaeque
327 424 395 487 pars
422 405 524 466 orienti
550 407 672 468 adversa
691 413 772 465 recto
793 404 990 483 praetenditur
1012 407 1107 483 spatio
1127 406 1164 468 ad

171 491 278 551 herum
298 497 327 549 et
347 491 428 551 initio
450 489 540 550 Indici
558 491 644 550 maris
666 489 762 557 rhoffi,
775 485 927 551 nxxvul
946 501 1081 567 passuum
1103 489 1163 550 ccl-

171 576 244 652 ligit.
266 574 371 635 deinde
386 593 442 654 qua
453 574 577 635 flectitur
591 575 620 633 in
634 576 783 636 meridiem
797 571 1018 640 mlxxv
1028 572 1057 632 bl
1071 591 1163 652 pass,

172 668 203 719 ut
224 657 433 719 Eratosthenes
453 658 554 736 tradit,
576 676 669 736 usquc
690 658 727 719 ad
748 658 846 719 Indum
867 677 977 720 amnem
992 659 1039 737 qui
1061 667 1106 716 est
1128 657 1187 719 abs

130 755 165 810 57
177 743 329 804 occidente
350 743 413 802 bnis
427 742 535 803 Indiae.
577 738 740 821 Conplures
754 752 849 804 autem
863 751 951 802 totam
965 743 1055 820 ipsius
1072 742 1164 820 longi·

171 826 296 889 tudinem
310 825 359 887 XL
378 826 487 887 dierum
503 825 686 904 noctiumque
700 826 817 887 velifico
837 827 949 885 navium
970 843 1055 886 cursu
1069 825 1164 886 deter-

171 913 328 986 minavere,
341 919 372 970 et
385 929 401 970 a
413 909 609 987 septentrione
623 910 661 970 ad
672 911 821 972 meridiem
829 908 1164 989 ffimuhpassuum.

172 996 302 1074 Agrippa
317 993 501 1072 longitudinis
515 994 648 1070 minoi,
664 993 1073 1072 latitudinisffilprodidit.
1110 992 1164 1054 Po·

173 1080 300 1140 sidonius
314 1077 351 1138 ab
367 1079 478 1138 aestivo
495 1078 567 1140 solis
588 1087 653 1139 ortu
674 1079 710 1139 ad
724 1078 874 1140 hibernum
890 1086 1021 1139 exortum
1041 1085 1164 1137 metatus
1174 1092 1200 1134 ro

173 1173 218 1224 est
233 1181 295 1224 eam
328 1161 478 1223 adversam
493 1161 612 1224 Galliam
632 1170 770 1240 statuens,
795 1181 879 1242 quam
894 1162 930 1223 ab
946 1162 1099 1225 occidente
1116 1179 1164 1222 ae-

173 1249 247 1307 stivo
271 1207 306 1306 ad
321 1246 507 1307 occidentem
527 1247 676 1308 hibernum
695 1247 854 1308 metabatur
867 1255 966 1318 ¹totam
993 1265 1008 1307 a
1036 1246 1161 1306 lavonio.

173 1334 269 1409 itaque
284 1330 435 1391 adversam
448 1332 511 1390 eius
521 1332 599 1392 venti
612 1331 717 1393 adilutu
734 1333 824 1392 iuvari
839 1331 945 1393 Indiam
960 1329 1164 1408 salubremque

104 1427 109 1436 ‘
131 1426 165 1480 58
176 1416 238 1475 lieri
252 1413 320 1475 haut
333 1414 419 1476 dubia
433 1416 548 1475 'ratione
564 1417 670 1476 docuit.
701 1414 781 1475 ‘Alia
795 1415 872 1477 illius
888 1414 964 1476 oae'li
984 1414 1093 1490 facies,
1116 1413 1163 1474 alii

166 1500 297 1561 siderum
317 1507 413 1575 ortus,
435 1498 520 1559 binae
539 1509 666 1560 aestates
685 1500 714 1559 in
728 1517 818 1574 anno,
834 1499 926 1559 binae
941 1515 1055 1558 messes
1070 1497 1197 1558 medians

172 1585 246 1642 inter
265 1581 331 1642 illas
351 1581 446 1642 bieme
467 1583 619 1643 etesiarum
640 1581 724 1660 flatu,
751 1591 849 1644 nostra
871 1600 943 1643 vero
963 1582 1062 1643 bruma
1079 1581 1162 1642 lenes

172 1667 213 1726 ibi
227 1683 330 1741 aurae,
352 1683 431 1724 mare
450 1667 623 1744 navigabile.
656 1675 760 1744 gentes
781 1676 810 1727 et
829 1666 1019 1745 urbesquam
1036 1667 1162 1726 innorme-

172 1767 239 1822 rae,
261 1749 366 1826 siquis
386 1751 476 1808 omnis
493 1751 630 1828 persequi
645 1751 724 1810 velit.
758 1751 863 1812 etenim
880 1750 1024 1829 patefacta
1048 1758 1163 1810 estnon
1189 1749 1194 1762 ’
1261 1773 1265 1784 ·

170 1831 257 1891 modo
271 1831 429 1893 Alexandri
443 1831 538 1911 Magni
553 1835 639 1894 armis
653 1852 811 1913 regumque
827 1833 875 1913 qui
896 1849 1086 1909 successere,
1109 1833 1162 1892 oir-

154 1911 330 1975 'cumvectis
351 1917 434 1975 etiam
451 1918 480 1974 in
496 1916 667 1996 Hyrcanium
688 1936 766 1978 mare
788 1926 817 1978 et
832 1915 968 1996 Caspium
985 1916 1111 1977 Seleuco
1135 1926 1198 1977 etto

172 1998 316 2060 Antiocho
343 1999 552 2079 praefectoque
579 2002 681 2062 dassia
709 2019 808 2062 eorum
829 2001 981 2076 Patrocle,
1008 2019 1107 2061 verum
1134 2010 1163 2061 et

172 2084 238 2144 aliis
261 2083 587 2163 auctoribus‘iiraecis,
614 2087 663 2165 qui
692 2105 754 2146 cum
778 2086 897 2165 regibus
921 2085 1026 2145 indicis
1050 2086 1161 2159 morati,
1263 2101 1264 2183 q

173 2170 246 2228 sicut
259 2166 464 2245 Megasthenes
485 2179 515 2230 et
530 2169 685 2247 Dionysius
701 2189 717 2231 a
732 2169 920 2249 Philadelpho
935 2171 1051 2246 missus,
1073 2187 1111 2230 ex
1128 2186 1162 2228 ea

131 2263 261 2319 socausa
275 2253 344 2311 viris
359 2270 473 2331 quoque
488 2256 615 2330 gentium
629 2254 796 2334 prodidere.
843 2254 908 2315 Non
923 2263 1017 2314 tamen
1038 2261 1083 2314 est
1100 2251 1161 2312 dili·

172 2332 288 2414 geutiae
303 2336 396 2411 loeus,
418 2336 492 2396 adeo
507 2338 621 2404 diversa
639 2347 668 2398 et
682 2338 862 2399 incredibilia
876 2338 1032 2398 tradamur.
1072 2336 1161 2397 Alex·
1171 2343 1197 2383 2⁵
1262 2395 1263 2398 ,

174 2419 254 2480 andri
269 2416 363 2494 blagni
378 2421 498 2479 comites
511 2421 541 2479 in
562 2438 597 2481 eo
612 2431 705 2481 tractu
719 2420 818 2483 lndiae
834 2440 918 2501 quem
933 2421 1017 2481 armis
1037 2421 1161 2498 subege-
1262 2403 1263 2465 l

171 2510 236 2561 runt
251 2501 427 2578 seripserunt
436 2502 463 2561 V
473 2502 549 2564 milia
564 2504 734 2583 oppidorum
749 2504 850 2581 luisse,
863 2505 970 2565 nullum
982 2502 1045 2565 Coo
1059 2506 1160 2579 minus,

172 2585 300 2662 gentium
320 2583 416 2659 Vllll,
443 2583 608 2665 lndiamque
642 2590 756 2649 tertiam
779 2597 900 2668 pardem·
923 2607 991 2649 esse
1021 2598 1161 2647 terrarum

174 2669 312 2744 omnium,
331 2669 534 2730 multitudinem
547 2671 719 2750 populorum
734 2673 916 2749 innumeram,
933 2670 1076 2751 probabili
1091 2689 1161 2731 sane
1261 2731 1262 2740 ,

171 2754 292 2813 ratione.
338 2753 400 2816 lndi
416 2755 489 2815 enim
506 2756 633 2832 gentium
647 2774 741 2835 prope
759 2757 814 2818 soli
832 2773 983 2835 ‘numquam
998 2758 1160 2833 migravere
1170 2762 1196 2804 ³⁰

174 2837 275 2897 linibus
303 2839 373 2898 suis.
420 2839 592 2916 colliguntur
617 2859 634 2901 a
658 2839 763 2902 bibero
789 2841 874 2902 Patre
902 2841 941 2900 ad
967 2838 1160 2901 Alexandmm

171 2919 304 3000 blagnum
317 2939 405 3000 reges
421 2923 520 2984 eo'rum
534 2922 631 3001 Cblll,
653 2926 733 2986 annis
747 2925 789 2986 Vl
807 2926 866 2986 mil.
885 2922 1021 2985 ccccm
1037 2924 1161 2984 adiciunt
1222 2939 1225 2946 ’

71 3027 75 3038 ’
130 3015 166 3069 do
176 3015 206 3065 et
219 3023 334 3066 menses
348 3005 410 3066 lll.'
434 3006 564 3069 bmnium
578 3011 647 3070 mira
663 3010 793 3070 vastitas.
819 3009 950 3088 proditur
965 3007 1160 3068 Alexandmm

148 3115 150 3119 ·
172 3087 251 3148 nullo
272 3088 318 3149 die
342 3092 434 3151 miuus
452 3092 541 3153 stadia
564 3090 615 3152 DC
636 3095 788 3170 navigasse
810 3094 838 3153 in
855 3091 927 3152 ludo
952 3109 1007 3152 nec
1028 3092 1159 3171 potuisse

173 3181 238 3234 ante
258 3173 414 3233 meusesV
433 3177 586 3253 enavigare
609 3178 728 3239 adiectis
750 3177 851 3256 paucis
872 3175 994 3254 diebus,
1016 3184 1046 3236 et
1065 3181 1196 3235 tamen³⁵

172 3257 309 3315 minorem
334 3255 433 3334 Gange
465 3278 531 3320 esse
562 3268 683 3322 constat.
735 3263 848 3322 Seneca
883 3262 967 3322 etiam
998 3259 1073 3337 apud
1106 3273 1160 3316 nos

171 3338 308 3416 temptata
337 3338 434 3400 Indiae
469 3346 706 3404 commentatione
735 3342 785 3404 LX
813 3345 902 3404 amnis
931 3346 993 3404 cius
1021 3339 1159 3420 prodidit,

171 3423 266 3499 gentis
281 3419 407 3483 cxvtli.
457 3425 512 3485 l’ar
526 3425 608 3487 labos
625 3430 664 3488 sit
677 3429 781 3490 montis
793 3445 976 3500 ,enumerare
1008 3427 1161 3503 iunguntur
