2542 3842
340 180 419 227 nnn.
435 180 526 227 rursu.
549 182 582 229 x.
600 176 702 231 1-12
720 169 887 253 (tt-153)
1026 168 1085 229 126
1119 150 1122 155 ¹

18 352 24 407 Τ
90 336 187 415 pitre‚
206 336 230 393 si
246 333 361 412 quando
376 352 431 393 una
447 336 625 413 adparuere‚
638 335 707 395 sola
722 339 844 395 omnium
860 337 922 395 avis
936 353 954 395 a
968 352 1021 395 suc
1036 354 1087 413 ge·

17 452 23 491 1
89 436 160 482 nere
177 420 357 503 interempta.
388 426 475 478 mutat
492 428 585 479 autem
600 428 629 477 et
644 436 763 494 vocem,
783 420 1017 497 proceditvere,
1033 438 1083 479 oc·
1095 419 1131 486 26

17 536 20 575 Τ
91 494 214 565 cultatur
231 501 380 561 caniculae
397 511 460 561 ortu
477 520 652 581 semperque
669 504 742 581 parit
757 505 786 561 iu
799 504 903 564 alienis
920 503 1009 578 nidis,
1028 522 1087 563 ma·

16 634 18 643 ,
90 604 175 646 nume
191 585 380 684 palumbium,
401 588 509 645 maiore
534 606 571 645 ex
586 596 670 664 parte
687 586 800 662 singula
817 604 891 661 ova,
914 587 991 663 quod
1010 588 1087 648 nulla
1155 591 1162 604 ⁸

63 670 146 733 talia
162 671 240 743 avis,
264 685 329 727 raro
352 668 427 729 bina.
458 688 544 729 causa
566 669 724 729 subiciendi
745 671 842 747 pullos
858 678 987 748 putatur,
1011 671 1088 748 quod

89 756 163 813 sciat
177 771 209 811 se
222 754 343 813 invisum
357 755 465 813 cunctis
482 753 591 813 avibus.
612 772 676 815 nato
688 755 793 813 minuta
809 771 925 832 quoque
940 754 1086 814 infestant.

79 840 128 897 ita
143 853 200 897 non
215 836 280 899 iore
299 844 386 897 tutam
399 840 501 914 generi
517 853 569 897 suo
589 838 707 915 stirpem
723 839 875 915 opinatur,
891 838 919 895 ni
936 837 1086 915 fefellerit,

89 938 179 999 quare
201 920 307 979 nullum
323 919 392 981 iacit
412 922 523 995 nidum,
547 921 656 999 alioqui
670 922 812 999 trepidum
833 920 945 981 animal.
983 920 1085 982 educat
1095 930 1130 984 nt
1173 964 1176 974 ·

91 1021 163 1080 crgo
184 1003 325 1063 subditum
348 1004 509 1065 adulterato
530 1004 588 1065 icta
611 1005 689 1064 nida.
728 1005 777 1064 ille
802 1005 902 1065 auidus
930 1022 967 1063 ex
989 1014 1088 1065 natura

54 1114 81 1156 10
91 1088 229 1166 praeripit
245 1087 328 1147 cibos
347 1088 467 1166 reliquis
482 1088 585 1165 pullis,
601 1089 698 1165 itaque
716 1091 878 1166 pinguescit
893 1097 923 1146 et
938 1088 1043 1147 nitidus
1060 1089 1089 1147 in

91 1190 125 1231 se
137 1173 273 1231 nutricem
285 1173 436 1237 conuertit.
465 1172 515 1232 illc
530 1172 635 1247 gaudet
646 1173 709 1231 eius
719 1174 820 1250 specie
835 1172 1009 1250 miraturque
1022 1190 1089 1231 sese

10 1302 11 1305 Τ
90 1257 183 1332 ipsam
199 1257 276 1334 quod
291 1255 377 1315 talem
392 1256 551 1334 pepererit.
586 1273 657 1316 suos
678 1256 884 1333 conparatione
900 1256 963 1314 eius
977 1256 1090 1316 damnat

78 1348 122 1399 lut
145 1340 272 1415 alienos,
296 1338 463 1418 absumique
482 1340 568 1399 etiam
590 1357 623 1397 se
648 1340 829 1417 inspectante
848 1340 971 1419 patitur,
995 1338 1089 1399 donec
1211 1337 1228 1386 -'

92 1424 232 1501 conripiat
248 1426 338 1500 ipsam
354 1441 470 1502 quoque
486 1424 539 1483 iam
555 1422 672 1482 volandi
682 1432 797 1500 potens.
823 1422 902 1483 nulla
916 1431 983 1484 tunc
996 1424 1089 1483 avium

59 1508 232 1567 insuavitate
247 1508 340 1565 carnis
357 1516 528 1585 conparatur
544 1506 594 1567 illi.
800 1552 803 1561 .

158 1590 205 1651 10.
230 1589 313 1669 (12.)
341 1589 419 1650 lllilvi
441 1609 479 1651 ex
499 1590 603 1651 eudem
627 1591 795 1688 accipitrum
814 1608 925 1666 genere
949 1590 1085 1667 magnitu-
1086 1587 1133 1653 28

93 1674 157 1733 dine
185 1674 326 1738 differunt.
367 1683 493 1734 notatum
518 1675 545 1731 iu
571 1675 614 1734 his
642 1675 856 1751 rapacissimum
878 1682 906 1733 et
929 1668 1107 1735 famelicam

93 1774 208 1833 semper
221 1757 317 1817 alitem
329 1758 399 1818 nihil
415 1758 557 1817 esculenti
572 1776 678 1835 rapere
693 1772 825 1836 umquam
840 1776 878 1817 ex
889 1742 1019 1818 funerum
1032 1758 1089 1817 ier·

94 1840 181 1915 culis,
204 1859 259 1901 nec
277 1839 427 1920 Olympiae
452 1861 490 1901 ex
510 1860 578 1917 ΤΤΤ,
594 1860 629 1901 ac
649 1861 685 1901 ne
705 1841 858 1903 terentium
872 1842 986 1920 quidem
1003 1843 1090 1902 mani·

58 1924 147 1995 wbus
163 1926 217 1983 nisi
234 1924 348 2000 lugubri
363 1928 581 2002 municipiorum
595 1926 788 1987 inmolantium
803 1933 929 1985 ostento.
950 1924 1076 1983 iidem'
1049 1944 1089 1985 vr

94 2008 197 2069 dentur
218 2016 308 2069 artem
325 2008 505 2083 gubernandi
518 2009 653 2071 docuisse
670 2010 779 2069 caudae
796 2008 937 2081 lienibus,
959 2010 990 2067 in
1006 2008 1089 2067 caelo

93 2101 269 2153 monstrante
285 2099 383 2151 natura
401 2091 478 2169 quod
493 2109 567 2169 opus
582 2101 663 2151 esset
676 2094 706 2151 iu
720 2091 875 2170 profundo.
900 2090 977 2151 milvi
993 2100 1021 2151 et
1036 2092 1091 2169 ipsi

93 2174 223 2237 hibernis
237 2174 384 2235 mcuusilrus
402 2174 506 2249 latent,
530 2184 695 2237 nontamen
710 2184 775 2235 ante
792 2173 969 2234 hirundinem
984 2172 1090 2233 abeun-

80 2269 149 2321 -ΤΤΤ,
180 2259 329 2318 traduntur
344 2266 437 2317 autem
452 2267 481 2317 et
495 2275 512 2319 a
528 2259 651 2319 solstitio
671 2259 757 2319 adlici
771 2258 911 2337 podagra
1074 2251 1078 2257 ’

58 2369 84 2411 25
159 2343 207 2401 11.
236 2340 322 2421 (13.)
353 2341 510 2403 Volucrum
534 2344 623 2419 prima
645 2342 790 2402 distinctio
812 2341 936 2420 pedibus
955 2350 1133 2404 maxume29

95 2434 302 2487 consistant
327 2426 402 2495 enirn
423 2427 550 2487 aduncos
570 2427 673 2503 unguis
694 2425 802 2487 hahent
822 2435 871 2484 aut
894 2425 1017 2501 digitos,
1041 2432 1091 2483 aut

93 2510 311 2588 palmipedum
303 2528 331 2570 tn
345 2526 455 2586 genere
468 2520 532 2569 sunt
544 2519 574 2569 ut
587 2528 707 2571 anseres
724 2520 752 2569 et
763 2511 915 2589 aquaticae
930 2508 994 2569 iere
1009 2526 1089 2567 aves

93 2594 222 2655 aduncos
250 2594 353 2670 unguis
375 2592 509 2655 habentia
532 2612 618 2655 carue
644 2603 751 2653 tantum
771 2601 926 2654 vescuntur
948 2610 985 2651 ex
1008 2600 1090 2670 parte

93 2694 206 2752 magna.
254 2677 300 2736 12.
323 2677 407 2757 (14.)
430 2678 561 2737 cornices
577 2687 606 2737 et
621 2678 678 2738 alio
692 2678 809 2755 pabulo,
826 2686 856 2735 ut
870 2694 944 2754 quae
955 2676 1088 2735 duritiem
1099 2682 1134 2736 30
1186 2731 1190 2739 .

58 2780 85 2821 ΤΤ
94 2762 175 2819 nucis
190 2768 286 2821 rostro
302 2770 509 2857 repugnantem
524 2764 657 2822 volantes
670 2763 700 2819 in
713 2762 799 2830 altum
812 2762 841 2817 in
854 2776 925 2817 saxa
938 2758 1091 2833 tegulasve

94 2845 199 2905 iaciant
229 2846 330 2905 iterum
361 2862 396 2906 ac
428 2844 580 2923 saepius,
593 2845 687 2905 donec
719 2852 880 2922 quassatam
909 2840 1091 2919 perfringere
1258 2915 1259 2920 ἵ

95 2937 210 3006 queant.
241 2930 304 3006 ipsa
319 2926 381 2987 ales
397 2936 443 2987 est
460 2930 656 3025 inauspicatae
675 2926 867 3004 garrulitatis,
891 2924 1091 3003 aquibusdam
1127 2944 1131 2949 ·

94 3020 190 3073 tamen
213 3012 335 3074 laudata.
373 3004 411 3071 ab
430 3012 536 3071 arcturi
564 3012 660 3072 sidere
681 3010 717 3070 ad
738 3009 917 3069 hirundinum
937 3008 1093 3069 adventum
1170 3041 1172 3044 ·

78 3104 210 3157 notatur
237 3113 300 3157 eam
328 3097 356 3153 in
386 3093 535 3155 llinervae
563 3095 636 3155 lucis
666 3093 841 3171 templisque
870 3109 956 3167 rato,
986 3089 1092 3151 aliculti
1196 3152 1204 3170 .
1255 3099 1257 3174 j

59 3181 210 3243 asomniuo
235 3196 292 3239 non
317 3178 444 3255 adspici‚
472 3179 546 3237 sicut
569 3178 702 3237 Athenis.
746 3186 908 3276 practerea
928 3174 993 3237 sola
1017 3175 1091 3235 haec

98 3263 182 3323 etiam
197 3262 320 3325 volantis
332 3261 428 3339 pullos
445 3262 615 3338 aliquamdiu
630 3261 733 3338 pascit,
748 3260 1005 3347 inauspicatissima
1016 3258 1092 3318 letus

96 3355 246 3422 ternpore,
266 3346 323 3405 hoc
339 3354 385 3405 est
398 3354 465 3423 post
480 3346 642 3405 solstitium.

161 3427 245 3508 (15.)
268 3426 393 3492 Ceterae
410 3446 509 3493 ornnes
523 3448 560 3489 ex
575 3429 678 3491 eodem
692 3447 803 3507 genere
813 3427 927 3507 pellunt
937 3426 1010 3486 nidis
1024 3424 1088 3504 pnl-
1099 3430 1136 3486 31
