2542 3842
159 276 164 281 Ι
240 209 322 257 nun.
342 206 433 257 55555.
451 208 475 255 1.
496 192 934 277 (xxx111.xxx1111.xxxv.)
1067 195 1109 257 59

113 380 175 444 gro.
204 362 256 423 50.
272 360 434 421 medicinae
456 378 494 420 ex
513 360 630 440 plumho
643 356 707 420 XV.
733 362 783 420 51.
799 362 959 422 medicinae
983 379 1020 421 ex
1043 378 1107 421 sco·

112 451 153 509 ria
166 445 276 525 plumbi
288 442 353 503 XV.
379 443 429 503 52.
443 444 575 521 spodium
592 462 630 503 ex
645 442 772 520 plumbo.
794 444 843 504 53.
856 445 893 505 de
905 444 1106 521 molybdaeua.

111 530 328 591 medicinaeex
343 544 379 585 ea
399 524 462 585 XV.
501 528 550 586 54.
571 525 758 604 »psimythium
782 529 844 585 aire
866 546 994 589 cerussa.
1018 529 1108 589 medi·

112 616 194 675 cinae
212 628 251 669 ex
266 627 302 669 ea
318 607 369 668 Vl.
398 609 448 669 55.
466 609 632 670 sandaraca.
649 609 810 668 medicinae
826 628 864 669 ex
878 629 914 671 ea
927 611 977 670 Xl.
1000 614 1050 673 56.
1063 630 1108 671 ar·

91 688 275 779 srenicum).
304 692 433 751 Summa:
452 692 611 751 medicinae
628 690 753 753 Ghl'lll.
776 691 823 751 Ex
839 693 875 751 115
891 693 927 752 ad
940 696 1019 754 canis
1032 712 1108 754 mor-

9 778 17 815 *
111 797 176 853 sus,
194 776 232 836 ad
249 782 350 853 caput,
376 774 543 851 alopecias,
569 775 673 834 oculos
687 774 786 849 XXV,
813 776 905 849 auris,
932 779 1023 852 naris,
1049 780 1109 836 oris

110 862 189 936 vitia,
209 859 319 936 lepras,
335 858 483 933 gingivas,
501 856 605 932 dentis,
623 875 720 932 uram,
736 858 874 935 pituitam,
890 859 993 933 iuncis,
1008 860 1107 918 tonsil-

110 944 165 1020 las,
184 942 327 1018 anginam,
342 940 452 1015 tussim,
467 941 657 1014 vomitiones,
671 950 791 1017 pectus,
809 941 996 1017 stomachum,
1016 942 1108 1019 auspi·

110 1028 164 1103 ria,
181 1024 282 1084 lateris
298 1022 433 1097 dolores,
450 1022 598 1099 splenem,
616 1033 763 1099 ventrem,
778 1034 955 1100 tenesmum,
973 1025 1108 1100 dysente-

80 1111 198 1181 toriam,
216 1106 332 1180 sedem,
348 1103 492 1179 verenda,
508 1106 676 1181 sangninem
691 1107 1039 1184 sistendumspodagras,
1057 1107 1108 1182 hy·

112 1190 262 1269 dropicos,
274 1187 384 1261 ulcera,
397 1186 519 1247 volnera
531 1186 636 1263 XXVl,
651 1198 816 1265 suppurata,
830 1206 908 1264 ossa,
921 1190 1108 1266 paronychia,

111 1275 210 1353 ignem
225 1288 354 1345 sacrum,
372 1270 607 1345 haemorroidas,
624 1270 751 1345 listulas,
768 1272 883 1346 callum,
901 1271 1029 1348 pusulas,
1045 1290 1108 1332 sca·

112 1356 201 1431 hiem,
209 1354 373 1428 cicatrices,
387 1352 511 1427 infantis,
523 1351 674 1412 muliebria
684 1353 763 1426 vitia,
776 1354 955 1431 psilothrum,
964 1353 1110 1414 Venerem

112 1437 307 1511 inhibendam,
324 1436 360 1495 ad
375 1452 489 1511 vocem,
507 1444 606 1494 contra
622 1434 843 1512 lymphationes.
871 1438 998 1499 Summa:
1016 1456 1066 1497 res
1081 1447 1111 1498 et

78 1542 100 1585 m
110 1520 251 1583 historiae
267 1528 296 1579 et
312 1518 535 1583 ohservationes
549 1515 743 1579 DGCCCXV.

172 1600 220 1663 En
236 1599 417 1661 auctoribus:
444 1600 476 1659 h.
494 1601 615 1676 l’isone,
635 1600 762 1677 Antiate,
778 1602 894 1677 Verrio,
910 1600 950 1661 hl.
964 1602 1121 1678 Varrone,

109 1684 250 1747 Gornelio
265 1683 393 1761 Nepote,
409 1681 546 1759 llessala,
561 1682 649 1759 liufo,
664 1683 761 1743 Marso
777 1692 876 1761 poeta,
891 1684 1020 1761 Boccho,
1035 1684 1108 1747 lulio

108 1769 221 1842 Basso,
243 1767 349 1845 quide
370 1765 512 1827 medicina
534 1765 648 1826 Graece
670 1766 800 1844 scripsit,
823 1762 924 1828 Sentio
945 1768 1036 1847 Nigro
1061 1770 1110 1849 qui

108 1853 189 1927 item,
205 1848 296 1909 Fabio
311 1848 442 1909 Vestale.
474 1848 625 1908 Externis:
652 1848 833 1925 Democrito,
850 1850 1018 1912 hletrodoro
1036 1852 1108 1912 Sce-

74 1935 192 2013 mpaio,
215 1931 406 1992 Menaechmo
431 1932 535 2010 quide
556 1933 700 1992 toreutice
717 1933 850 2011 scripsit,
875 1932 1042 1995 Xenocrate
1060 1935 1109 2014 qui

8 2026 9 2031 ’
107 2020 195 2091 item,
217 2014 364 2091 Antigono
386 2014 435 2092 qui
456 2015 542 2089 item,
570 2014 681 2075 Doride
701 2016 750 2094 qui
771 2017 855 2090 itern,
880 2016 1040 2077 lleliodoro
1061 2018 1109 2095 qui

108 2098 329 2159 Atheniensium
340 2097 519 2158 anathemata
531 2099 657 2175 scripsit,
670 2098 795 2157 Pasitele
809 2099 857 2176 qui
866 2099 1007 2159 mirabilia
1018 2116 1110 2176 opera

109 2182 245 2259 scripsit,
275 2180 393 2239 'limaeo
414 2181 463 2258 qui
484 2180 520 2239 de
541 2180 684 2238 medicina
704 2179 850 2238 metallica
868 2181 1000 2257 scripsit,
1022 2180 1108 2253 Nym·

108 2263 262 2341 phodoro,
284 2262 373 2336 Iolla,
400 2262 600 2341 Apollodoro,
615 2260 751 2335 Andrea,
775 2259 947 2335 Heraclide,
970 2260 1109 2336 Diagora,

72 2368 98 2408 aa
109 2346 238 2420 Botrpe,
256 2343 460 2420 Archedemo,
478 2343 635 2417 Dionysio,
652 2341 843 2421 Aristogene,
859 2343 1013 2421 Democle,
1030 2340 1109 2403 1155·

107 2428 186 2501 side,
204 2426 371 2487 Xenocrate
387 2426 530 2501 Zenonis,
547 2424 753 2486 Theomnesto.
1123 2454 1128 2458 ·

172 2508 260 2569 hihro
276 2508 393 2569 XXXV.
404 2511 609 2576 ,continentum
630 2510 688 2587 (1)
703 2509 804 2568 llonos
820 2510 961 2587 picturae,
991 2509 1041 2588 (2)
1058 2508 1109 2571 ho·

105 2609 164 2653 nos
182 2592 344 2668 imaginum.
373 2591 425 2670 (3)
444 2591 556 2669 quando
580 2592 701 2669 primum
716 2592 811 2670 clupei
827 2594 966 2670 imagines
982 2594 1109 2652 instituti.

105 2674 226 2755 quando
240 2676 360 2751 primum
373 2676 401 2732 in
413 2674 531 2752 publico
544 2674 642 2752 positi,
660 2675 710 2753 (4)
724 2675 837 2751 quando
850 2676 878 2732 in
893 2675 1034 2735 domibus.
1057 2675 1109 2753 (5)
1179 2714 1183 2723 -

69 2778 94 2819 ac
106 2759 147 2818 de
161 2758 293 2834 picturae
306 2757 403 2832 initiis,
418 2757 455 2816 de
467 2758 709 2817 monochromatis
720 2758 850 2834 picturis,
864 2756 900 2814 de
909 2758 1008 2832 primis
1017 2756 1109 2832 picto·

105 2839 201 2900 ribus.
231 2838 282 2917 (6)
300 2840 453 2917 antiquitas
469 2842 644 2917 picturarum
659 2840 688 2897 in
705 2838 796 2899 ltalia.
828 2838 879 2915 (7)
895 2839 932 2896 de
949 2837 1138 2914 pictoribus‘i¹
1232 2866 1245 2897 5

105 2922 261 2983 Romanis.
290 2920 342 3000 (8)
359 2921 473 2999 quando
497 2924 617 3000 primum
631 2922 761 2980 externis
776 2920 896 2998 picturis
911 2919 1036 2994 dignitas
1050 2918 1108 2979 llo·

90 3004 187 3088 'mae
203 3004 254 3083 (9)
275 3004 389 3082 5555115
403 3004 522 3080 primum
533 3005 655 3081 dignitas
667 3004 796 3081 picturae
808 3010 837 3059 et
849 3000 952 3077 quibus
964 3019 1002 3061 ex
1014 3003 1110 3063 causis

104 3086 234 3147 Romae.
272 3086 346 3166 (10)
369 3088 417 3165 qui
435 3086 573 3146 victorias
586 3105 653 3165 suas
675 3087 770 3161 pictas
786 3086 1000 3161 proposuerint.
1036 3087 1108 3165 (11)

69 3170 198 3231 55115115
215 3169 364 3246 pingendi.
398 3168 555 3246 (ta-30)
579 3167 624 3226 De
644 3164 799 3245 pigmentis
818 3175 935 3243 praeter
953 3168 1108 3229 metallica.

104 3253 146 3313 de
165 3250 319 3312 coloribus
336 3252 451 3311 liuticiis
467 3244 538 3334 (13.
556 3251 593 3312 de
608 3249 758 3327 Sinopide.
777 3250 938 3309 medicinae
955 3266 993 3309 ex
1009 3268 1044 3309 ea
1058 3248 1108 3309 Xl.

108 3336 161 3395 14.
180 3334 220 3393 de
234 3333 361 3393 rubrica.
392 3334 429 3393 de
445 3342 523 3393 terra
541 3332 667 3393 Lemnia.
695 3330 855 3392 medicinae
872 3350 911 3391 ex
925 3347 960 3390 ea
976 3328 1026 3389 111.
1060 3330 1109 3391 15.

107 3416 148 3478 de
165 3416 318 3496 Aegyptia
332 3424 422 3479 terra.
454 3417 502 3479 16.
521 3416 558 3478 de
579 3415 680 3477 ochra.
695 3414 856 3477 medicinae
872 3430 911 3473 ex
926 3412 1043 3473 rubrica
1057 3410 1108 3473 111.
