2542 3842
332 197 410 245 nur.
429 195 524 259 ausu,
535 191 591 244 xv.
608 192 652 246 28.
669 191 714 246 aa.
732 179 882 264 (tt-38.)
1042 177 1128 281 ibt)=

111 369 176 432 pus,
191 351 281 412 altera
297 351 415 428 patricia
426 350 581 430 appellata,
599 351 689 410 altera
702 348 827 428 plebeia.
854 348 973 427 patricia
987 348 1082 409 multis
1095 359 1145 411 tut

112 437 191 497 annis
204 433 548 516 praevaluitexuberans
569 443 604 494 ac·
619 434 704 494 laeta.
738 433 869 511 quamdiu
889 441 1007 493 senatus
1032 449 1102 510 quc·
1199 455 1204 469 ¹

112 539 168 599 que
188 520 300 593 ¹lloruit,
321 517 371 577 illa
384 518 502 595 ingens,
521 516 640 596 plebeia
653 516 795 577 retorrida
811 533 847 576 ac
860 516 1001 595 squalida.
1029 532 1104 594 quae
1122 580 1129 585 ,

112 613 265 682 postquam
280 600 387 661 evehit
399 601 575 662 llavescente
587 602 719 681 patricia,
733 599 859 659 blarsico
873 599 954 659 bello
969 599 1103 676 languida

89 687 268 747 tauctoritas
282 693 392 764 patrum
406 685 482 746 lacta
495 693 555 760 est,
578 703 614 745 ac
627 685 762 764 paulatim
776 684 807 742 in
819 683 999 743 sterilitatem
1012 701 1103 742 emar·

78 821 85 834 .
111 772 173 848 cuit¹
189 771 334 830 maiestas.
367 767 443 842 Quin
461 779 491 831 et
511 785 560 834 ara
577 777 663 829 vetus
676 766 847 828 fuithneri
862 765 1003 844 llyrteae,
1019 785 1103 846 quam

110 871 185 914 nunc
200 848 339 913 lllur'tiam
346 862 461 912 vocant

174 937 258 1018 (37.)
286 934 357 996 Cato
377 937 432 996 tria
453 953 562 1014 genera
577 937 661 1034 myrti
681 935 822 1034 prodidit,
841 935 966 1011 nigram,
988 936 1082 996 caudi·
1095 946 1148 999 iti

111 999 185 1104 dam,
201 1019 393 1098 coniugalem,
413 1020 545 1080 fortassis
560 1038 577 1081 a
596 1019 748 1097 coniugiis,
763 1035 801 1078 er
816 1018 867 1078 illo
880 1015 1037 1078 (ilnacinae
1051 1036 1102 1095 ge-

76 1120 191 1166 muere.
218 1121 292 1164 nunc
306 1114 335 1163 et
350 1104 406 1164 alia
420 1103 563 1172 distinctio
584 1103 694 1164 satirae
712 1110 760 1162 aut
773 1102 916 1163 silvestris
930 1103 988 1162 et
979 1121 1007 1162 ιιι
1027 1111 1102 1162 utra·

110 1207 167 1268 que
192 1187 341 1248 latifoliae.
379 1189 408 1246 in
431 1188 557 1248 silvestri
578 1187 697 1266 propria
719 1186 914 1261 oxymyrsine.
949 1188 1103 1246 sativarum

108 1289 219 1351 genera
238 1271 352 1349 topiarii
373 1271 480 1331 iaciunt
500 1270 682 1331 Tarentinam
700 1269 771 1330 lolio
792 1269 915 1345 minuto,
944 1279 1102 1329 nostratem
1142 1315 1149 1325 .

107 1356 225 1436 pacilo,
252 1354 448 1415 hexasticham
472 1355 662 1429 densissimo,
692 1355 770 1413 senis
795 1353 930 1413 foliorum
956 1353 1101 1413 versibus}

107 1441 183 1501 haec
197 1455 253 1498 nun
269 1440 356 1508 estin
370 1456 439 1514 usu,
454 1455 566 1499 ramosa
585 1447 615 1497 ut
629 1454 704 1518 quae
718 1439 809 1497 minus
825 1437 893 1497 alta
921 1438 1102 1515 coniugalem
1235 1503 1238 1512 ¹

71 1546 97 1587 ιι
109 1523 250 1584 existimo
276 1539 351 1582 nunc
381 1527 539 1581 nostratem
566 1522 632 1582 dici
676 1520 801 1619 blqrtus
817 1521 1019 1581 odoratissima
1052 1523 1144 1614 in123

105 1607 256 1684 Aegypto.
291 1604 363 1666 (lato
386 1605 483 1666 docuit
504 1605 599 1666 vinum
615 1605 678 1665 lieri
697 1623 714 1665 e
736 1606 817 1681 nigra
836 1605 948 1665 siccata
965 1606 1103 1684 usquein

104 1691 298 1752 ariditatem
289 1707 318 1748 ιιι
337 1687 435 1751 umbra
453 1698 538 1767 atque
559 1690 596 1749 ita
612 1697 705 1749 musto
718 1689 815 1752 indita
844 1690 869 1747 si
886 1705 944 1748 nun
956 1691 1104 1749 siccentur

104 1774 215 1849 bacae,
231 1773 327 1834 oleum
341 1774 430 1851 gigni.
457 1783 561 1853 postea
576 1781 743 1851 conpertum
756 1779 786 1831 et
799 1789 837 1832 ex
851 1771 917 1832 alba
933 1774 1026 1833 vinum
1039 1773 1103 1832 lucri

105 1859 219 1932 album,
243 1857 360 1919 duobus'
375 1858 508 1918 sextariis
528 1858 612 1932 myrti
632 1865 735 1917 tunsae
756 1857 784 1915 in
798 1856 856 1915 riui
872 1855 961 1915 tribus
981 1856 1102 1916 heminis

70 1949 270 2003 aumaceratae
288 1953 520 2020 Qexpressaoque
554 1941 625 2001 lolia
646 1948 677 1999 et
695 1958 749 2019 per
772 1959 806 1999 se
823 1940 966 2000 siccantur
985 1941 1014 1999 iu
1034 1941 1101 2000 lari·

105 2043 172 2086 nam
191 2023 227 2084 ad
246 2024 376 2084 ulcerum
390 2025 543 2085 remedia
535 2043 562 2084 ιιι
580 2039 706 2103 corpore
722 2023 843 2084 humano
857 2023 961 2084 leuiter
975 2024 1143 2084 mordaci

106 2110 229 2190 pulvere
245 2125 280 2168 ac
294 2107 500 2184 refrigerandis
516 2106 678 2167 sudoribus.
708 2109 860 2186 quinimmo
876 2107 944 2168 oleo
956 2125 1083 2206 quoque,
1094 2118 1144 2172 124
1240 2158 1241 2161 ι

106 2196 208 2253 mirum
221 2191 308 2267 dictu,
323 2193 399 2251 inest
414 2190 566 2269 quidam
538 2191 596 2249 vini
609 2207 699 2269 sapor
712 2190 854 2269 simulque
868 2192 981 2269 pinguis
996 2192 1101 2271 liquor,
1182 2227 1188 2242 ·
1240 2182 1241 2197 ¹

106 2276 265 2356 praecipua
284 2293 313 2334 ιι
306 2274 363 2334 ad
379 2275 550 2351 corrigenda
565 2275 630 2334 vina
645 2274 739 2334 saccis
754 2283 820 2334 ante
834 2273 970 2353 perfusis.
996 2276 1102 2335 retinet

69 2379 95 2418 as
107 2360 217 2440 quippe
235 2358 362 2433 laecum,
383 2375 439 2418 nec
460 2366 577 2436 praeter
590 2375 692 2437 purum
705 2357 846 2436 liquorem
860 2359 981 2418 transire
996 2361 1101 2437 patitur
1177 2367 1181 2379 ·

105 2445 213 2522 datque
229 2459 261 2502 se
277 2441 408 2504 comitem
422 2442 577 2520 praecipua
590 2440 838 2502 commendatione
853 2443 971 2521 liquato.
1000 2443 1102 2520 virgae

38 2573 43 2582 .
105 2543 224 2606 quoque
244 2526 306 2585 eius
327 2534 459 2602 gestatae
480 2525 565 2585 modo
588 2526 692 2585 viatori
711 2533 833 2604 prosunt
846 2526 875 2585 iu
890 2526 979 2602 longo
997 2527 1101 2586 itinere

104 2609 210 2691 pediti'
236 2610 303 2688 quin
323 2618 353 2669 et
367 2608 465 2687 -uirgci
485 2608 561 2669 anuli
585 2617 724 2688 expertes
747 2609 818 2670 lerri
839 2611 984 2688 inguinum
997 2613 1101 2670 tumori

104 2693 265 2753 medentur.

67 2794 94 2835 uu
171 2775 253 2855 (38.)
275 2775 393 2836 bellicis
408 2792 523 2854 quoque
539 2793 571 2836 se
592 2776 681 2837 rebus
695 2777 832 2851 inseruit,
847 2775 1080 2857 triumphansque
1092 2789 1142 2842 125
1238 2818 1240 2857 ι

104 2861 143 2920 de
158 2858 272 2919 Sabinis
286 2857 445 2919 Postumius
460 2858 604 2920 Tubertus
619 2862 648 2919 iu
664 2859 832 2936 consulatu,
855 2861 904 2938 qui
917 2861 1025 2938 primus
1040 2880 1099 2922 um-

103 2943 181 3003 nium
202 2959 292 3002 ovans
313 2944 462 3018 ingressus
481 2943 581 3002 urbem
598 2952 661 3020 est,
683 2945 817 3022 quoniam
840 2962 901 3004 rem
915 2943 1020 3004 leniter
1037 2947 1100 3006 sine
1237 2994 1238 3001 ,

103 3042 210 3086 cruore
239 3035 375 3104 gesserat
395 3035 488 3101 myrto
507 3025 631 3086 Veneris
652 3028 781 3086 victricis
805 3036 959 3088 coronatus
980 3029 1101 3090 incessit
1237 3024 1238 3031 '

103 3107 320 3187 optabilemque
346 3109 480 3169 arborem
508 3112 591 3170 etiam
618 3109 750 3170 hostibus
775 3110 855 3171 lecit.
889 3110 970 3171 llaec
996 3121 1101 3189 postea
1180 3098 1182 3108 '
1237 3104 1238 3115 ’

65 3193 248 3253 causantium
268 3193 319 3252 luit
342 3209 449 3254 corona
471 3201 597 3275 excepto
616 3191 655 3251 Μ.
673 3192 780 3254 Crasso
795 3195 844 3273 qui
862 3194 899 3254 de
919 3195 1047 3273 fugitivis
1071 3205 1100 3255 et
1121 3211 1128 3216 ·
1236 3216 1237 3265 3

101 3278 245 3354 Spartaco
267 3277 364 3336 laurea
388 3287 541 3336 coronatus
565 3279 693 3336 incessit.
734 3276 877 3337 Masurius
906 3287 1007 3339 auctor
1034 3287 1079 3338 est
1091 3289 1141 3343 126
1236 3278 1237 3347 ξ

102 3377 188 3418 curru
205 3376 320 3438 quoque
336 3360 532 3438 triumphantis
547 3371 657 3435 myrtea
679 3377 789 3421 corona
804 3379 883 3422 usos.
910 3361 941 3420 h.
959 3361 1026 3423 Piso
1041 3371 1098 3422 tra·

31 3527 32 3532 ἵ
101 3443 144 3504 dit
161 3442 301 3523 Papirium
321 3441 484 3520 Masonem,
509 3446 556 3524 qui
575 3446 682 3522 primus
703 3445 731 3505 in
752 3455 849 3505 moute
866 3446 981 3507 Albano
1002 3447 1097 3507 trium-
