2542 3842
316 149 397 198 nnn.
420 149 518 199 ursa:
534 149 567 197 v.
589 144 709 200 as—eo.
735 136 887 216 (sl-cs)
973 218 978 230 ‚
1037 135 1099 200 209
1214 110 1223 194 'i

98 301 295 381 Neouticlnos,
317 300 452 363 Temnos.
489 303 518 362 in
532 319 584 363 ora
600 311 696 363 autem
713 300 829 362 'litamus
846 303 934 364 amnis
953 309 982 364 et
997 303 1098 364 civitas
1222 305 1223 308 ’

99 387 136 448 ab
153 405 191 446 eo
207 388 416 464 cognominata.
446 387 498 448 luit
513 396 543 446 et
558 385 679 462 Grynia,
694 404 768 446 nuno
782 394 888 445 tautum
901 395 1013 465 portus,
1031 388 1099 448 olim
1222 381 1223 386 ’

98 471 195 532 insula
220 470 426 549 adprehensa„
458 472 594 550 oppidum
615 469 722 548 Hlaea,
750 475 780 530 et
804 487 843 529 en
863 468 954 545 Hysia
979 473 1099 532 veniens
1227 473 1229 480 '

100 553 208 616 (laicus
225 555 326 615 amnis.
358 555 494 634 oppidum
505 555 619 632 Pitane,
639 552 761 614 Canaius
776 555 875 614 amnis.
905 553 1140 622 luteroiderelaa

78 637 218 715 scenae,
236 638 441 715 Lysimachea,
459 639 601 714 Atarnea,
618 636 748 713 Carene,
765 635 912 713 Cistbene,
930 636 1020 714 cirta,
1042 639 1097 700 Co·
1141 712 1143 718 y
1224 670 1230 681 ·

101 723 225 799 exlium,
253 721 371 799 Pbebe,
397 721 520 799 Astyre,
549 720 678 798 Chrysa,
707 715 926 801 Palaescepsis,
950 719 1097 800 Gergitha,

99 806 264 868 Neandros.
304 824 381 866 nuuc
394 816 440 866 est
453 806 620 885 Perperene
636 807 753 881 civitas,
773 805 963 866 Heracleotes
977 814 1096 882 tractus,

102 889 257 969 Uoraphas
278 891 431 969 oppidum,
453 909 552 950 amnes
572 889 703 967 Grylios,
725 889 836 966 Ollius,
855 891 937 967 regio
956 889 1097 968 Aphrodi-

101 977 162 1035 sias
178 991 253 1052 quae
268 983 353 1034 antea
369 975 489 1034 Politice
506 973 609 1050 Orgas.
648 976 730 1050 regio
746 974 880 1054 Scepsis,
902 973 1006 1034 llumen
1022 973 1097 1034 Eve-

69 1077 186 1134 ionum,
211 1060 291 1117 cuius
311 1059 340 1117 in
360 1058 430 1137 ripis
450 1058 623 1118 intercidere
645 1056 807 1134 Lyrnesos,
828 1057 951 1118 Miletos.
988 1056 1020 1117 ln
1041 1058 1098 1118 hoc
1224 1054 1239 1092 λ’

101 1151 197 1202 tractu
211 1140 262 1201 lde
277 1158 376 1218 mons,
395 1151 425 1201 et
442 1142 470 1200 in
486 1159 538 1202 ora
553 1159 627 1220 quae
643 1142 734 1201 sinum
751 1143 961 1218 cognominavit
978 1150 1008 1200 et
1029 1159 1097 1202 con·

100 1235 219 1286 ventum
229 1224 434 1300 Adramytteos
445 1225 514 1286 olim
524 1225 652 1285 Pedasus
664 1225 750 1286 dicta.
772 1226 884 1286 tlumiua
895 1226 1012 1301 Astron,
1026 1224 1096 1286 Gor·

100 1310 212 1385 malos,
229 1307 366 1385 Crianos,
385 1309 574 1385 Alabastros,
589 1308 694 1369 Hieros
709 1328 748 1368 ex
762 1308 828 1385 Ida,
842 1310 916 1371 intus
931 1327 1012 1370 mons
1029 1308 1097 1370 Gar·

101 1411 176 1472 gara
189 1393 352 1472 eodemque
366 1394 478 1452 nomine
495 1393 640 1473 oppidum.
667 1411 765 1453 rursus
780 1394 808 1454 in
823 1393 908 1454 litore
920 1393 1140 1458 Antandroslz'l

71 1490 95 1531 1⁵
103 1478 216 1538 Edonis
233 1478 312 1554 prius
327 1485 449 1553 vocata,
466 1478 533 1537 dein
550 1474 715 1554 Cimmeris,
730 1476 839 1552 Assos,
861 1478 962 1538 eadem
976 1476 1097 1556 Apollo·

103 1563 160 1622 nia.
199 1560 253 1620 tuit
275 1569 306 1619 et
328 1559 520 1622 Palamedium
541 1561 686 1640 oppidum.
737 1563 959 1639 promontorium
981 1560 1098 1622 Lectum

103 1645 304 1706 disterminans
321 1644 445 1704 Aeolida
469 1654 498 1706 et
515 1643 638 1705 Troada.
683 1644 735 1704 luit
756 1654 785 1705 et
806 1644 960 1720 Polymea,
986 1643 1097 1720 Chrysa

105 1738 137 1790 et
150 1728 249 1789 Larisa
264 1728 330 1787 alia.
364 1727 534 1788 Zmintbium
546 1729 684 1807 templum
706 1730 796 1790 durat.
832 1731 905 1790 intus
923 1727 1034 1790 Colone
1056 1731 1137 1788 in-nr

24 1828 26 1921 l
282 1811 1098 1960 tenc¹‘⁸ttt‘¹nntturtrautestatum

105 1915 361 2055 uesYnAsculacae,
373 1940 567 2056 ’Policbimeb
583 1915 859 2057 Pignrtaesscnrces
882 1941 1096 2055 Maridacadeni,
1125 2007 1128 2012 ¹

106 2067 136 2124 in
161 2062 254 2139 Hysia
278 2061 429 2123 Abretteni
454 2072 483 2124 et
505 2063 697 2143 Hellespontii
721 2063 858 2142 appellati
886 2073 915 2123 et
942 2061 989 2123 alii
1016 2064 1096 2139 igno·

106 2147 191 2208 biles.
407 2192 410 2196 ι

194 2231 279 2312 (33.)
302 2231 423 2292 Troadis
438 2232 543 2310 primus
559 2231 641 2290 locus
658 2229 839 2305 Hamaxitus,
857 2229 922 2289 dein
937 2226 1078 2288 Cebrenia
1091 2239 1138 2292 124

71 2316 335 2396 asipsaque‘l'roas
350 2315 504 2392 Antigonia
518 2315 604 2390 dieta,
619 2309 693 2374 nu'nc
708 2314 893 2389 Alexandria,
909 2311 1022 2373 colonia
1040 2312 1096 2372 llo·

105 2417 199 2462 mana.
231 2399 365 2479 oppidum
382 2399 455 2459 Nee.
482 2399 656 2460 Scamander
668 2400 756 2458 amnis
770 2397 938 2475 navigabilis
951 2407 980 2457 et
993 2397 1022 2456 in
1031 2413 1096 2476 pro·

106 2486 250 2549 montorio
271 2484 412 2563 quondam
434 2484 551 2559 Sigeum
572 2483 717 2561 oppidum.
757 2483 823 2544 dein
843 2491 943 2560 portus
963 2481 1099 2541 Achaeo-v

32 2578 34 2651 ζ
107 2586 187 2644 rum,
212 2568 240 2627 in
261 2585 346 2646 quem
365 2567 455 2629 induit
468 2567 597 2627 Xanthus
615 2568 753 2628 Simoenti
776 2569 886 2628 iunctus
911 2575 1097 2644 stagnumque

33 2658 34 2671 ¹
108 2652 188 2729 prius
204 2652 323 2712 iaciens
355 2651 618 2712 Palaescamander.
652 2652 768 2712 'ceteri
793 2650 918 2710 Homero
947 2649 1096 2728 celebrati,

34 2730 36 2803 ζ
73 2732 451 2813 scRbesus,'Heptaporus,
469 2734 604 2811 Caresus,
620 2732 760 2808 Rhodius,
774 2733 896 2808 vestigia
910 2747 966 2790 non
982 2730 1096 2793 babent.

109 2816 250 2879 Granicus
273 2819 389 2879 diverso
412 2827 504 2877 tractu
523 2820 552 2877 in
572 2817 745 2896 Propontida
767 2816 843 2891 lluit,
865 2824 911 2874 est
929 2823 1031 2874 tamen.
1069 2824 1098 2875 et
1134 2839 1137 2848 ·

37 2938 38 2969 l
108 2902 189 2981 prius
203 2901 388 2963 Scamandria
408 2902 508 2962 civitas
530 2918 635 2979 pmva,
660 2917 694 2960 ac
714 2898 782 2960 HD
805 2915 907 2977 passus
927 2906 1096 2960 remotum'a

107 2993 194 3064 portu
208 2984 291 3045 Ilium
306 2987 437 3059 mune,
461 2983 534 3044 unde
549 2985 639 3044 omnis
654 3001 749 3044 rerum
771 2982 894 3043 claritas.
933 2981 1021 3041 thra
1043 2983 1079 3042 si·
1089 2994 1139 3046 125

108 3086 176 3128 num
194 3077 261 3128 sunt
276 3067 410 3129 Rhoetea
426 3069 511 3128 litora
528 3067 661 3127 Rhoeteo
676 3076 705 3128 et
721 3065 864 3126 Dardanio
880 3074 910 3126 et
924 3064 1029 3125 Arisbe
1045 3083 1096 3145 op-

75 3152 185 3231 sspidis
210 3151 346 3214 habitata.
387 3151 439 3212 luit
465 3160 494 3210 et
519 3149 674 3210 Achilleon
691 3149 836 3228 'oppidum
862 3150 941 3210 iuxta
963 3150 1098 3210 tumulum

108 3235 235 3296 Achillis
256 3236 400 3296 conditum
425 3233 642 3308 ablptilenaeis
667 3242 697 3293 et
719 3249 786 3292 mox
806 3232 1027 3294 Atheniensibus
1049 3233 1098 3292 ubi

109 3320 216 3380 elassis
238 3319 300 3378 eius
322 3325 443 3377 steterat
465 3318 494 3376 in
514 3318 614 3394 Sigeo.
635 3365 639 3369 .
661 3317 714 3377 luit
734 3324 762 3376 ct
780 3317 923 3381 Aeantion
943 3335 960 3377 a
979 3315 1097 3376 Rhodiis

108 3402 257 3465 conditum
269 3403 299 3462 in
314 3401 407 3462 altero
423 3418 523 3477 cornu,
539 3401 629 3464 Aiace
645 3401 684 3462 ibi
699 3400 830 3484 sepulto,
847 3398 930 3462 XXX
943 3399 1098 3474 stadiorum

149 3507 222 3548 eninr
235 3507 300 3545 nur.
314 3506 382 3546 urst.
398 3491 419 3546 l.
935 3481 971 3542 14
