2542 3842
159 156 200 218 st
366 216 370 224 ,
503 164 812 213 c.1>u1u1suconu1
887 138 889 149 ’

157 323 245 401 pinuae
267 330 354 400 atque
373 321 413 379 ite
434 338 452 379 e
472 329 549 379 terra
568 337 586 379 a
608 312 741 398 pluribus
761 320 843 379 trebi.
874 320 903 379 iu
917 319 1074 381 Phoenicio
1090 326 1161 383 mari
1250 348 1251 353 ¹

159 406 228 466 hrut
246 406 306 465 ullo
327 405 497 465 difficultate
520 405 686 482 cupiuntur,
708 404 843 482 ultroque
863 406 981 464 veniunt
999 414 1074 465 stato
1091 416 1160 465 tem-

116 497 151 553 31
162 506 238 568 pore
259 490 325 549 anui
347 492 376 549 iu
396 504 507 548 amnem
521 487 709 547 Eleutherum
724 488 815 547 eiiusa
830 488 1018 548 multitudine.
1049 488 1161 551 Denms

157 590 216 633 non
237 583 303 632 suut
322 572 475 647 testudini,
496 572 550 632 sed
570 574 657 633 rostri
679 574 823 648 margines
846 574 921 631 acuti
937 592 1062 653 superna
1078 584 1160 653 parte

38 714 41 720 .
157 657 326 717 interiorem
342 656 495 717 claudeute
511 656 647 734 pyxidum
664 656 760 716 modo.
777 664 854 715 tauta
869 653 929 715 oris
945 657 1046 719 duritia
1068 668 1098 717 ut
1117 660 1181 719 lus

157 742 242 820 pides
259 744 451 801 conminuunt.
467 742 496 799 in
510 742 581 799 mari
597 740 758 815 conchyliis
770 742 879 815 vivont,
896 742 1042 802 interram
1058 760 1158 820 egres·

158 841 210 885 tae
225 825 335 885 herbis.
365 826 479 904 pariunt
504 828 562 883 ova
582 826 677 883 avium
700 826 763 885 ovis
785 825 887 885 similia
912 827 947 885 ad
968 836 1092 887 centana
1107 844 1158 885 uu·

156 926 258 986 nero,
285 926 380 988 eaque
397 909 515 969 defossa
539 916 622 967 extro
644 926 734 987 aquas
757 918 786 968 et
808 920 949 988 cooperta
965 920 1092 971 terrane
1109 928 1157 989 pa-

156 994 216 1054 vita
228 1004 352 1073 pectore
365 1002 395 1052 et
410 992 583 1070 ‚conplanhta
610 992 746 1053 incubant
761 994 904 1053 noctibus.
936 995 1062 1054 educunt
1083 995 1157 1055 fetus

157 1094 251 1137 annuo
267 1080 372 1157 spatio.
402 1078 516 1154 quidum
533 1078 628 1136 oculis
644 1078 862 1156 spectandoque
884 1095 938 1138 ova
959 1078 1053 1137 ioveri
1069 1078 1106 1137 ab
1124 1081 1157 1137 iis
1166 1094 1190 1133 ιι

156 1171 266 1239 putam,
284 1162 404 1222 feminas
422 1163 529 1221 coitum
546 1161 665 1237 ingere,
693 1162 787 1221 donec
802 1180 863 1221 mas
878 1162 1019 1222 festucam
1035 1163 1157 1240 aliquam

113 1248 278 1325 38inponat
298 1262 432 1306 arenae.
475 1245 663 1322 Trogodytae
685 1249 855 1323 cornigeras
871 1246 976 1306 habent
993 1252 1023 1307 nt
1045 1248 1073 1306 in
1096 1248 1157 1321 ipra

156 1329 279 1390 adnexis
295 1329 430 1389 comibus
447 1329 512 1390 latis
528 1330 581 1388 sed
596 1329 762 1405 mobilibus,
779 1347 900 1409 quorum
923 1334 950 1390 iu
972 1331 1095 1390 natando
1111 1348 1156 1390 re-

155 1415 244 1491 migio
260 1432 294 1473 se
308 1415 452 1473 adiuvant.
479 1414 596 1471 celtium
611 1412 641 1472 id
654 1422 786 1489 uocatur,
806 1414 927 1473 eximiae
941 1416 1092 1474 testudinis
1105 1414 1156 1473 sed

155 1513 250 1557 rarae.
289 1513 413 1576 namque
438 1497 552 1573 scopuli
578 1500 728 1575 praeacuti
754 1496 1016 1577 Chelonophagos.
1033 1507 1152 1573 terrent,
1165 1512 1189 1551 ιι

155 1579 343 1658 'l'rogodytne
358 1591 463 1652 autem,
480 1596 554 1657 quos
570 1580 691 1655 adnant,
709 1590 738 1641 ut
755 1596 853 1641 sacros
876 1582 1006 1641 adorant.
1036 1584 1108 1641 sum
1126 1590 1156 1641 et

153 1671 323 1739 terrestres,
340 1679 415 1741 quae
426 1662 465 1722 ob
476 1664 505 1722 id
518 1666 545 1721 iu
556 1663 695 1740 operibus
708 1666 860 1723 chersinae
876 1675 1027 1739 vocantur,
1040 1666 1154 1725 1111111-

154 1762 208 1805 cae
223 1744 364 1820 desertis,
380 1762 437 1823 qua
454 1756 538 1823 perte
554 1763 687 1805 maxume
699 1746 862 1806 sitientibus
877 1746 993 1806 harenis
1010 1750 1156 1826 squalent,

153 1828 283 1904 roscido,
300 1838 332 1888 ut
346 1828 484 1902 ereditur,
502 1846 602 1889 umore
616 1832 759 1889 virentes.
793 1846 888 1907 neque
903 1830 980 1889 aliud
995 1830 1034 1889 ibi
1051 1834 1158 1893 animal

110 1914 312 1988 tumerent..
333 1914 380 1973 11.
399 1913 484 1991 (13.)
508 1913 692 1973 Testudinum
710 1915 852 1992 putamina
867 1932 971 1973 secare
991 1916 1019 1973 in
1045 1914 1188 1977 lamnastt

153 1994 308 2074 lectosque
317 2004 354 2057 'et
368 2000 543 2076 repositorio
558 1998 603 2057 his
617 1996 727 2057 vestire
759 1996 900 2058 Carvilius
916 1999 1009 2057 Pollio
1024 2000 1156 2077 instituit,

154 2080 269 2157 prodigi
285 2090 315 2142 et
328 2083 445 2159 sagacis
459 2083 494 2142 ad
511 2082 641 2143 luxuriae
655 2084 841 2143 instrumento
860 2085 967 2160 ingeni.

109 2166 148 2221 tc
217 2163 266 2224 12.
291 2167 377 2246 (14.)
407 2166 583 2245 Aquatiliunr
604 2168 763 2245 tegimenta
785 2167 868 2246 plura
889 2176 962 2225 suut.
1001 2167 1057 2227 alia
1073 2169 1155 2227 corio

152 2256 183 2306 et
196 2248 265 2329 pilis
279 2253 445 2327 integuntur
459 2260 490 2309 ut
502 2252 584 2312 vituli
603 2260 633 2310 et
648 2252 857 2331 hippopotami,
879 2252 934 2311 alia
951 2252 1032 2310 corio
1047 2255 1154 2311 tantum

151 2341 183 2392 rt
197 2333 337 2411 delphini,
355 2334 466 2391 cortice
477 2342 509 2391 ut
522 2336 693 2411 testudines,
708 2336 819 2395 silicum
830 2335 931 2394 duritia
945 2343 976 2393 ut
991 2344 1107 2394 ostreae
1121 2342 1152 2393 et
1162 2346 1192 2387 2⁵

152 2417 295 2489 conchae,
313 2418 417 2473 crustis
431 2425 463 2474 ut
478 2418 621 2492 locustae,
640 2420 743 2478 crustis
760 2428 791 2477 et
805 2420 896 2496 spinis
910 2428 941 2477 ut
953 2418 1057 2495 echini,
1067 2434 1153 2496 squa-

151 2501 206 2557 mis
222 2506 254 2555 ut
269 2500 380 2573 pisces,
398 2515 502 2575 aspera
519 2511 585 2560 eote
602 2510 632 2559 nt
647 2503 788 2579 squatina,
815 2521 869 2581 qua
892 2502 999 2579 liguum
1018 2512 1048 2562 et
1063 2502 1156 2561 ebora

152 2581 308 2660 poliuntur,
324 2582 404 2641 molli
418 2592 450 2640 ut
462 2599 609 2658 murenae,
622 2585 678 2644 alia
693 2586 770 2645 nulla
784 2595 816 2645 ut
832 2585 941 2665 polybi.

109 2666 143 2721 41
217 2662 264 2722 13.
284 2665 369 2744 (15.)
392 2665 474 2739 Quae
491 2668 552 2744 pilo
566 2670 728 2728 vestiuntur
743 2669 845 2729 animal
868 2672 981 2747 pariunt
996 2678 1026 2727 ut
1042 2668 1154 2746 pristis,

151 2744 284 2824 balaena,
302 2749 417 2808 vitulus.
435 2750 489 2809 llic
509 2755 584 2829 parit
597 2755 626 2810 in
641 2762 730 2827 terra,
748 2754 899 2834 pecudum¹
913 2770 994 2813 more
1004 2752 1191 2815 secundusne

151 2838 250 2905 partus
269 2832 374 2893 reddit.
413 2834 482 2893 initu
509 2852 610 2895 canum
639 2838 726 2897 modo
749 2838 903 2914 cohaeret,
921 2839 996 2915 parit
1015 2852 1155 2895 nonnum·

151 2917 377 2992 quingentula
399 2918 507 2995 pluris,
526 2922 630 2980 eduum
645 2924 771 2981 mammis
792 2922 890 2981 letum.
922 2939 978 2980 nou
999 2930 1064 2980 ante
1082 2920 1155 2979 duo·

151 2995 292 3057 decimum
310 2998 386 3058 diem
400 3002 518 3063 deducit
533 3006 560 3061 iu
576 3021 668 3081 mare,
686 3024 723 3065 ex
741 3024 778 3065 eo
798 3005 919 3066 subinde
937 3004 1153 3065 adsuefaciens.

149 3078 359 3141 interficiuntur
382 3082 539 3145 diilioulte'r
557 3090 614 3147 nisi
636 3092 732 3166 capite
750 3090 834 3149 eliso.
865 3090 940 3168 Ipsis
958 3090 986 3146 in
1002 3104 1075 3147 sono
1092 3101 1154 3145 mu·

150 3163 236 3239 aas,
252 3164 330 3223 unde
345 3181 451 3225 nomeu
465 3170 555 3228 vituli.
585 3175 730 3250 accipiunt
744 3180 839 3233 tamen
852 3173 1044 3250 disciplinam,
1062 3186 1154 3231 voce·
1166 3184 1193 3227 as

114 3251 125 3266 ¹
149 3255 207 3319 que
222 3249 332 3323 pariter
347 3256 378 3305 et
392 3250 456 3307 viso
474 3255 612 3329 populoru
632 3257 771 3331 salutant,
795 3257 941 3316 incondito
964 3256 1078 3315 fremitu
1099 3270 1153 3313 no-

106 3328 225 3387 ltruine
238 3330 335 3388 vocati
354 3334 542 3408 respondent.
572 3334 688 3397 Nullum
700 3340 803 3399 animal
819 3342 955 3415 graviore
972 3353 1153 3416 somnopre-

146 3409 240 3468 nitur.
271 3412 366 3490 pinnis
383 3415 487 3489 quihus
508 3419 537 3475 iu
554 3423 626 3478 mari
641 3430 756 3481 utuntur
777 3423 854 3481 humi
878 3439 995 3501 quoque
1017 3424 1083 3481 vice
1099 3440 1153 3500 pe-
