2542 3842
169 168 227 230 170
518 176 828 228 e.P1.1rttslccUrtD1

167 340 332 412 praeterea,
346 346 447 393 ennea
471 348 560 391 carue
588 340 745 392 vescuntur
770 340 871 392 contra
893 350 979 411 qnam
999 350 1071 411 apes
1093 353 1171 414 quae
1256 393 1257 400 ,

166 416 273 477 nullum
289 431 398 492 corpas
420 414 570 491 attingunt.
604 415 658 476 sed
674 434 785 493 vespae
801 434 916 477 muscas
929 418 1099 494 grandiores
1118 438 1170 479 vc·

122 508 281 574 tenantur,
298 506 446 577 amputato
462 498 497 557 iis
512 499 609 576 capite
627 499 772 579 reliquom
791 516 899 577 eorpus
918 501 1058 561 auferunt.
1096 498 1170 565 Cro·

165 585 286 647 monum
299 582 452 645 silvestres
468 581 498 641 in
509 581 646 642 arborum
662 586 795 644 cavernis
810 584 937 660 degunt,
961 585 1055 646 hieme
1072 596 1102 645 ut
1117 605 1169 647 ce·

166 678 228 730 tere
243 670 355 729 insecta
373 665 550 740 conduntur,
572 667 629 727 vita
646 665 781 727 bimatum
802 684 860 730 uon
876 671 987 731 transit.
1024 671 1098 729 ictus
1115 687 1197 731 eos

165 771 226 813 mm
247 752 314 813 haut
336 760 446 811 temere
468 750 530 809 siue
551 748 627 811 febri
650 760 705 811 est.
735 760 873 813 auctores
893 764 960 813 suut
981 763 1026 815 ter
1047 757 1168 816 noveris

164 838 277 916 punctis
293 835 415 895 interfici
432 833 585 895 hominem.
616 834 739 895 aliorum
753 837 802 913 qui
817 837 948 903 mitiores
962 838 1095 899 videntur
1109 837 1166 897 duo
1229 913 1233 919 Δ

164 938 289 999 genera:
306 919 439 997 opiiiees,
456 918 582 978 minores
595 935 734 997 corpore,
748 921 796 997 qui
811 923 970 983 moriuntur
982 921 1093 997 hieme,
1108 940 1166 995 ma·

121 1012 223 1067 *intres
238 1020 315 1084 quse
332 1003 447 1063 biennio
463 1002 574 1063 durant.
594 1002 613 1061 ii
631 1011 661 1063 et
675 1003 845 1064 clementes.
868 1004 960 1066 Nidos
972 1024 1043 1065 vere
1060 1006 1168 1066 iaciunt

163 1089 228 1149 iere
249 1086 440 1166 quadriforis,
463 1086 617 1167 inquibus
640 1088 763 1165 opihces
779 1098 965 1164 generantur.
994 1091 1031 1149 iis
1054 1089 1168 1150 eductis
1177 1106 1203 1148 ro

163 1174 239 1235 alios
253 1170 358 1233 deinde
372 1172 498 1231 maiores
515 1170 599 1231 nidos
623 1171 748 1249 iungunt,
772 1172 918 1252 inquibus
934 1182 1041 1235 matres
1056 1174 1169 1236 futuras

164 1258 333 1337 producent.
374 1256 430 1316 iam
451 1264 510 1315 tum
533 1255 657 1334 opifices
677 1256 831 1335 funguntur
851 1275 972 1325 munere
993 1266 1022 1318 et
1046 1267 1169 1337 poscunt

164 1360 224 1403 ees.
254 1340 351 1401 hatior
365 1349 485 1400 matrum
501 1340 634 1419 species,
656 1340 830 1419 dubiumque
844 1359 880 1401 an
894 1342 1018 1403 habeant
1034 1342 1167 1417 aculeos,

164 1427 229 1506 quia
254 1440 311 1483 non
337 1423 534 1500 agrediuntur.
570 1433 600 1483 et
621 1425 665 1485 his
686 1426 731 1484 sui
756 1424 826 1485 inci.
870 1425 991 1500 Quidam
1014 1427 1168 1503 opinantur

164 1508 295 1571 omnibus
316 1508 361 1567 his
386 1509 422 1569 nd
442 1508 565 1567 hiemem
585 1508 724 1569 decidere
745 1510 876 1570 eculeos.
914 1528 970 1570 nec
994 1510 1202 1571 crabronumns

164 1604 259 1655 autern
279 1608 334 1651 uec
351 1610 505 1669 vesparum
516 1594 629 1668 'generi
643 1610 733 1668 reges
749 1604 799 1655 aut
812 1595 958 1669 examina,
974 1594 1028 1655 sed
1044 1592 1167 1655 subinde

163 1684 319 1737 renovetur
331 1674 480 1737 multitudo
495 1673 610 1737 subole.

101 1771 155 1825 „75
219 1756 269 1817 22.
289 1756 373 1836 (25.)
389 1756 527 1829 Quartum
553 1758 627 1819 inter
648 1758 724 1819 haec
743 1776 837 1834 genus
859 1767 906 1819 est
927 1758 1120 1836 bombycum,
1136 1760 1169 1819 in
1234 1826 1237 1831 ,

162 1843 284 1916 Anamis
301 1842 488 1919 proveniens,
506 1842 595 1901 maius
612 1858 697 1919 quam
712 1858 800 1919 supra
818 1841 903 1901 dicte.
933 1841 1018 1900 nidos
1036 1841 1096 1901 luto
1113 1844 1168 1905 iin-

162 1934 233 2004 qnnt
247 1926 316 1986 salis
332 1926 450 2003 specie,
468 1924 629 2004 adplicntos
647 1925 753 2005 lepidi,
769 1934 846 1985 tanta
866 1925 969 1987 duritia
989 1932 1020 1983 ut
1041 1925 1201 2002 spiculisne

164 2011 309 2089 periurari
328 2011 386 2069 rin
401 2010 522 2087 possint.
567 2010 596 2069 in
616 2010 661 2069 his
683 2027 767 2071 ceras
787 2010 897 2089 largius
921 2026 1006 2087 mam
1028 2026 1101 2087 apes
1122 2010 1166 2071 fa·

163 2096 250 2169 ciunt,
269 2094 335 2155 dein
351 2096 490 2155 maiorem
504 2095 701 2155 vermiculum.
980 2149 983 2159 .

120 2186 154 2244 to
219 2178 304 2257 (26.)
328 2178 441 2239 hitalia
463 2178 564 2239 horum
586 2180 681 2257 origo.
711 2197 750 2239 en
764 2178 921 2255 grandiore
936 2179 1096 2237 vermiculo
1112 2197 1163 2256 qe-

162 2266 235 2324 mina
252 2263 431 2342 protendens
445 2265 489 2323 sui
503 2264 623 2339 generis
637 2278 775 2324 cornuum
789 2264 869 2323 urica
884 2262 924 2337 iit,
939 2262 1008 2323 dein
1020 2262 1098 2340 quod
1112 2278 1161 2321 vo·
1254 2281 1255 2292 2

162 2358 244 2408 eamr
265 2346 426 2419 benbylia,
456 2364 494 2405 err
512 2363 548 2405 ea
568 2347 745 2421 necydalus,
772 2365 811 2409 ex
831 2346 889 2405 hoc
903 2347 933 2407 iu
947 2364 1002 2407 sen
1017 2344 1198 2407 mensibusan

162 2432 299 2505 bombyx.
327 2427 415 2487 h'elas
429 2445 600 2489 araneorum
614 2430 701 2490 modo
716 2439 817 2489 texunt
831 2430 867 2491 ad
881 2438 994 2491 vestem
1009 2430 1163 2506 luxumque

162 2516 345 2586 feminarum,
359 2508 441 2589 'quae
461 2511 634 2587 bombycina
648 2513 822 2591 appellatur.
850 2514 1007 2591 primumn
1022 2510 1165 2573 redordiri

161 2613 320 2675 rursusque
331 2605 433 2655 tenere
444 2596 551 2656 invenit
563 2598 591 2656 in
602 2593 667 2656 Coo
677 2596 780 2657 mulier
790 2597 951 2675 Pamphile,
964 2597 1079 2659 Plateae
1091 2593 1162 2670 lilia,
1253 2619 1254 2652 i

161 2698 218 2741 nen
234 2680 392 2761 fraudanda
409 2680 503 2757 gloria
520 2683 703 2757 excogitatae
719 2681 838 2751 rationis
853 2690 884 2741 ut
899 2680 1026 2745 denudet
1039 2678 1164 2741 feminas
1251 2759 1254 2768 ⁴

160 2766 261 2825 restis.
1171 2779 1200 2823 oo

117 2858 151 2913 tt
218 2849 268 2910 23.
286 2850 368 2927 (at.)
390 2848 553 2924 Bombpcas
575 2858 603 2909 et
625 2850 654 2909 in
668 2847 732 2909 Coo
752 2850 844 2911 insula
864 2852 944 2912 nasci
959 2848 1090 2922 tradunt,
1115 2864 1164 2909 cu·

161 2936 268 3013 pressi,
284 2932 450 3006 terebinthi,
467 2933 581 3009 irnxini,
598 2951 724 3012 quercus
741 2934 843 2995 horem
858 2934 996 2995 imbribus
1010 2933 1165 2996 decussum

161 3026 257 3078 terrae
277 3015 367 3077 halitu
385 3018 536 3077 animante.
577 3017 643 3079 heri
659 3028 754 3079 autem
767 3020 861 3098 primo
878 3018 1042 3097 papiliones
1058 3034 1165 3097 paruos

160 3102 321 3178 nudosque,
338 3118 406 3160 nox
420 3100 560 3177 frigorum
573 3102 742 3181 inpatientia
755 3102 833 3164 villis
848 3102 1055 3164 inhorrescere
1070 3111 1100 3162 et
1113 3098 1163 3162 ad·

158 3199 262 3253 uersns
281 3183 404 3244 hiemem
420 3186 531 3244 tunicas
548 3184 603 3245 sibi
618 3187 778 3247 instaurare
793 3186 917 3262 densas,
933 3186 1038 3266 pedum
1050 3186 1201 3265 asperi-os

158 3278 219 3331 tate
234 3268 363 3329 radenth
377 3267 513 3332 loliorum
532 3269 705 3345 lanuginem.
733 3270 762 3330 in
775 3270 888 3334 vellera
901 3272 975 3333 hanc
991 3270 1077 3331 abiis
1095 3269 1164 3345 cogi

158 3352 313 3429 subigique
324 3352 458 3427 unguium
474 3354 688 3428 carminatione,
700 3370 769 3415 mox
783 3354 857 3415 trahi
871 3358 900 3416 in
911 3366 1033 3428 mamas,
1052 3352 1165 3413 tenunri
1179 3375 1183 3385 ·

159 3448 215 3492 oen
229 3436 363 3511 pectine,
383 3442 490 3513 postea
508 3434 723 3513 adprehensam
739 3440 858 3516 corpori
872 3438 981 3499 involvi
994 3437 1063 3497 nido
1079 3435 1162 3495 volu·
