2542 3842
142 134 203 196 222
505 146 643 200 αιἰωι
658 139 808 196 sncunnt
940 141 943 146 ·

99 313 134 370 29
229 303 277 363 to.
295 303 379 382 (11.)
393 301 450 363 Per
459 302 605 383 planitiem
615 319 727 363 omnam
738 301 840 378 adpro
854 319 945 380 usqne
957 299 1133 363 Albanorum

141 405 215 464 gens
225 394 323 462 tenet,
340 403 408 447 mox
422 385 536 448 lberum
548 387 673 447 discreta
686 386 722 448 ab
734 387 778 448 his
793 403 875 446 amne
887 385 1017 446 Alazona
1033 387 1062 446 in
1076 384 1133 462 Gr·

141 488 203 530 rum
215 468 363 530 caucasiis
382 470 524 530 montibus
545 470 700 532 deduente.
737 470 907 549 praevalent
923 469 1030 548 oppida
1043 469 1133 530 Alba·

140 556 206 614 niae
219 552 375 629 (labalaca,
386 553 499 614 iberiae
510 553 678 615 Hermastus
690 555 768 614 iuxta
781 554 897 630 dumea,
908 551 1024 614 Neoris.
1048 553 1133 630 regio

141 637 247 697 'lbasie
265 645 295 697 et
311 636 411 698 Triare
428 637 573 716 usquead
591 637 785 699 Parteodoros
811 637 923 698 montis.
968 635 1049 697 Ultra
1069 644 1157 697 sunta

141 719 299 781 Colchicae
321 721 509 796 solitudines,
532 737 650 798 quarum
672 739 689 782 a
707 720 799 782 latere
816 721 852 782 ad
870 719 1028 781 Ceraunios
1044 735 1133 780 uerso

140 802 408 879 Armenochalybes
433 803 559 864 babitaut
583 811 614 862 et
622 801 808 864 Moschorum
833 812 941 864 tractus
967 803 1003 864 ad
1018 802 1135 864 Iberum
1183 826 1185 835 ,

140 905 250 948 amnem
279 888 308 947 in
342 885 448 962 Cyrum
477 886 651 948 defluentem
679 894 710 947 et
739 886 812 948 inira
842 902 895 946 eos
924 887 1077 948 Sacassani
1102 895 1134 946 et

140 971 245 1032 deiude
259 969 432 1031 blaceroncs
455 969 491 1030 ad
513 968 618 1030 damen
636 968 803 1031 Absarrum.
841 970 891 1030 Sic
906 969 993 1049 plana
1015 978 1064 1030 aut
1082 969 1133 1030 de·

139 1071 215 1116 vexa
237 1055 413 1132 optinentur.
446 1071 545 1114 rursus
565 1053 601 1115 ab
619 1052 760 1116 Albaniae
780 1052 904 1114 condnio
921 1062 981 1114 tota
998 1054 1168 1116 montiumro

137 1137 233 1199 fronte
243 1144 348 1214 ‘gentes
359 1137 503 1199 Siluorum
514 1136 607 1216 ieme,
619 1147 650 1198 et
659 1137 732 1200 infra
742 1137 943 1218 Lupeniorum,
954 1154 1022 1198 mox
1032 1137 1133 1197 Diduri

139 1232 169 1283 et
182 1221 273 1283 Sodii.

96 1314 145 1370 30·
226 1305 275 1364 11.
307 1303 392 1384 (12.)
426 1304 473 1366 nt
491 1305 527 1367 iis
543 1315 610 1366 sunt
628 1312 730 1384 portae
744 1303 1016 1382 Oaucasiaemagno
1030 1321 1132 1366 errore

138 1389 234 1450 multis
253 1385 378 1467 Caspiae
399 1389 510 1466 dictae,
528 1390 635 1466 ingens
652 1397 770 1450 naturae
786 1405 861 1468 opus
883 1389 1026 1450 montibus
1043 1389 1131 1448 inter·
1162 1437 1164 1440 .

138 1474 229 1552 ruptis
240 1481 374 1549 repente,
392 1472 532 1533 ubiiorcs
546 1472 662 1534 obiitne
673 1472 790 1534 ferratis
802 1472 942 1549 trabibus,
961 1471 1060 1532 subter
1070 1489 1130 1532 me·
1141 1487 1168 1528 aa

138 1557 199 1617 dias
218 1573 299 1615 amne
315 1555 368 1616 diri
386 1555 484 1616 odoris
501 1555 607 1616 ducute
628 1556 756 1635 citraque
771 1557 800 1616 in
819 1574 893 1635 rupe
910 1555 1034 1617 castello
1053 1553 1131 1634 qnod

137 1646 257 1699 voantur
275 1637 408 1698 Cumania
429 1641 592 1699 conmunito
611 1639 647 1699 ad
669 1639 810 1700 arcendas
834 1641 953 1699 transitu
973 1640 1068 1716 gentis
1089 1640 1131 1698 in·

137 1738 286 1794 numeras,
305 1720 345 1779 ibi
359 1722 417 1781 loci
434 1729 575 1782 terrarum
591 1721 663 1782 orbe
679 1725 772 1801 portis
784 1722 930 1797 discluso,
951 1740 990 1781 ex
1006 1721 1130 1782 adverso

136 1804 258 1864 maxime
269 1802 412 1865 Hermasti
426 1805 524 1884 oppidi
538 1805 662 1865 Iberum.
688 1805 816 1884 Aportis
827 1803 975 1866 caucasiis
988 1823 1042 1882 per
1051 1822 1140 1864 mom.

136 1888 172 1946 tis
185 1884 348 1961 Gordynios
359 1887 453 1963 Valli,
469 1888 573 1964 Sanni,
591 1887 745 1950 indomitae
755 1897 877 1966 gentes,
891 1889 952 1948 auri
965 1896 1059 1948 tamen
1070 1905 1130 1948 me·
1140 1903 1167 1946 ao

137 1969 207 2029 talla
219 1969 339 2030 fodiunt.
367 1969 461 2032 abbis
471 1973 510 2034 ad
520 1971 640 2032 Pontum
651 1989 743 2050 nsque
755 1971 968 2032 Heniochorum
980 1970 1061 2048 plura
1076 1980 1130 2048 ge·

136 2071 217 2131 uera,
231 2053 501 2116 moxdcbacorum.
522 2055 565 2118 lta
580 2073 612 2116 sc
623 2055 711 2117 babet
726 2064 866 2117 terrarum
878 2057 957 2116 sinus
974 2072 990 2114 e
1006 2054 1130 2115 clarissi-

95 2146 128 2200 31
139 2137 202 2197 mis.
224 2137 322 2217 Aliqui
332 2140 406 2200 inter
417 2138 537 2201 Pontum
548 2139 717 2219 etGaspinm
727 2157 807 2200 unare
815 2136 1129 2214 ccclxxvttpass,

136 2238 194 2280 non
210 2223 330 2301 amplius
343 2223 486 2284 iuteresse
502 2224 696 2300 tradiderunt,
721 2222 875 2284 Cornelius
888 2221 990 2301 Nepos
1007 2219 1128 2281 cotto

135 2305 219 2364 tantis
232 2307 334 2367 iterum
344 2309 483 2383 angustiis
494 2307 730 2368 infestaturdsia.
758 2303 1038 2368 claudiuscaesara
1053 2301 1127 2362 Cim·
1137 2328 1165 2369 as

135 2389 226 2448 rnerio
240 2388 374 2465 Bosporo
391 2389 428 2449 ad
441 2389 577 2468 Caspium
591 2407 670 2450 mare
684 2389 728 2450 Cb
739 2389 769 2448 ll
780 2389 920 2468 prodidit,
946 2405 1039 2466 eaque
1061 2405 1127 2464 per·

135 2471 237 2530 fodere
255 2473 402 2546 cogitasse
418 2471 585 2533 Nicatorem
603 2472 758 2533 Seleucum
773 2487 829 2550 quo
844 2481 978 2548 tempore
998 2488 1014 2530 a
1031 2469 1128 2531 Ptole·

134 2569 218 2611 maen
232 2550 363 2614 Cerauno
382 2555 420 2616 sit
442 2555 621 2622 interiectus.
658 2573 674 2616 a
693 2555 784 2635 portis
796 2552 944 2616 Caucasiis
964 2553 999 2616 ad
1009 2553 1127 2614 Pontum

136 2633 315 2714 GGMpass.
329 2638 606 2700 esseconstatiere.
1265 2681 1266 2718 ,

93 2729 128 2782 32
223 2718 271 2778 tt.
297 2721 382 2801 (13.)
406 2722 520 2783 lnsulae
537 2723 567 2783 iu
585 2721 676 2783 Ponto
688 2721 823 2784 Planetae
837 2722 899 2782 sive
917 2721 1051 2796 Cyaneae
1063 2721 1163 2780 siveao

134 2802 356 2882 Symplegades.
393 2806 497 2868 deiude
515 2805 671 2885 Apollonia
681 2804 806 2882 Thynias
818 2805 911 2881 dicta,
924 2813 955 2865 ut
971 2804 1126 2882 distingue·
1265 2805 1266 2812 ’

114 2957 117 2961 ,
135 2895 213 2947 retur
224 2887 304 2950 abes
317 2907 393 2969 quae
404 2899 449 2952 est
460 2892 489 2951 in
500 2889 627 2969 Europa.
650 2889 734 2952 distat
745 2908 761 2950 a
773 2891 935 2950 continente
946 2887 1079 2966 passibus
1086 2885 1127 2956 ll,

137 2970 259 3047 cingitur
268 2971 322 3034 1111
333 2973 371 3034 bb
388 2984 419 3036 et
431 2973 727 3036 coutranarnaoeaan
734 2971 916 3048 Gbalceritis‚
931 2989 1016 3050 quam
1023 2970 1126 3038 Graeci

134 3052 233 3113 Arium
245 3056 377 3118 emerunt
390 3057 531 3137 llartique
553 3075 683 3134 sacram,
703 3066 731 3117 et
747 3058 775 3118 in
790 3072 825 3116 ca
839 3055 979 3120 ,volucres
995 3071 1058 3114 cum
1076 3053 1124 3114 ad·

133 3137 215 3196 venis
228 3155 373 3215 pugnasse
388 3141 535 3218 pinnarum
552 3136 620 3202 ictn'.
1134 3156 1160 3197 aa
1265 3197 1266 3200 ,

90 3226 126 3282 33
221 3218 269 3279 13.
289 3222 372 3301 (14.)
393 3223 616 3285 Nuncomnibns
630 3223 878 3304 quaesuntdsiae
891 3221 1028 3282 interiora
1040 3219 1124 3281 dictis

7 3313 19 3337 t·
132 3301 260 3380 Ripaeos
274 3302 1121 3385 montistransoandatauimuadextraquelitoraoceaniin·

134 3386 227 3446 cedat.
271 3387 374 3450 Tribus
389 3387 468 3450 bice
492 3389 622 3470 partibus
640 3389 714 3452 caeli
732 3391 850 3452 adluens
862 3387 959 3450 Asiam
970 3384 1124 3468 Scytbicus
