2542 3842
151 162 208 221 104
493 170 522 219 c.
539 170 636 218 eamr
652 128 804 219 annuunt
890 237 894 240 .

145 324 323 387 volutatione
341 324 438 401 spinas
456 333 592 384 atterere.
609 356 652 369 --
664 323 743 402 quud
760 322 808 383 ubi
822 323 923 383 videre
939 325 1064 401 mendci,
1087 334 1143 385 sta-

145 410 194 467 tim
208 408 339 485 pluribus
352 409 467 469 ancoris
484 409 598 485 navigia
612 407 764 467 infrenant.

103 504 152 558 101
208 490 259 551 32.
277 491 310 551 ln
320 493 423 553 ecdem
432 508 543 568 genere
555 490 678 552 cocleae
687 492 827 569 aquatiles
837 500 1052 570 terrestresque
1060 509 1143 553 exse·

144 585 242 637 rentes
258 594 291 635 se
307 575 453 637 domicilio
468 574 592 653 biumque
611 592 665 635 ceu
681 588 788 635 curura
803 576 1015 654 protendentes
1032 584 1143 637 contra

145 660 316 738 bentesque.
334 659 427 719 oculis
438 668 549 734 carent,
561 661 659 737 itaque
673 659 828 721 corniculis
837 663 1049 739 praetemptant
1063 662 1128 721 iter.
1153 679 1168 718 s

209 742 260 805 33.
282 743 417 805 Pectines
433 743 461 803 in
475 744 545 803 mari
561 760 599 803 ex
614 741 720 802 eodem
733 760 844 819 genere
860 744 1017 819 habentur,
1041 760 1144 805 recuu-

144 828 195 889 diti
214 836 245 887 et
269 828 325 906 ipsi
350 828 462 903 magnis
485 826 643 905 frigoribus
661 844 697 887 ac
715 828 827 903 mugnis
850 828 995 903 aestibus,
1019 846 1143 905 ungues·

145 930 202 991 que
217 911 298 971 velut
310 914 375 987 igne
386 910 518 971 lucentes
532 907 709 985 intenebris,
725 912 811 971 etiam
822 912 850 970 in
865 928 918 971 ore
929 913 1130 977 mandentium

61 1000 64 1009 '
102 1006 154 1062 lun
224 994 316 1073 (5²0²
331 994 479 1055 Firmiorir
489 997 545 1056 iam
556 1004 650 1055 testae
661 995 787 1071 murices
798 1005 829 1055 et
839 996 1014 1057 concharum
1023 1012 1142 1073 genera,

143 1079 292 1159 inquibus
308 1096 410 1156 magna
428 1079 551 1141 ludentis
564 1088 685 1139 naturae
699 1080 836 1139 varietas.
872 1089 917 1139 tot
936 1080 1068 1141 colurum
1090 1080 1142 1141 dil·
1152 1098 1178 1139 rc

144 1164 296 1238 terentiae,
315 1172 358 1222 tot
372 1164 481 1241 ligurse
497 1163 607 1241 planis,
623 1163 778 1239 concavis,
794 1163 907 1240 longia,
922 1164 1038 1239 lunatis,
1053 1166 1084 1225 in
1097 1181 1144 1224 or·

146 1247 211 1309 bem
226 1248 418 1323 circumactis,
434 1246 548 1318 dimidio
564 1247 636 1308 orbe
652 1247 765 1323 caesis,
782 1243 811 1307 in
824 1248 941 1307 dorsum
957 1247 1057 1324 elatis,
1074 1249 1144 1308 levi-
1247 1257 1248 1352 p

145 1330 209 1407 bus,
226 1332 352 1407 rugatis,
370 1330 567 1406 denticulatis,
587 1334 706 1406 striatis,
727 1334 838 1393 vertice
852 1333 1011 1391 muricatim
1026 1334 1144 1406 intorto,
1247 1365 1248 1412 i

93 1422 96 1429 ⁴
145 1416 273 1493 margine
295 1417 324 1475 in
340 1430 505 1475 mucronem
523 1415 646 1490 emisso,
671 1415 745 1475 loris
763 1416 872 1491 effuso,
894 1417 969 1475 intus
988 1416 1144 1494 replicato,
1247 1443 1248 1458 r

104 1509 155 1563 1⁰3
164 1501 219 1559 iam
227 1498 415 1559 distinctione
432 1498 586 1574 virgulata,
602 1500 715 1573 crinita,
737 1500 835 1578 erispa
845 1499 1037 1580 cuniculatim,
1052 1500 1178 1577 pecti-rs

144 1585 229 1643 natim
250 1582 358 1657 divisa,
385 1582 553 1641 imbricatim
568 1582 689 1656 nudata,
714 1584 896 1643 cancellatim
920 1584 1089 1658 reticulata,
1116 1585 1145 1642 in

145 1666 303 1743 obliquum,
315 1665 344 1725 in
355 1674 465 1725 rectam
477 1682 615 1742 expansa,
629 1665 761 1740 densata,
772 1674 919 1743 porrecta,
928 1667 1050 1741 sinuata,
1061 1666 1144 1727 bravi

144 1749 220 1809 nudo
235 1747 349 1823 ligatis,
367 1747 536 1813 miniscere
554 1749 692 1823 conexis,
708 1748 743 1809 ad
759 1749 889 1826 plausum
903 1750 1024 1825 apertis,
1040 1749 1079 1810 ad
1094 1750 1145 1809 bu·
1247 1769 1248 1820 3

145 1832 404 1892 cinumrecurvis.
439 1832 574 1908 navigant
600 1850 638 1893 ex
653 1832 703 1916 ,bis
723 1832 883 1906 Veneriae,
909 1832 1146 1911 praebentesque
1247 1851 1248 1892 l

145 1930 302 1975 concavam
317 1915 361 1975 sui
375 1922 486 1995 partem
502 1924 532 1975 et
546 1934 633 1977 aurae
645 1924 830 1994 opponentes
842 1933 897 1993 per
912 1933 1019 1976 summa
1033 1911 1144 1995 aequo
1153 1923 1177 1963 2⁰
1247 1973 1248 1976 ,

143 2015 206 2059 rum
222 1999 378 2061 velilicant.
413 2001 516 2083 saliunt
540 2001 673 2079 pectines
695 2007 725 2061 et
747 2008 829 2059 extra
846 2000 982 2075 volitant,
1005 2017 1101 2077 seque
1115 2010 1148 2061 et
1186 1994 1189 2003 ’
1247 2057 1248 2084 ἦ

133 2083 202 2167 ¹ipsi
217 2084 355 2146 caribant.

103 2176 156 2229 lon
217 2167 269 2228 34.
300 2168 384 2248 (53.)
417 2169 476 2229 Sed
491 2168 560 2247 quid
584 2168 659 2229 baec
676 2176 735 2229 tem
751 2185 839 2246 parva
854 2183 1057 2242 conmemoro,
1081 2185 1145 2230 cum

144 2251 293 2331 populatio
325 2270 435 2313 morum
457 2259 544 2329 atqua
566 2252 679 2313 luxuria
698 2266 756 2311 non
777 2250 890 2311 aliunde
911 2252 1001 2311 maior
1022 2270 1143 2329 qmme

146 2334 320 2397 concharum
333 2353 446 2411 genere
461 2334 634 2412 proveniat?
650 2335 709 2396 lam
723 2334 838 2413 quidem
853 2353 891 2395 ex
907 2344 968 2397 tcta
982 2352 1079 2394 rerum
1095 2353 1140 2398 nu·
1149 2342 1179 2385 2⁵

145 2429 208 2481 tura
223 2418 468 2479 damnosissimum
489 2421 582 2479 ventri
603 2437 683 2480 mure
706 2428 751 2480 est
772 2427 815 2477 tot
836 2419 944 2494 modis,
969 2428 1012 2479 tot
1025 2420 1144 2494 mensis,
1192 2478 1196 2485 ,

99 2556 103 2563 .
145 2512 188 2563 tot
206 2502 328 2579 piscium
344 2500 513 2579 saporibus,
530 2504 594 2580 quis
616 2504 710 2579 pretia
725 2503 897 2579 capientium
912 2502 1044 2580 periculo
1065 2503 1142 2564 bunt.

104 2586 217 2650 10535.
239 2581 293 2645 sed
308 2592 396 2661 quota
417 2584 491 2647 baec
505 2587 601 2663 portio
616 2596 662 2646 est
675 2586 875 2663 reputantibus
895 2587 1053 2664 purpuras,
1073 2602 1142 2644 ccu-
1247 2601 1248 2626 ³

145 2666 251 2743 cbylia,
263 2666 454 2745 margaritas?
466 2687 565 2748 parurn
578 2669 693 2729 scilicet
706 2670 801 2730 luerat
811 2671 841 2731 in
851 2670 934 2746 gulas
946 2670 1032 2730 condi
1044 2670 1143 2745 maria,

144 2751 198 2809 nisi
212 2733 351 2827 manibus,
368 2752 495 2830 auribus,
512 2754 608 2831 capite
623 2762 744 2831 totoque
759 2768 885 2831 corpore
903 2772 919 2813 a
934 2754 1048 2815 leminis
1062 2754 1142 2813 iusta
1153 2764 1181 2805 to

144 2832 272 2915 virisque
292 2844 485 2913 gestarentur.
529 2838 595 2916 quid
617 2838 688 2899 mari
709 2854 774 2897 curu
795 2837 942 2912 vestibus,
969 2837 1041 2915 quid
1062 2837 1147 2897 uadis
1170 2855 1174 2866 ¹
1247 2863 1248 2920 p

147 2917 340 2998 fluctibusque
357 2938 419 2981 cum
433 2921 568 2983 vellere?
584 2938 642 2983 nou
657 2931 739 2981 recte
754 2922 859 2999 recipit
880 2922 954 2984 baec
974 2937 1031 2980 nos
1050 2937 1148 2980 rerum
1247 2929 1248 2956 i

112 3039 115 3047 ·
147 3012 247 3073 natura
265 3003 321 3063 nisi
344 3004 446 3065 nudos.
476 2990 572 3082 esto,
598 3007 636 3065 sit
656 3014 734 3068 tanta
754 3007 847 3066 ventri
863 3022 926 3066 curu
941 3020 978 3063 eo
1000 3003 1147 3063 societas!
1247 2997 1248 3006 ’

145 3087 212 3164 quid
229 3086 360 3163 tergori?
381 3106 481 3166 pamm
493 3091 629 3166 eat,.nisi
652 3091 701 3167 qui
721 3090 865 3149 vescimur
893 3088 1031 3167 periculis
1059 3088 1147 3148 etiam

50 3221 52 3226 .
143 3171 308 3231 vestiamur.
345 3170 419 3231 adeo
441 3186 494 3250 per
514 3182 604 3235 totum
625 3190 732 3251 corpus
753 3173 846 3234 anima
868 3172 989 3233 bominis
1011 3173 1183 3248 aucesitaas

143 3270 276 3315 maxume
293 3254 420 3332 placent.
743 3302 747 3308 .

102 3344 155 3411 196
217 3337 300 3416 (54.)
321 3337 494 3415 Principium
516 3356 588 3415 ergo
603 3340 796 3418 columenque
811 3341 935 3401 omnium
956 3355 1051 3407 rerum
1068 3337 1146 3414 preti

143 3420 315 3495 margaritae
331 3430 437 3482 tenent.
466 3419 583 3483 Indicus
598 3439 730 3488 mmmu
744 3424 796 3489 bus
814 3425 899 3511 mittit
920 3440 1049 3493 oceanus
1069 3423 1146 3488 intur
