2542 3842
158 168 217 231 142
455 244 462 251 ,
526 180 557 229 c.
573 181 835 229 sumendorum

97 327 98 332 ’
156 338 226 397 sima
247 334 407 415 eademqne
428 337 550 397 minuma
563 334 740 411 Euonymos.
770 334 915 395 Hactenus
930 336 968 397 de
983 337 1076 416 primo
1090 334 1148 399 Eu·

155 437 188 480 ro
212 438 247 479 ae
263 438 336 479 smu.

113 513 148 569 95
191 438 265 563 p10.
284 503 368 582 (15.)
392 501 537 563 Ahocris
559 502 660 563 ltaliae
681 502 762 562 irons
782 503 881 581 incipit
901 501 1005 580 Magna
1026 502 1150 566 Graecia

155 585 312 666 appellata,
330 588 359 645 in
372 588 425 647 tris
440 588 518 646 sinus
533 587 678 647 recedens
694 586 815 646 Ausonii
829 588 926 663 maris,
942 589 1076 665 quoniam
1090 587 1150 648 An·

155 688 244 731 sones
258 680 379 730 tenuere
396 672 488 750 primi.
518 670 600 730 Patet
613 668 759 731 LXXXVI
772 669 803 731 M
821 688 918 750 pass,
940 681 972 731 nt
988 681 1088 732 auctor
1104 680 1174 736 ests

154 752 258 815 Varro.
276 754 408 833 plerique
419 751 524 814 LXXV
535 752 564 813 M
577 753 689 813 iecere.
714 753 746 813 ln
758 760 794 815 ea
806 772 857 815 ora
867 754 982 815 flumina
992 756 1155 832 innumera,

156 837 208 898 sed
221 846 378 899 memoratu
394 838 511 913 dignas
528 836 628 896 Locris
644 838 753 913 Sagra,
775 846 805 896 et
824 840 948 915 vestigia
962 840 1062 918 oppidi
1077 836 1150 899 Cau·

155 923 246 997 lonis,
269 919 406 995 Mystiae,
431 918 606 980 Consilinum
623 930 763 996 castrum,
780 918 968 999 Cocintham,
986 922 1064 1001 quod
1081 939 1151 983 osse

154 1006 350 1082 longissimum
377 1002 478 1065 ltaliae
508 1006 732 1083 promontorium
757 1005 845 1084 aliqui
873 1008 1054 1083 existumant.
1083 1006 1152 1067 dein

155 1092 234 1149 sinus
249 1088 411 1163 Scylacius,
424 1098 457 1148 et
472 1088 637 1164 Scylaeium
652 1088 822 1164 Scylletium
835 1088 1070 1166 Atheniensibus,
1086 1107 1185 1151 cunum
1217 1154 1221 1163 Δ

156 1172 331 1247 conderent,
354 1172 476 1249 dictum,
498 1190 583 1252 quem
603 1172 699 1233 locum
716 1190 874 1233 occurrens
891 1174 1049 1235 Terinaeus
1072 1175 1152 1233 sinus

154 1256 334 1336 peninsulam
351 1255 460 1333 eflicit,
481 1266 511 1316 et
533 1257 562 1315 iu
581 1275 616 1317 ea
633 1266 735 1335 portus
757 1258 806 1336 qui
821 1268 942 1319 vocatur
959 1256 1061 1319 Castra
1075 1257 1151 1317 Han·

155 1340 274 1415 nibalis,
298 1357 436 1418 nusquam
459 1341 625 1417 angustiore
646 1340 737 1401 ltalia.
759 1339 857 1401 XXM
877 1360 1011 1419 passuum
1032 1342 1151 1403 latitudo

158 1433 210 1485 est.
237 1425 333 1501 itaque
348 1422 504 1497 Dionysius
518 1425 609 1483 maior
623 1425 788 1484 intercisam
807 1441 844 1483 eo
859 1424 927 1484 loco
944 1425 1061 1485 adicere
1078 1426 1151 1486 Sici·

115 1508 214 1571 hiliae
229 1506 327 1566 voluit.
359 1504 468 1565 Amnes
483 1506 522 1564 ibi
542 1507 725 1582 navigabiles
743 1505 899 1582 Carcines,
921 1506 1071 1582 Crotalus,
1093 1510 1147 1569 Se·
1160 1525 1186 1568 1s

157 1592 254 1665 mirus,
270 1589 397 1666 Arogas,
415 1589 566 1666 largires,
584 1590 719 1667 oppidum
733 1590 808 1651 intus
823 1589 935 1665 Petilia,
951 1608 1033 1651 mons
1051 1590 1150 1652 Gliba·
1183 1609 1186 1613 ·

157 1691 225 1748 nus,
248 1674 473 1750 promontorium
491 1672 652 1748 Lacinium,
674 1673 754 1733 cuius
776 1684 842 1735 ante
864 1690 944 1734 oram
965 1673 1058 1734 insulu
1078 1672 1152 1737 XM

157 1774 236 1836 pass.
255 1766 363 1817 aterrn
379 1755 560 1832 Dioscoron,
576 1757 669 1817 altera
684 1754 827 1836 Calypsus
843 1776 927 1838 quarn
943 1756 1085 1835 Ogygiam
1098 1776 1151 1837 up·
1187 1772 1195 1782 ⁸

23 1832 26 1847 ¹
105 1915 110 1920 ,.
158 1839 286 1918 pellasso
313 1838 455 1899 Homerus
481 1842 681 1915 existumatur,
709 1851 863 1919 praeterea
889 1841 980 1916 Tiris,
1006 1840 1150 1917 Eranusa,

158 1922 314 1983 Meloessa.
346 1921 442 2001 Ipsum
463 1940 479 1983 a
501 1920 630 1983 Caulone
654 1923 760 1985 abesse
782 1924 860 1985 LXX
873 1923 903 1985 M
923 1940 1002 2003 pass.
1023 1926 1188 2005 prodidituo

158 2005 299 2085 Agrippa.

117 2098 151 2154 97
224 2091 271 2151 11.
290 2090 447 2152 ALaciuio
471 2093 668 2170 promontorio
691 2091 836 2153 secundus
849 2090 987 2171 Europae
1011 2092 1090 2161 sinus
1111 2094 1152 2152 in·

160 2175 229 2252 cipit
243 2192 347 2252 magno
366 2175 473 2237 ambitu
488 2176 581 2237 llexus
600 2186 629 2236 et
644 2177 863 2238 Acroceraunio
876 2176 958 2257 Epiri
974 2178 1069 2237 linitus
1083 2194 1152 2255 pro·

159 2260 313 2335 montorio,
330 2278 345 2319 a
361 2277 418 2338 quo
431 2260 516 2321 abest
529 2252 632 2321 LXXV
644 2260 673 2321 M
687 2279 765 2340 pass.
792 2260 935 2340 Oppidum
946 2259 1046 2336 Croto,
1062 2262 1153 2321 amnis

159 2340 321 2417 Neaethus,
345 2344 481 2420 oppidum
497 2344 594 2403 Thurii
614 2346 700 2405 iuter.
710 2345 784 2404 duos
798 2362 896 2404 amnes
911 2342 1037 2405 crathim
1052 2353 1081 2404 ct
1098 2345 1151 2418 Sy·
1161 2360 1188 2401 ss

160 2424 266 2496 barim,
285 2424 333 2483 nbi
348 2425 399 2484 luit
413 2425 482 2484 urbs
500 2426 603 2485 eodem
619 2429 743 2485 nomine.
770 2428 900 2487 similiter
917 2436 962 2486 est
977 2428 1053 2486 inter
1067 2427 1155 2486 Sirim
1195 2470 1198 2477 .

143 2515 191 2566 tet
207 2504 315 2566 Acirim
331 2506 464 2567 Heraclia
478 2508 629 2587 aliquando
646 2510 719 2567 Siris
739 2509 874 2569 vocitata.
903 2507 1031 2569 Flumina
1048 2508 1151 2569 Talan-

161 2590 256 2666 drum,
273 2587 460 2665 Casuentum,
484 2590 618 2670 oppidum
633 2590 845 2670 Metapontum,
870 2608 927 2671 quo
947 2593 1032 2653 tertia
1051 2591 1151 2653 ltaliae

119 2675 243 2749 98regio
260 2673 362 2733 linitur.
392 2673 595 2735 Mediterranei
611 2674 781 2735 Bruttiorum
794 2674 950 2752 Aprustani
965 2684 1082 2752 tantum,
1097 2674 1151 2735 Lu·

162 2774 297 2817 canorum
312 2768 405 2819 autem
420 2757 567 2832 Atinates,
590 2757 716 2834 Bantini,
734 2758 870 2835 Eburini,
887 2759 1079 2836 Grumentini,
1098 2758 1187 2819 tro-ar

161 2842 276 2916 teutini,
292 2843 419 2922 Sontini,
435 2842 530 2917 Sirini,
549 2841 706 2919 Tergilani,
722 2842 877 2919 Ursentini,
892 2843 1075 2918 volcentani,
1091 2844 1152 2922 qui·
1222 2908 1225 2913 ,

162 2924 215 2984 bus
228 2924 410 2987 Numestrani
427 2928 587 3003 iunguntur.
612 2926 768 2987 Praeterea
782 2928 916 2988 interisse
934 2926 1050 2989 Thebas
1063 2927 1152 2987 huca-

161 3026 212 3069 nas
229 3006 301 3069 Cato
316 3020 416 3070 auctor
433 3020 491 3087 est,
516 3020 546 3069 et
559 3008 735 3073 Mardonium
748 3011 925 3071 Lucanorum
945 3012 1046 3073 urbem
1062 3012 1152 3071 fuisse

163 3090 383 3170 Theopompus,
400 3095 428 3152 in
443 3112 498 3172 qua
513 3092 680 3155 Alexander
696 3094 833 3173 Epirotes
847 3094 1027 3161 occubuerit.

1 3196 3 3200 ·
121 3186 155 3242 99
224 3174 307 3253 (16.)
324 3172 491 3237 conectitur
505 3178 631 3239 secunda
646 3181 729 3255 regio
745 3180 878 3257 amplexa
892 3178 1045 3257 Hirpinos,
1069 3176 1152 3240 Cula-
1162 3193 1188 3235 us

162 3257 268 3333 briam,
289 3257 438 3335 Apuliam,
462 3261 625 3322 salentinos
640 3259 712 3321 CCL
726 3261 756 3322 M
776 3266 838 3323 sinu
855 3266 903 3342 qui
919 3263 1088 3325 Tarentinus
1101 3279 1150 3338 op·

163 3340 288 3420 pellatur
302 3342 338 3401 ab
355 3343 463 3419 oppido
474 3342 618 3405 Laeonum
632 3346 661 3404 in
675 3364 796 3407 recessu
811 3347 868 3407 hoc
882 3349 989 3407 intumo
1001 3347 1067 3418 sito,
1083 3360 1151 3404 con·

163 3424 269 3487 tributa
284 3443 321 3487 eo
337 3426 474 3489 maritima
491 3429 604 3491 colonia
621 3447 696 3510 quae
711 3430 751 3491 ihi
766 3431 868 3493 iuerat.
898 3429 992 3493 Abest
1006 3424 1153 3493 cxxxvi

212 3676 222 3687 .

218 3692 220 3697 ’
260 3698 303 3745 trs
