2542 3842
148 180 205 239 154
441 264 445 271 Ι
487 178 516 237 b.
535 190 630 237 rnrur
646 188 795 237 saeuum
814 241 819 245 ⁵

103 356 151 409 191
220 343 270 404 69.
288 342 371 421 (88.)
391 340 437 403 Ex
464 342 596 403 sensibus
620 352 686 403 ante
706 352 804 403 cetera
821 342 927 402 bomini
941 350 1052 419 tactus,
1076 346 1145 406 dein

143 436 284 505 gustatus.
315 426 434 505 reliquis
456 436 647 505 superatura
676 427 782 486 multis.
813 426 928 505 aquilae
950 426 1053 487 clarius
1073 448 1143 489 cer·

144 520 227 585 nunt,
250 511 380 570 voltures
402 512 535 587 sagacius
554 512 726 585 odorantur,
750 510 884 588 liquidius
899 509 1013 569 audiunt
1032 512 1142 590 talpae.

144 595 264 655 obrutae
277 604 365 669 terra,
380 604 436 653 tam
454 595 544 654 denso
554 603 640 673 atque
652 594 738 653 surdo
750 602 868 653 naturae
887 594 1042 673 elemento,
1056 614 1141 673 prae·

144 690 225 739 terea
241 688 317 737 vote
330 679 404 737 omni
417 680 444 736 in
451 678 578 741 sublime
593 677 739 753 tendente,
757 694 919 737 sermonem
933 679 1085 740 exaudiunt
1099 690 1140 755 et,
1158 704 1171 741 s

115 765 169 822 ,si
192 763 228 821 de
250 764 284 822 iis
308 764 446 841 loquare,
472 762 645 838 intellegere
668 763 754 820 etiam
776 762 954 821 dicunturet
970 764 1141 840 profugere.

103 845 281 910 lauduinus
305 848 350 905 cui
371 845 511 904 hominum
529 848 620 923 primo
645 854 766 922 negatas
785 854 847 919 est,
871 844 938 904 huic
957 855 986 905 ct
1001 847 1142 905 sermonis

143 949 212 1010 usus
228 930 357 1005 ablatus,
378 945 433 987 nec
449 937 512 987 sunt
527 927 693 988 naturaliter
708 929 785 987 surdi
806 937 837 987 ut
858 944 915 987 non
931 930 1017 989 iidem
1042 932 1098 989 sint
1114 940 1143 988 et

143 1015 221 1073 muti.
248 1014 279 1073 ln
296 1013 410 1073 marinis
427 1013 532 1071 ostreis
548 1011 756 1085 auditumesse
772 1030 830 1088 pon
845 1022 890 1071 est
902 1014 1072 1089 verisimile,
1090 1014 1141 1074 sed

72 1121 74 1127 ·
143 1098 179 1161 ad
195 1114 294 1158 sonum
314 1113 447 1173 mergere
466 1114 499 1155 se
515 1095 787 1155 dicuntursolenes.
818 1096 885 1155 ideo
909 1107 938 1156 et
954 1098 1096 1157 silentium
1113 1101 1177 1155 insu

143 1184 213 1242 mari
228 1180 414 1261 piscantibus.
428 1220 431 1236 ,

102 1275 152 1329 193
219 1266 268 1326 70.
289 1263 371 1343 (89.)
387 1264 487 1323 Pisces
500 1263 613 1342 quidem
629 1264 739 1323 auditus
754 1282 810 1323 nec
825 1262 951 1324 membra
966 1263 1072 1324 babent
1086 1282 1139 1323 nec

143 1350 292 1423 foramina,
310 1349 408 1408 audire
425 1358 519 1408 tamen
535 1364 587 1405 eos
604 1348 697 1426 palam
710 1357 764 1422 est,
782 1350 825 1425 [ut
839 1348 942 1425 patet}
961 1366 1024 1407 cuna
1040 1349 1141 1426 plausu

144 1435 318 1510 congregari
333 1432 413 1491 ieros
430 1433 466 1491 ud
484 1430 576 1499 cibum
596 1431 784 1490 adsuetudine
799 1432 825 1489 in
844 1430 1009 1509 quibusdam
1025 1434 1141 1491 vivariis

77 1575 82 1584 .
145 1526 303 1596 spectetur,
332 1516 404 1574 etin
422 1514 539 1593 piscinis
557 1513 691 1573 Caesaris
711 1532 821 1589 genera
843 1517 963 1592 piscium
981 1516 1017 1575 ad
1036 1534 1177 1578 nomenun
1256 1521 1257 1566 ἱ

143 1603 254 1671 uenire,
266 1598 462 1675 quosdamque
473 1598 611 1673 singulos.
631 1599 727 1674 itaque
744 1598 900 1675 produntur
915 1600 1000 1657 etiam
1016 1600 1140 1659 clarissi-

143 1702 188 1743 me
200 1682 296 1740 audire
311 1681 409 1756 mugil,
423 1680 518 1757 lupus,
533 1681 625 1755 salpa,
640 1680 775 1752 chromis,
784 1688 813 1736 et
823 1679 890 1737 ideo
902 1683 930 1737 in
942 1680 1016 1739 vado
1030 1684 1138 1740 vivere.

103 1778 153 1830 194
226 1764 309 1840 (90.)
331 1762 472 1821 Ollaotum
488 1764 522 1821 lis
540 1780 607 1820 esse
623 1763 772 1820 manifeste
784 1770 872 1837 patet,
889 1764 997 1838 quippe
1009 1782 1066 1823 non
1082 1783 1140 1823 om·

143 1866 194 1907 nes
208 1846 310 1905 eadem
327 1863 395 1904 esca
411 1846 560 1923 capiuntur
575 1855 604 1905 et
618 1846 699 1922 prius
716 1861 800 1922 quam
820 1844 955 1920 adpetant
971 1846 1140 1905 odorantur.

143 1931 282 2010 quosdam
298 1938 327 1988 et
345 1929 491 2008 speluncis
508 1930 622 1988 latentis
640 1929 814 1988 salsamento
830 1928 916 1987 inlitis
931 1928 1062 1988 lancibus
1074 1948 1142 1989 sco·
1152 1952 1179 1991 so

143 2014 203 2093 puli
220 2016 348 2093 piscator
364 2014 486 2091 expellit
500 2013 588 2071 veluti
609 2014 653 2071 sul
674 2012 824 2072 cadaveris
840 2012 1012 2088 agnitionem
1029 2014 1142 2091 lugien-

141 2101 190 2174 tis,
208 2100 438 2177 conveniuntque
449 2116 491 2167 ,ax
504 2097 562 2155 alto
581 2096 717 2156 etiamad
742 2096 881 2173 quosdam
896 2096 1061 2171 odores,*ut
1078 2116 1140 2157 sae-

144 2185 220 2262 piam
236 2192 329 2242 ustam
347 2192 376 2241 et
391 2181 540 2260 polypum,
557 2198 630 2259 quae
646 2180 713 2240 ideo
731 2189 872 2257 coguntur
888 2182 916 2239 in
930 2197 1041 2239 nassas.
1077 2200 1139 2241 sen·
1180 2211 1184 2223 =

143 2268 220 2327 tinae
236 2268 351 2345 quidem
368 2267 480 2325 navium
498 2265 616 2324 odorem
640 2263 742 2341 procul
760 2264 881 2341 lugiunt,
900 2280 1032 2322 innume
1047 2274 1138 2324 tamen

103 2361 152 2415 195
161 2354 281 2430 piscium
298 2351 474 2424 sanguinem.
504 2346 568 2406 Non
583 2356 680 2425 potest
696 2348 787 2425 petris
799 2347 888 2406 auelli
906 2347 1041 2425 polypus.
1065 2349 1174 2407 idemas
1256 2387 1257 2402 .

145 2434 239 2495 cunila
260 2432 372 2492 admota
394 2431 429 2489 ab
445 2430 536 2491 odore
562 2433 692 2508 protinus
713 2430 815 2489 resilit.
852 2448 998 2508 purpurae
1025 2449 1140 2509 quoque
1202 2442 1207 2460 ¹
1256 2429 1257 2500 Ϊ

145 2518 259 2578 faetidis
273 2516 431 2592 capiuntur.
448 2532 512 2572 nam
528 2514 563 2573 de
580 2514 693 2590 reliquo
710 2514 870 2573 animalium
887 2532 998 2589 genere
1013 2516 1075 2591 quis
1091 2514 1158 2573 du.
1256 2551 1257 2590 3

144 2596 241 2661 bitet?
266 2615 370 2657 cornus
388 2598 495 2656 cervini
510 2596 601 2655 odore
620 2606 773 2674 serpentes
784 2598 927 2673 fugantur,
944 2592 997 2659 sed
1010 2614 1139 2656 maxume

146 2683 279 2756 styracis.
312 2682 422 2758 origani
448 2690 495 2739 aut
511 2680 601 2739 calcis
618 2689 665 2739 aut
686 2680 812 2758 sulpuris
833 2681 972 2741 formicae
992 2690 1139 2740 necantur.

145 2766 356 2849 culiceslacida
382 2774 497 2842 petunt,
527 2764 562 2823 ad
588 2763 683 2824 dulcia
699 2782 756 2822 non
782 2764 926 2824 aduolant.
961 2765 1010 2823 71.
1036 2764 1176 2825 Tactusao

146 2868 249 2909 sensus
266 2848 395 2909 omnibus
408 2857 462 2924 est,
480 2849 564 2907 etiam
579 2847 683 2925 quibus
696 2848 791 2907 nullus
807 2848 889 2907 alius.
911 2866 975 2907 nam
991 2857 1021 2907 et
1036 2850 1142 2907 ostreis

146 2943 175 2993 et
188 2935 365 2993 terrestrium
380 2932 523 2991 vermibus
540 2948 665 3009 quoque.

105 3026 155 3083 196
227 3018 310 3096 (91.)
333 3015 569 3076 Existumaverim
591 3016 721 3074 omnibns
743 3034 859 3075 sensnm
876 3024 1047 3091 etgustatus
1064 3034 1141 3074 esse.

44 3146 49 3160 .
147 3121 198 3162 cur
224 3102 298 3161 enim
313 3101 385 3161 alios
404 3100 460 3159 alis
476 3117 598 3179 sapores
621 3096 777 3177 adpetant?
798 3100 827 3157 in
850 3118 906 3177 quo
922 3098 970 3159 vel
987 3100 1142 3178 praecipua
1183 3093 1187 3099 ’

87 3254 88 3257 ¹
146 3196 263 3247 naturae
278 3184 428 3244 architecti
445 3186 499 3243 vis.
530 3184 586 3244 alis
602 3182 735 3243 dentibus
753 3183 940 3261 praedantur,
964 3183 1019 3243 ulia
1042 3183 1178 3259 ungui-as

146 3270 210 3343 bus,
227 3269 283 3327 alia
298 3268 384 3326 rostri
401 3267 562 3328 aduncitate
580 3276 710 3344 carpunt,
727 3267 782 3326 alia
798 3266 944 3327 latitudine
961 3269 1071 3340 eruunt,
1087 3266 1142 3325 alia

148 3352 278 3411 acumine
300 3359 454 3425 excavant,
472 3350 526 3408 alia
550 3358 665 3425 sugunt,
688 3350 743 3409 alia
761 3348 897 3424 lambunt,
914 3350 1044 3424 sorbent,
1064 3367 1156 3408 mann

148 3434 225 3509 dunt,
240 3443 352 3494 vorant.
383 3451 438 3493 nec
452 3434 544 3493 minor
557 3433 683 3492 varietas
698 3435 727 3492 in
742 3434 848 3511 pedum
860 3435 1029 3509 ministerio,
1052 3443 1083 3491 ut
1096 3451 1141 3491 ra-
