2542 3842
177 178 219 240 96
520 188 550 236 c.
573 188 669 235 ruam
690 187 841 237 succum

178 344 333 421 sexagenis
347 343 449 405 diebus
464 345 565 419 latent,
580 352 612 403 ut
626 344 763 421 glaucus,
786 341 887 417 aselli,
904 349 1031 402 auratae.
1061 339 1177 403 Plus*

177 429 266 489 tilium
282 428 386 488 silurus
402 429 550 489 caniculae
563 438 668 489 exortu
683 428 835 501 sidentur,
851 436 882 485 et
897 426 967 486 alias
989 442 1107 503 semper
1122 425 1176 485 iul·

178 530 251 590 qure
279 514 399 591 sepitur.
431 512 489 572 hoc
510 520 538 571 et
558 514 677 571 inmari
707 512 842 571 accidere
866 512 987 588 cyprino
1012 517 1121 587 putant.
1149 518 1179 571 et

136 624 140 639 ι
178 596 286 673 alioqui
301 605 390 655 totum
404 614 483 657 mare
501 597 587 656 sentit
603 604 734 655 exortum
747 597 810 654 eius
826 595 942 669 sideris,
954 594 1032 672 quod
1046 610 1177 653 maxume

179 682 207 739 in
221 678 354 758 bosporo
370 680 499 759 adparet.
516 680 583 757 alga
599 682 674 739 euim
685 688 715 738 et
726 680 825 757 pisces
837 678 1068 757 superferuntur,
1084 679 1201 737 omuiat

179 763 215 824 ab
234 765 291 823 imo
307 782 401 823 versa.

137 857 172 913 59
243 849 291 908 17.
309 848 393 927 (26.)
416 846 553 925 Mugilum
568 857 669 908 natura
681 846 791 906 ridetur
800 849 835 926 in
850 856 929 907 metu
944 848 1041 925 capite
1053 844 1179 905 abscou-

181 931 239 991 dito
255 940 334 991 totos
350 948 382 991 se
398 931 537 991 occultari
554 932 741 994 credentium.
772 931 873 991 iisdem
896 940 957 991 tam
968 932 1081 989 incauta
1104 928 1179 989 sala·

182 1017 252 1075 citas
269 1026 298 1075 ut
313 1018 341 1076 in
356 1014 503 1075 Phoenice
520 1026 548 1075 et
566 1015 749 1075 Narbonensi
771 1016 921 1093 provincia
937 1016 1032 1074 coitus
1045 1024 1179 1091 tempore

181 1116 198 1158 e
212 1100 328 1159 riveriis
343 1116 450 1159 marem
467 1100 533 1159 linia
549 1100 704 1178 longinqua
719 1116 774 1178 per
787 1116 821 1158 os
833 1100 870 1159 ad
887 1098 1038 1159 branchias
1055 1098 1177 1173 religata
1188 1116 1210 1158 ιο

134 1218 139 1227 ·
182 1185 315 1243 emissum
330 1185 359 1241 in
375 1200 454 1243 mare
477 1184 637 1262 eademque
655 1183 721 1243 linia
740 1191 895 1244 retractum
915 1184 1039 1243 feminae
1054 1198 1178 1260 sequan-

179 1276 225 1327 tur
241 1268 276 1327 ad
292 1267 359 1326 litus
374 1286 531 1345 rursusque
547 1268 680 1327 feminam
695 1284 789 1326 mares
801 1278 899 1347 partus
919 1276 1062 1344 tempore.

137 1358 173 1414 60
243 1350 326 1429 (27.)
345 1351 431 1428 hpud
446 1355 577 1431 antiquos
594 1352 715 1430 piscium
730 1351 926 1413 nobilissimus
937 1350 1051 1412 habitus
1061 1350 1196 1429 acipen··

181 1450 239 1510 ser,
256 1451 327 1493 unus
343 1436 465 1495 omnium
479 1436 605 1515 squamis
617 1435 653 1495 ad
663 1452 698 1493 os
713 1438 817 1511 versis,
831 1445 932 1495 eontra
947 1452 1031 1513 quam
1044 1436 1073 1493 in
1085 1433 1179 1494 nando

180 1527 290 1593 meant,
314 1518 393 1577 nullo
417 1537 491 1578 nunc
507 1519 661 1579 inhonore
679 1527 733 1593 est,
760 1520 838 1599 qood
858 1519 974 1598 quidem
986 1520 1089 1594 miror,
1114 1534 1211 1579 cumo

181 1604 218 1661 sit
233 1618 314 1661 rarus
328 1603 453 1663 inventu.
486 1606 599 1681 quldam
616 1619 680 1662 enm
695 1602 812 1681 elopem
826 1610 943 1662 vocant.

138 1696 171 1750 61
241 1682 323 1765 (28.)
341 1686 445 1745 Postea
462 1688 857 1764 praecipuamauctoritatem
871 1685 962 1744 luisse
979 1685 1047 1762 lupo
1062 1684 1178 1744 etasel·

181 1768 216 1827 lis
239 1764 392 1827 Gemellus
417 1766 517 1847 Nepos
540 1778 569 1828 et
590 1768 728 1828 Laberius
750 1779 837 1847 poeta
852 1770 1000 1828 mimorum
1020 1769 1179 1828 tradidere.

180 1852 311 1928 luporum
334 1851 519 1911 laudatissimi
537 1854 585 1931 qui
607 1852 788 1931 appellantur
803 1852 890 1912 lanati
912 1850 1070 1912 acandore
1085 1850 1180 1912 molli·

180 1934 277 2014 tiaque
293 1936 397 1995 carnis.
427 1936 583 1996 asellorum
601 1936 657 1996 dno
673 1953 793 2013 genera,
808 1934 912 2011 collyri
927 1936 1051 1995 minores
1065 1944 1095 1994 et
1111 1936 1210 2006 bac-20

182 2018 238 2096 chi,
262 2020 309 2099 qui
330 2036 387 2079 uon
403 2022 457 2081 uisi
481 2022 508 2079 in
526 2022 584 2081 alto
601 2021 770 2101 capiuntur,
793 2020 861 2080 ideo
881 2018 1005 2100 praelati
1020 2018 1177 2098 prioribus.

181 2112 209 2163 at
225 2106 253 2162 in
269 2103 344 2183 lupis
360 2106 388 2165 in
404 2123 485 2165 amne
502 2107 579 2185 capti
596 2105 806 2184 praeferuntur.

138 2194 173 2251 62
222 2186 305 2269 (29.)
328 2186 410 2249 Nunc
426 2192 603 2269 principatus
624 2206 709 2249 scaro
724 2189 817 2265 datur,
841 2188 983 2268 qui‘solus
1000 2187 1122 2265 piscium
1138 2187 1179 2246 di·

182 2272 255 2331 citur
269 2275 410 2333 ruminare
427 2274 585 2353 herbisque
601 2275 700 2349 vesci,
718 2291 775 2333 uon
791 2274 854 2333 aliis
869 2271 1009 2351 piscibus,
1022 2269 1178 2349 Carpathio

134 2376 138 2381 ’
180 2373 310 2415 maxume
327 2358 397 2414 mari
412 2356 559 2435 frequens.
591 2359 816 2435 promontorium
831 2356 953 2417 Troadis
968 2354 1085 2414 lectum
1101 2370 1213 2425 num-25

114 2492 121 2505 ,
201 2458 263 2499 uam
279 2446 382 2515 sponte
398 2440 507 2500 transit.
537 2440 603 2503 inde
619 2440 758 2500 adrectos
773 2439 892 2499 'liberio
907 2438 1030 2500 Claudio
1045 2438 1181 2518 principe

181 2458 301 2600 dptatus
314 2518 471 2601 Elipertius
486 2524 654 2603 praelectus
669 2524 772 2583 classis
789 2526 862 2583 inter
871 2523 1033 2583 Ostiensem
1048 2532 1077 2583 et
1094 2520 1180 2581 Gam-

138 2604 282 2683 53paniae
300 2599 379 2665 oram
397 2624 515 2685 sparsos
531 2607 737 2666 disseminavit.
762 2609 955 2686 quinquennio
970 2607 1034 2667 iere
1050 2622 1116 2666 cura
1130 2614 1182 2665 est

142 2738 149 2750 ,
180 2684 306 2749 adhibita
321 2698 351 2748 ut
372 2692 447 2770 capti
466 2690 658 2751 redderentur
670 2692 750 2750 mari.
783 2700 886 2771 postea
908 2691 1076 2771 frequentes
1096 2690 1180 2749 inre·

181 2772 294 2832 ciuntur
316 2772 415 2834 ltaliae
431 2774 533 2853 lbere,
555 2792 613 2834 non
633 2784 716 2835 antea
736 2774 776 2836 ibi
800 2776 886 2854 capti.
918 2773 1100 2853 admovitque
1123 2772 1214 2849 siblw

180 2856 248 2935 gula
264 2874 387 2937 sapores
404 2858 532 2938 piscibus
548 2860 617 2919 satis
634 2868 664 2919 et
679 2876 784 2920 norom
805 2858 929 2921 incolam
946 2859 1016 2918 mari
1032 2857 1123 2933 dedit,
1142 2875 1179 2916 ne

181 2940 244 3019 quis
268 2942 438 3020 peregrinas
460 2945 520 3003 avis
544 2942 654 3003 Romae
675 2960 780 3022 parere
804 2944 931 3002 miretur.
967 2941 1111 3003 Proxuma
1134 2948 1181 3001 est

179 3041 278 3084 mensa
301 3026 392 3086 iecori
412 3027 555 3089 dumtaxat
570 3028 770 3102 mustelarum,
787 3044 873 3105 quas,
896 3028 996 3086 mirum
1020 3027 1114 3101 dictu,
1135 3027 1179 3085 in·
1251 3047 1252 3058 ι

180 3118 225 3168 ter
242 3108 327 3187 Alpis
342 3128 459 3190 quoque
482 3112 562 3171 lacus
578 3110 697 3171 llaetiae
715 3110 896 3189 Brigantinus
917 3111 1044 3171 aemulas
1061 3110 1180 3171 marinis

115 3254 121 3274 ’
138 3201 326 3355 bigqnffi)
343 3274 388 3335 lix
407 3277 519 3355 reliqua
534 3278 683 3339 nobilitate
697 3287 727 3338 et
740 3281 831 3357 matie
842 3291 972 3341 muana
988 3288 1075 3338 estet
1091 3210 1216 3359 copia³⁶

180 3357 287 3433 mullis,
303 3361 376 3418 sieut
390 3361 553 3437 magnitudo
565 3352 688 3437 modica,
704 3361 843 3444 binasque
858 3363 949 3425 libras
960 3363 1099 3442 ponderis
1110 3380 1181 3423 raro

181 3440 331 3501 admodum
355 3451 546 3520 exsuperant,
569 3448 672 3504 necin
694 3447 811 3506 vivariis
833 3447 1009 3527 piscinisque
1030 3456 1180 3509 crescunt.

1245 3515 1251 3816 l
