2542 3842
141 112 182 172 40
481 119 511 166 c.
529 120 627 171 nunna
649 118 799 165 sucunnr
826 157 828 165 ,

99 276 235 342 macheu
255 274 377 349 Pyrrus,
397 284 548 351 utramque
572 273 600 331 iu
626 271 722 333 Grata.
765 292 880 332 versum
901 273 1020 333 heroum
1040 274 1142 350 Pythio

142 359 261 419 oraculo
280 357 427 419 debemus.
459 360 495 418 de
511 368 673 435 poematum
689 360 800 434 origine
819 376 921 433 magna
938 361 1071 435 quaestio
1087 366 1141 419 est.

142 441 1140 520 mmDmmmMMmmwmmhmepmmommm

143 528 269 588 condere
286 526 473 600 Pherecydes
488 527 588 600 Syrius
602 526 722 585 instituit
740 522 808 599 Gyri
824 526 903 601 regis
922 534 1033 600 aetate,
1052 526 1142 585 histo·

141 615 211 672 riam
234 608 358 670 Cadmus
374 609 519 684 Milesius,
540 610 624 669 ludos
647 612 798 685 gymnicos
818 610 846 667 in
867 608 992 669 Arcadia
1014 609 1141 686 Lycaon,
1155 628 1187 667 s·
1256 630 1257 657 t

142 694 271 756 iunebris
286 694 412 753 Acastus
429 692 527 768 lolco,
545 702 612 770 post
628 712 693 769 eum
708 692 839 751 Theseus
855 694 883 751 in
898 692 1016 768 Isthmo,
1033 694 1143 753 Hercu·

142 780 186 839 les
203 776 354 856 Olympiae
370 777 549 851 athleticam,
570 776 677 850 Pythus
695 777 780 853 pilam
788 776 949 851 lusoriam,
974 777 1073 853 Gyges
1088 777 1143 853 Ly·

142 858 1143 939 Hmmmhmmmmfflmmfflfflfflfflmo

141 954 245 1024 gnatus
262 955 293 1004 ut
306 944 456 1004 Aristoteli
473 944 585 1022 placet,
602 954 632 1002 ut
648 944 850 1023 Theophrasto
863 944 1041 1022 Polygnotus
1053 944 1143 1005 Athe·

100 1031 275 1095 aufiniensis.
292 1046 364 1088 nave
377 1030 484 1106 primus
495 1030 524 1087 in
532 1026 683 1110 Graeciam
695 1046 732 1087 ex
741 1029 879 1107 Aegypto
889 1028 1003 1089 Danaus
1016 1029 1179 1089 advenitio

141 1122 225 1176 antea
241 1112 348 1172 ratibus
366 1111 553 1189 navigabatur
563 1114 694 1171 inventis.
704 1115 730 1171 in
746 1116 815 1172 mari
832 1112 931 1173 Rubro
947 1116 1022 1172 inter
1036 1113 1144 1173 insulas

42 1213 49 1221 ’
140 1216 244 1276 arege
263 1196 396 1271 Erythra.
427 1198 610 1275 reperiuntur
632 1198 679 1275 qui
700 1194 799 1271 Mysos
818 1207 846 1256 et
865 1196 1005 1276 Troianos
1030 1198 1144 1274 priores

142 1284 329 1359 excogitasse
350 1283 378 1339 iu
398 1280 591 1357 Hellesponto
612 1288 728 1359 putent,
754 1300 818 1341 cum
835 1282 989 1340 transirent
1005 1280 1144 1340 adversus

142 1366 279 1428 Thra‘cas.
318 1366 477 1424 etiamnunc
496 1366 525 1422 in
545 1364 709 1423 Britannico
731 1382 842 1425 oceano
866 1364 964 1424 vitiles
988 1367 1069 1423 corio
1090 1366 1144 1424 cir·

142 1460 289 1511 cumsutae
314 1449 397 1523 liunt,
421 1451 449 1507 in
469 1447 535 1506 Nilo
558 1466 596 1506 ex
620 1466 733 1533 papyro
757 1458 786 1507 et
804 1450 902 1527 scirpo
923 1460 953 1508 et
972 1448 1141 1510 harundine.
1156 1468 1181 1509 rs

98 1543 150 1598 noi
159 1535 246 1609 longa
257 1550 331 1590 nave
344 1532 476 1591 Iasonem
488 1534 607 1609 primurn
619 1534 774 1607 navigasse
787 1532 1027 1611 Philostephanus
1042 1543 1145 1593 auctor

141 1627 202 1691 est,
226 1613 367 1690 Hegesias
393 1614 538 1689 Paralum,
565 1613 678 1673 Ctesias
705 1616 897 1689 Samiramim,
925 1613 1145 1676 Archemadhus

140 1700 338 1774 Aegaeonem,
351 1696 493 1756 'biremem
504 1696 656 1756 Damastes
667 1696 844 1772 Erythraeos
860 1699 980 1771 iecisse,
997 1702 1147 1759 triremem

141 1780 323 1853 Thucydides
340 1780 510 1841 Aminoolen
530 1778 723 1855 Corinthium,
740 1782 950 1859 quadriremem
966 1781 1147 1843 Aristoteles

35 1862 1257 1943 ,mfflwmssmwmmmffimmmmmm,

142 1948 1181 2025 mffimhwmffimmmmmmmmwmfflw,

140 2034 246 2109 sigiton
267 2032 462 2093 Alexandrum
477 2032 628 2110 Hagnum,
651 2032 686 2093 ad
701 2046 754 2093 ΧΠ
769 2034 886 2093 ordines
902 2031 1146 2110 Philostephanus

140 2118 336 2178 Ptolemaeum
352 2118 496 2193 Soterem,
516 2118 552 2177 ad
569 2118 731 2197 quindecim
747 2116 923 2177 Demetrium
941 2118 1088 2195 Antigoni,
1108 2118 1146 2177 ad

140 2215 214 2262 xxx
236 2202 431 2262 Ptolemaeum
452 2201 686 2279 Philadelphum,
708 2202 744 2261 ad
763 2216 810 2261 xt.
831 2202 1027 2262 Ptolemaeum
1048 2200 1142 2260 Philo-

140 2296 273 2364 patorem
289 2290 338 2363 qui
359 2284 496 2363 Tryphon
517 2288 734 2361 cognominatus
756 2296 810 2345 est.
849 2288 1009 2345 onerariam
1030 2284 1141 2365 Hippus
1151 2302 1181 2343 as

140 2368 243 2446 Tyrius
258 2370 381 2442 invenit,
397 2368 521 2428 lembum
537 2367 738 2443 Cyrenenses,
756 2368 884 2443 cymbam
896 2369 1075 2443 Phoenices,
1093 2384 1141 2426 ce-

98 2455 248 2518 materen
262 2450 382 2525 Rhodii,
406 2469 556 2526 cercyrum
574 2450 684 2531 Cyprii.
723 2452 848 2511 siderum
863 2452 1098 2511 observationem
1114 2452 1144 2509 in

139 2534 300 2611 navigando
324 2533 502 2611 Phoenices,
524 2552 632 2594 remum
658 2533 774 2612 (lupae,
798 2534 972 2595 latitudinem
995 2536 1057 2595 eius
1079 2534 1143 2594 Pla-

140 2631 241 2692 taeae,
257 2616 323 2677 vela
338 2618 453 2694 lcarus,
469 2618 573 2679 malum
592 2626 621 2677 et
638 2627 787 2681 antennam
802 2618 967 2695 Daedalus,
984 2618 1143 2699 hippegum

106 2702 1180 2779 ifflfflmffimmmmmmmwfflfflmw

142 2804 180 2845 ex
195 2804 282 2863 prora
298 2796 404 2847 tantum
420 2797 450 2848 et
463 2788 554 2865 puppi
570 2786 759 2865 pugnabatur.
791 2796 885 2847 rostra
901 2787 1007 2847 addidit
1023 2786 1144 2846 Pisaeus

140 2868 296 2946 Tyrrenus,
312 2882 447 2932 ancoram
458 2870 644 2949 Eupalamus,
662 2870 781 2931 eandem
794 2870 940 2931 bidentem
953 2870 1142 2945 Anacharsis,

139 2950 325 3033 harpagones
341 2965 370 3014 et
381 2974 479 3016 manus
493 2954 623 3029 Pericles
636 2954 833 3030 Atheniensis,
851 2954 1020 3015 adminicula
1035 2952 1142 3033 guber·

140 3039 224 3099 naudi
240 3036 357 3115 Tiphys.
385 3040 480 3099 classe
498 3041 635 3118 princeps
651 3038 827 3119 depugnavit
841 3036 944 3099 Minos.
971 3036 1073 3098 animal
1092 3054 1141 3098 oc·

142 3119 210 3181 cidit
226 3124 333 3199 primus
348 3122 510 3199 Hyperbius
526 3120 625 3183 blartis
644 3124 733 3198 lulius,
750 3121 938 3183 Prometheus
954 3121 1069 3181 bovem.
1152 3142 1179 3183 as

99 3214 151 3267 ²10
202 3206 252 3266 st.
277 3203 360 3282 (58.)
390 3204 517 3266 Gentium
532 3225 692 3267 consensus
704 3207 926 3284 tacitusprimus
938 3207 1060 3283 omnium
1072 3222 1141 3265 con·

141 3289 260 3367 spiravit
270 3296 300 3347 ut
310 3285 409 3347 lunum
420 3288 523 3349 litteris
534 3299 691 3349 uterentur.
717 3290 765 3351 58.
779 3298 897 3349 veteres
910 3288 1036 3350 Graecas
1049 3290 1140 3348 fuisse

141 3370 258 3429 easdem
279 3387 372 3448 paene
395 3388 469 3447 quae
492 3390 567 3462 uupc
587 3376 643 3431 sint
665 3372 780 3474 latinae
797 3374 905 3433 iudicio
923 3376 977 3433 erit
997 3372 1141 3451 Delphina
