2542 3842
332 184 719 275 nnn.'n1sn.xr.18—-at.
752 182 906 261 (tn-nt.)
1057 181 1117 244 toa
1137 193 1142 202 ’

118 350 205 413 scitur
227 357 256 408 et
271 347 407 425 relinquit
431 355 616 407 excrementa
632 366 650 406 o
664 346 769 425 quibus
784 348 934 407 teredines
947 344 1125 426 gignuntur(

118 435 164 495 fila
181 434 266 493 enam
284 447 440 506 araneosa,
459 448 639 509 quacumque
653 431 789 504 incessit,
806 431 916 491 alarum
929 447 1061 493 maxume
1073 435 1118 495 la·

117 518 223 595 ungine
248 516 369 575 obtexit.
416 513 579 583 Nascuntur
597 525 625 573 et
647 516 760 593 inipso
782 514 862 594 ligno
880 516 1162 597 teramnesqnaeott

118 606 201 661 ceras
219 600 377 679 praecipue
399 598 546 677 adpetunt.
582 599 700 659 infestat
714 607 743 658 et
757 600 878 659 avidum
901 610 1017 678 pastus,
1033 604 1118 665 nimia

96 686 219 753 illorum
241 685 374 743 satietate
396 699 486 741 verno
505 700 635 742 maxume
651 692 783 761 tempore
803 683 871 743 alno
888 685 953 743 citat
971 685 1039 745 oleo
1056 690 1117 764 qui·
1189 729 1191 733 ι
1260 711 1261 734 ³

117 772 252 831 lemnon
268 785 339 847 apes
354 776 461 826 tantum
477 767 530 826 sed
548 768 642 827 omnia
656 768 767 827 insecta
783 768 989 843 exanimantur,
1003 772 1117 846 praeci·
1260 815 1261 822 .

52 912 55 919 ,
117 870 173 933 pue
195 853 219 910 si
243 853 338 931 capite
360 858 447 911 uncto
472 852 500 909 in
522 850 587 911 sole
609 860 761 929 ponantur.
808 851 975 929 Aliquando
989 862 1019 911 et
1034 856 1116 933 ipsae
1126 865 1160 922 67

118 935 287 997 contrahunt
304 935 403 993 mortis
420 933 474 994 sibi
490 952 604 1009 causas,
621 952 685 993 curn
702 950 823 995 sensere
839 935 1039 1012 criminans,
1058 941 1117 998 avi·
1260 943 1261 948 ’

117 1019 153 1080 dc
169 1029 316 1095 vorantes,
334 1026 435 1078 cetero
454 1036 646 1097 praeparcae,
663 1028 694 1078 et
708 1035 784 1097 quae
799 1018 907 1097 alioqui
921 1020 1061 1098 prodigas
1076 1032 1118 1081 at·

83 1122 172 1183 mque
186 1104 284 1164 edacis
299 1118 356 1161 non
372 1118 458 1161 secus
474 1120 508 1163 ac
519 1103 617 1181 pigras
633 1112 720 1181 atque
731 1105 851 1179 ignaras
862 1102 1043 1180 proturbant,
1059 1104 1118 1163 No·
1206 1165 1209 1168 a
1260 1129 1261 1134 ¹

118 1197 183 1247 cent
200 1197 230 1247 et
246 1204 297 1246 sua
314 1186 401 1245 mella
417 1186 499 1264 ipsis,
511 1186 668 1269 inlitaeque
682 1186 719 1246 ab
730 1204 835 1247 aversa
850 1196 933 1263 parte
948 1189 1116 1247 moriuntur.

117 1270 172 1332 'lot
188 1272 331 1347 hostibus,
348 1279 392 1330 tot
403 1269 603 1329 casibus—et
619 1280 735 1347 quotam
752 1272 914 1348 pomiouem
927 1285 1027 1331 comm
1039 1288 1117 1331 com·

116 1353 267 1415 memoro?
284 1388 326 1401 —-
340 1363 396 1414 tam
411 1354 573 1413 munificum
588 1352 700 1414 'animal
719 1356 891 1432 expositum-
904 1364 959 1413 est
990 1355 1119 1415 remedie

118 1440 245 1499 dicemus
261 1440 320 1497 suis
336 1438 419 1497 loeis.
449 1456 524 1497 nunc
541 1438 615 1497 enim
626 1455 723 1516 sermo
738 1438 776 1499 de
790 1448 891 1497 natura
901 1447 956 1497 est.

83 1537 107 1579 ss
181 1524 230 1584 20.
245 1521 328 1600 (22.)
346 1521 475 1583 Gaudent
490 1522 593 1600 plausu
610 1531 697 1599 atque
713 1522 813 1581 tinnitu
831 1524 920 1596 aeris,
936 1540 1032 1600 eoque
1048 1532 1164 1587 eon-ott

116 1616 265 1667 vocantur.
297 1624 354 1684 quo
368 1606 547 1665 manifestum
563 1615 608 1665 est
623 1606 735 1667 autlitus
750 1623 868 1684 quoque
880 1607 979 1665 inesse
990 1624 1116 1666 sonsum.
1260 1605 1261 1608 ’

116 1690 230 1752 Effecto
248 1708 351 1769 opere,
370 1690 476 1750 educto
491 1690 564 1765 fetu,
577 1690 693 1753 functae
708 1706 826 1749 munere
841 1691 918 1749 omui
930 1693 1116 1750 exercitatio·

34 1826 38 1835 .
115 1768 179 1835 nem
193 1784 288 1837 tamen
304 1774 475 1835 sollemnem
488 1773 605 1849 habent,
618 1774 819 1852 spatiataeque
834 1774 977 1852 inaperta
990 1784 1020 1833 et
1032 1776 1061 1833 iu
1076 1774 1117 1835 al·

113 1866 173 1919 tum
190 1860 295 1934 elatae,
312 1860 391 1935 gyris
404 1858 503 1919 volatu
520 1856 613 1933 editis,
626 1864 683 1919 tum
696 1858 809 1917 demum
822 1858 859 1917 etl
875 1858 970 1917 cibum
984 1859 1116 1917 redeunt

13 1956 14 1961 ’
80 1943 183 2002 avita
203 1944 237 2001 iis
255 1943 440 2017 longissima,
466 1951 498 2000 ut
517 1959 660 2019 prospere
677 1943 790 2001 inimica
813 1958 848 2000 ac
868 1942 986 2001 fortuita
1003 1942 1162 2018 cemanni

12 2070 18 2085 .
117 2028 246 2104 septenis
261 2026 341 2084 annis
357 2024 502 2083 universa.
536 2023 630 2083 Alvos
647 2041 799 2101 numquam
815 2022 888 2082 ultra
906 2024 1009 2083 docem
1027 2042 1118 2085 annos

116 2110 236 2168 durasse
259 2106 397 2185 proditur.
442 2116 506 2165 sunt
532 2108 579 2184 qui
601 2114 746 2180 mortuas,
764 2107 788 2165 si
809 2107 881 2165 intra
898 2115 1005 2166 tectum
1023 2108 1119 2167 banse

116 2200 285 2265 serventur,
309 2190 412 2250 deinde
434 2189 499 2249 sole
521 2206 612 2251 verno
632 2198 799 2270 torreantur
816 2206 852 2248 ac
874 2188 1000 2250 ficulneo
1018 2193 1118 2251 cinere

115 2274 217 2353 tepido
234 2274 410 2348 ioveauturs
431 2282 530 2350 putent
555 2274 745 2333 reviviscere.
774 2272 857 2352 (23.)
886 2274 916 2332 iu
935 2281 1026 2332 totum
1044 2281 1163 2336 vacato

79 2368 106 2409 2⁵
116 2360 237 2420 amissas
253 2358 383 2437 reparari
396 2355 545 2417 uentribus
557 2356 672 2417 bubulis
687 2357 854 2417 recentibus
868 2375 933 2416 cuna
947 2357 1014 2415 bure
1030 2357 1117 2418 oleru

114 2446 162 2517 tis,
177 2442 326 2519 Vergilius
341 2442 527 2501 iuvencorum
546 2442 673 2520 corpure
690 2442 868 2517 exanimato,
887 2442 963 2501 sicut
977 2458 1119 2519 mnenon

114 2545 223 2607 vespas
235 2536 322 2605 atque
340 2524 515 2600 crabrones,
534 2527 607 2585 sicut
621 2527 766 2585 asinorum
783 2525 975 2599 scarabaeos,
989 2534 1118 2588 matame

115 2621 215 2673 natura
240 2629 277 2670 ex
299 2610 362 2671 aliis
379 2609 520 2689 quaedam
537 2611 565 2669 iu
583 2609 649 2669 alia.
684 2610 737 2670 sed
756 2609 858 2669 borum
876 2609 1002 2670 omnium
1022 2610 1118 2670 coitus

116 2702 279 2754 cernuntur.
311 2703 341 2754 et
356 2694 491 2759 tamenin
504 2692 564 2753 ictu
577 2694 678 2753 eadem
690 2711 784 2771 prope
799 2702 898 2751 natura
914 2707 992 2769 quae
1004 2692 1116 2772 apibus.

76 2794 106 2837 ao
179 2778 229 2838 21.
247 2778 331 2855 (24.)
349 2777 467 2855 Vespae
484 2778 512 2835 in
530 2776 643 2837 sublimi
660 2796 676 2837 e
694 2776 755 2838 luto
774 2776 857 2835 nidos
877 2775 1003 2851 iaciunt,
1025 2778 1055 2835 in
1064 2777 1115 2837 -ttr
1125 2783 1157 2840 71
1176 2836 1182 2848 x

115 2878 218 2935 cerus,
242 2860 402 2921 crabrones
422 2862 554 2922 cavernis
573 2868 620 2919 aut
637 2859 691 2919 sub
713 2868 800 2919 terra.
833 2869 863 2918 et
874 2858 976 2918 borum
994 2862 1118 2919 omnium

115 2937 294 3021 senangulae
311 2944 422 3019 cellae,
451 2960 537 3003 cerae
553 2952 647 3003 autem
663 2962 680 3002 e
696 2944 824 3020 cortice,
840 2942 1012 3003 araneosne.
1040 2942 1117 3003 fetus

114 3030 180 3107 ipse
197 3028 357 3106 inaequalis
374 3036 403 3087 et
418 3026 569 3102 barbarus,
583 3026 658 3093 alius
669 3026 778 3100 euolat,
788 3026 864 3085 alius
876 3027 905 3084 in
919 3025 1045 3104 apmpba
1059 3035 1116 3101 est,

114 3113 188 3172 alius
205 3114 234 3171 in
247 3110 415 3171 vermiculo.
444 3120 473 3171 et
488 3120 631 3185 automno,
648 3128 705 3169 uon
719 3127 826 3185 verno,
843 3110 937 3169 omnia
952 3127 998 3169 ea.
1024 3109 1116 3187 pleni·
1187 3116 1190 3126 '

77 3212 105 3254 ss
114 3196 194 3257 lunio
209 3210 339 3255 maxume
356 3204 500 3255 crescunt.
530 3210 654 3272 vespae,
670 3211 744 3271 quae
755 3192 962 3253 ichneumones
976 3201 1159 3257 rocmterta

112 3312 158 3326 -
172 3290 237 3341 sunt
249 3289 345 3339 autem
360 3279 487 3338 minores
500 3296 583 3356 mam
599 3278 674 3337 aliae
688 3294 828 3351 aunum
842 3295 935 3355 penus
947 3294 986 3340 ex
1000 3276 1117 3338 araneis

113 3372 267 3443 peremunt
288 3362 471 3443 phalangium
495 3360 687 3440 appellatum,
718 3370 747 3421 et
769 3362 798 3420 in
817 3360 902 3423 uides
921 3378 992 3419 suos
1007 3361 1115 3437 ferun

113 3448 219 3511 deinde
241 3448 361 3509 inlinunt
384 3456 471 3507 etex
494 3447 529 3506 iis
550 3443 711 3507 incubando
732 3463 814 3505 mura
833 3462 927 3523 penus
948 3453 1114 3523 procreant.
