2542 3842
191 141 252 202 282
518 151 547 200 c.
566 153 663 200 unum
676 152 826 200 succum

190 309 320 370 crebrius
336 306 569 381 recommends,
592 305 708 367 liseiuas
724 323 855 384 spongea
871 305 1044 382 tergendas,
1066 313 1100 364 ιιι
1119 323 1210 384 quam

146 403 321 458 wmaxume
344 396 416 470 pura
436 391 587 451 sinceritas
609 400 733 450 constet.
771 399 875 469 postea
894 390 1040 450 inventum
1062 397 1095 448 ut
1122 391 1209 452 lava-

190 485 289 537 rentur
304 477 404 554 utique
419 473 545 534 feruenti
558 490 643 552 aqua,
659 476 790 553 protinus
804 474 889 553 prelo
904 474 1116 534 subicerentur
1134 476 1206 534 soli·

82 565 84 575 ’
190 561 256 636 dae,
270 593 313 604 -
328 560 367 618 ita
382 560 457 618 enim
470 575 587 618 amurca
604 560 783 636 exprimitur,
801 591 845 604 -
858 575 926 618 mox
940 559 1064 636 trapetis
1081 557 1206 629 fractae

190 652 389 725 premerentur
412 645 522 704 iterum.
548 643 640 719 premi
661 637 826 720 plus'quam
842 652 982 729 centenos
998 641 1121 702 modios
1145 658 1222 704 nont

189 728 322 808 probant.
348 727 594 801 foeneremur,
619 726 698 804 quod
717 743 790 786 uero
804 735 873 805 post
891 726 996 787 molan
1011 727 1144 803 primurm
1159 738 1205 788 est

132 877 136 880 ,
189 813 253 873 iios.
285 810 380 871 factm
393 812 445 868 tris
459 810 575 886 gemino
591 810 658 870 iore
674 827 691 870 a
705 812 853 889 quaternis
872 809 1033 871 bominibus
1055 820 1155 873 nocte
1177 821 1203 870 et

188 896 235 956 dic
252 895 344 974 premi
360 895 463 954 iustum
480 902 534 956 est.
974 943 982 954 ,

144 991 180 1044 aa
255 982 284 1040 7.
308 978 372 1056 (7.)
394 976 459 1036 Nou
480 986 619 1037 crottum
639 977 900 1058 ficticiumoleum‚
924 978 1050 1054 ideoque
1070 978 1203 1039 arbitror

189 1063 225 1124 de
246 1079 282 1123 eo
304 1061 414 1136 nibila
437 1058 548 1121 Getone
571 1061 686 1124 dietum.
715 1079 790 1122 nunc
804 1063 867 1123 eius
881 1079 990 1138 genera
1007 1061 1116 1138 plura,
1143 1066 1226 1142 pri-t

52 1145 57 1156 ’
187 1165 321 1225 unumne
343 1141 553 1223 persequemur
572 1163 609 1206 ea
629 1162 704 1223 quae
724 1164 762 1206 ex
783 1145 935 1205 arboribus
956 1145 1041 1219 bunt,
1068 1155 1102 1206 et
1126 1148 1202 1207 inter

188 1232 254 1292 illas
271 1239 336 1290 ante
351 1230 443 1289 omnis
457 1247 495 1291 ex
507 1229 647 1290 oleastro.
672 1238 759 1290 tenue
770 1229 799 1290 id
810 1231 959 1308 multoque
970 1230 1098 1289 amarius
1113 1249 1202 1310 quam

189 1317 274 1376 oleae
288 1323 320 1374 et
338 1321 444 1372 tantum
458 1313 494 1372 ad
508 1313 717 1374 medicamenta
729 1312 809 1381 utile.
833 1313 1003 1374 simillimum
1015 1313 1086 1375 buic
1100 1326 1154 1374 est
1165 1335 1201 1376 ex

189 1399 373 1472 chamelaea,
389 1383 495 1457 frutice
513 1412 632 1473 saxoso,
651 1414 710 1457 nou
724 1398 828 1458 altiore
843 1397 956 1495 pplmc‚
976 1397 1055 1458 loliis
1074 1398 1201 1460 oleastri

144 1495 179 1550 25
192 1483 342 1560 bonisque.
365 1481 536 1542 Proxumum
549 1481 581 1541 iit
592 1490 650 1542 ete
665 1483 732 1556 cici,
748 1481 894 1542 arborem
906 1481 1043 1559 Aegypto
1057 1485 1199 1561 copiosa,
1208 1492 1223 1532 ¹⁵

189 1599 230 1614 --
244 1567 292 1626 alii
314 1573 481 1640 crotonem,
506 1564 554 1626 alii
576 1565 647 1640 sibi,
669 1565 718 1626 alii
739 1572 873 1626 sesamon
895 1565 1029 1626 silvestre
1058 1585 1129 1627 earn
1149 1587 1198 1646 ap-

188 1651 309 1730 pellant,
324 1680 366 1694 -
378 1649 475 1728 ibique
488 1663 545 1708 non
556 1649 677 1728 pridem.
696 1659 727 1708 et
737 1650 765 1709 in
773 1650 910 1736 Hispania
921 1658 1043 1728 repente
1057 1654 1199 1728 provenit

59 1751 67 1764 ·
188 1734 335 1794 altitudine
351 1733 448 1805 oleae,
465 1732 549 1792 caule
564 1732 726 1807 ferulaceo,
740 1733 812 1793 lolio
824 1735 933 1807 vitium,
949 1734 1061 1798 semine
1073 1752 1197 1795 uvarum

186 1815 338 1895 gracilium
362 1815 601 1894 pallidarumque.
632 1817 726 1876 nostri
745 1833 809 1877 earn
823 1817 943 1879 ricinum
958 1828 1066 1878 vocent
1080 1836 1095 1876 a
1110 1819 1193 1876 sirni-

186 1900 307 1961 litudiue
323 1900 450 1960 seminis.
477 1901 610 1978 coquitur
625 1901 654 1961 id
667 1901 696 1960 in
708 1918 800 1979 aqua,
819 1902 1007 1979 innotansque
1022 1903 1119 1962 oleum
1134 1903 1193 1963 tol·
1205 1916 1227 1956 tt

188 1984 265 2045 liter.
291 1993 321 2044 at
336 1985 364 2044 in
381 1982 531 2064 Aegypto,
546 1984 595 2048 ulti
609 1983 744 2060 abundat,
761 1985 825 2044 sine
844 1986 948 2063 igniet
964 2003 1039 2064 aque
1057 1987 1125 2048 sale
1145 1988 1194 2048 ad·

143 2078 323 2148 adspersum
339 2069 510 2146 exprimitur
526 2068 599 2130 cibis
617 2069 751 2144 iocdurn,
774 2069 901 2130 lucernis
923 2069 1012 2130 exile.
1042 2069 1196 2148 Ampgda-

188 2153 292 2227 linum,
315 2152 392 2231 quod
416 2153 505 2231 aliqui
525 2169 652 2230 neopum
670 2163 791 2227 socam,
813 2172 851 2212 ex
871 2155 974 2215 amaris
988 2153 1114 2217 oucibus
1131 2174 1196 2216 are·

187 2237 274 2298 iactis
290 2246 320 2296 et
336 2239 364 2296 in
381 2235 467 2303 ctiam
482 2237 656 2312 contunsis,
670 2237 819 2315 adspersis
834 2255 908 2316 aqua
921 2238 1087 2316 itemmque
1099 2242 1196 2300 tunsis

87 2347 91 2356 =
188 2321 366 2398 exprimitur.
395 2318 441 2380 Fit
457 2329 487 2381 et
501 2339 518 2380 e
533 2321 613 2382 lauru
624 2321 756 2382 admixto
771 2320 945 2399 drupparum
959 2321 1044 2397 oleo,
1062 2323 1223 2402 quidam-²⁵

188 2421 245 2490 que
260 2423 278 2464 e
294 2405 374 2464 bacis
392 2406 555 2481 exprimunt
569 2413 692 2478 mnium,
716 2405 765 2464 alii
786 2405 865 2465 loliis
880 2406 985 2480 modo,
1006 2405 1101 2485 aliqui
1122 2408 1196 2468 folio

186 2497 217 2548 et
233 2487 496 2562 concertaturum,
515 2505 570 2546 neo
581 2488 913 2562 non-styracemaddunt
923 2489 1057 2568 aliosque
1071 2490 1193 2552 odores.

142 2578 306 2650 tloptuma
327 2570 423 2630 laurus
444 2571 481 2632 ad
503 2571 533 2632 id
554 2571 675 2632 laiiiolia
696 2571 839 2632 silvestris
857 2574 947 2650 nigris
962 2573 1055 2635 bacis.
1091 2575 1195 2634 Simile

164 2665 233 2732 ‘est
247 2673 263 2714 e
278 2664 372 2728 myrto
386 2656 485 2732 nigra,
508 2665 537 2716 et
552 2655 627 2716 bsec
643 2654 766 2716 latifolia
780 2655 893 2716 melior.
926 2657 1083 2718 tunduntur
1097 2657 1196 2720 bacae

186 2739 346 2815 adspersae
362 2739 455 2800 calide
469 2755 555 2817 aqua,
574 2755 644 2800 mox
657 2739 844 2801 decocuntur.
870 2741 920 2800 alii
931 2739 1068 2803 loliorum
1079 2743 1223 2807 mollis-a

186 2823 257 2881 sima
271 2822 416 2884 decocunt
430 2825 459 2882 iu
469 2823 542 2884 oleo
559 2832 588 2884 et
603 2825 784 2902 exprimunt,
799 2824 848 2884 alii
863 2824 979 2886 deiecta
994 2843 1031 2886 ea
1046 2828 1077 2886 in
1093 2827 1195 2888 oleum

186 2907 268 2984 prius
283 2907 347 2968 sole
363 2915 511 2968 maturant.
535 2908 763 2968 esdemratioet
773 2908 902 2970 insatira
915 2918 1019 2985 myrto,
1035 2910 1091 2972 sed
1105 2930 1194 2989 prae·

185 2990 277 3050 fertur
298 2990 442 3051 silvestris
461 2992 571 3052 minore
592 2993 719 3066 semine,
741 3009 827 3070 quam
847 2993 962 3071 quidam
980 2999 1197 3068 oxymyrsinen

186 3083 301 3149 vocant,
317 3072 367 3133 alii
382 3074 658 3151 chamaemyrsinem
674 3075 763 3154 aliqui
773 3094 914 3145 acorona
924 3077 1122 3141 similitudine.
1149 3089 1197 3140 est

142 3158 268 3225 uberim,
286 3157 401 3232 brevis,
425 3157 574 3220 lrutieosa.
608 3157 655 3220 Fit
675 3168 704 3218 et
726 3178 744 3218 e
765 3161 855 3236 citro,
882 3178 1043 3239 cupresso,
1065 3163 1227 3228 uueibusts

158 3281 160 3285 ,
185 3238 368 3324 iuglandibus
383 3241 461 3318 quod
476 3243 621 3316 carpinum
640 3252 759 3317 vocant,
781 3244 875 3320 malis,
896 3245 987 3307 cedro
997 3246 1078 3323 quod
1093 3248 1197 3325 pisse-

186 3322 284 3397 laeon,
301 3338 339 3382 ox
352 3341 443 3400 grano
459 3340 576 3402 quoque
589 3324 692 3384 Cnidio
708 3337 832 3403 purgato
843 3331 953 3388 semine
965 3337 995 3402 et
1005 3338 1103 3405 tunso,
1120 3332 1198 3393 item

186 3403 321 3464 lentisco.
356 3423 420 3466 nam
442 3415 471 3466 et
491 3403 639 3484 cyprinum
662 3418 692 3467 et
711 3428 730 3468 e
750 3411 857 3486 glande
879 3412 1023 3493 Aegyptia
1048 3422 1080 3472 ιιι
1103 3414 1199 3478 lieret
1229 3418 1230 3465 i
