2542 3842
156 168 198 235 bt
496 176 818 227 e.en1u1sscunu1
929 172 934 190 ⁸

157 336 311 398 matut.
335 333 505 394 ille-centra
518 332 627 393 armam
639 334 764 410 spargit,
788 330 915 410 prudens
939 328 1150 407 huncquoque

118 419 256 485 ltilecui
270 418 428 478 exitialem.
457 416 583 491 Lyncum
599 433 681 475 umcr
696 418 734 475 ita
751 416 898 490 redditus,
917 414 966 473 ubi
987 414 1149 489 gignuntur,

157 502 301 579 abiciatur
321 501 465 561 arescitve
484 502 512 561 in
533 518 662 577 gemmas
684 499 866 559 carbunculis
889 498 987 557 similis
1014 506 1043 555 et
1064 497 1150 572 igneo

127 618 133 632 κ
160 584 423 661 ecleredalpantis,
435 584 594 658 lyncurium
605 592 724 643 vocatas
739 592 825 660 atque
842 581 879 641 cb
897 579 930 615 **
946 582 1045 640 sucino
1061 579 1150 657 aple·
1260 645 1261 658 ,

90 721 92 732 .
159 670 259 747 uiaque
282 669 321 734 ita
340 668 475 745 generari
489 669 615 745 prodito.
653 684 761 731 novere
783 668 839 733 boc
867 667 1016 743 sciuntque
1038 664 1171 738 lynces,s

159 752 371 815 etimideates
389 753 498 811 urinam
518 760 595 811 terra
611 752 746 828 operiunt
761 766 856 829 ecque
872 750 997 809 celerius
1013 748 1151 808 solidatur
1169 786 1176 795 -
1260 761 1261 788 ³

119 836 236 904 laailla.
264 835 330 897 Alia
344 835 475 895 sollertia
489 836 517 893 in
529 845 606 895 metu
620 834 752 894 melibus.
782 833 922 893 subilatae
940 834 1011 891 cutis
1028 832 1151 891 distentu

161 921 236 981 ictus
249 919 392 979 heminam
406 928 437 977 et
449 936 562 979 morsus
573 936 673 978 canum
687 927 794 977 arcent.
812 917 896 995 (58.)
912 916 1068 977 Provident
1082 925 1149 974 tem·

123 1020 127 1026 '
160 1010 304 1082 penten
328 1012 358 1062 et
384 1003 472 1061 sciuri
498 1004 697 1081 opturatisquc
718 1018 774 1079 qua
794 1003 951 1080 spiraturus
975 1010 1020 1059 est
1050 1008 1150 1059 ventus

162 1088 296 1150 maenis
309 1104 348 1145 en
363 1086 419 1145 alia
434 1096 516 1163 parte
531 1088 664 1164 aperiunt
677 1087 767 1167 iores.
795 1086 832 1145 de
849 1094 954 1155 ,cetero
978 1085 1050 1161 ipsis
1068 1082 1184 1141 villo-1⁰
1260 1105 1261 1122 κ

162 1170 223 1232 star
238 1170 327 1231 cauda
346 1185 400 1247 pre
419 1172 575 1247 tegimento
591 1180 646 1231 est.
669 1187 739 1247 ergo
759 1171 787 1229 in
801 1170 911 1229 hiemes
927 1168 990 1229 aliis
1005 1169 1150 1245 previsum

161 1253 306 1331 patmum,
321 1253 385 1314 aliis
400 1271 454 1330 prc
469 1253 535 1313 cibo
549 1272 675 1313 somnus.

120 1347 175 1403 lca
240 1336 292 1399 39.
307 1337 393 1415 (59.)
421 1339 602 1415 sementiam
627 1340 729 1415 vipera
750 1338 813 1397 sola
833 1347 911 1396 terra
932 1337 1034 1397 dicitur
1055 1334 1149 1409 corrdi,

162 1431 281 1483 caterae
295 1419 428 1482 arbanam
447 1430 495 1481 aut
507 1438 641 1480 sucrum
659 1422 746 1481 cavis.
778 1428 807 1479 et
820 1420 891 1479 alias
909 1420 957 1479 vel
972 1436 1062 1478 annua
1076 1419 1149 1477 lame

161 1506 264 1567 &aaut
277 1504 380 1578 algare
388 1505 474 1563 mcdc
485 1503 612 1581 dempto.
639 1506 732 1561 omnia
745 1513 881 1563 secessus
893 1513 1023 1579 tempure
1039 1518 1149 1561 veneun
1161 1517 1187 1557 1⁵

153 1588 242 1650 urba·
254 1586 404 1647 dormiant.
437 1587 523 1646 simili
536 1587 623 1647 mode
638 1596 667 1644 et
682 1576 812 1659 ccclea‘e,
835 1585 902 1645 illae
920 1586 1033 1663 quidem
1050 1587 1151 1645 iterum

163 1668 371 1731 elaeatatibus
392 1668 583 1728 adhaerentes
613 1686 743 1727 maxume
766 1670 844 1727 saxis
868 1677 915 1727 aut
942 1670 1026 1726 etiarn
1052 1670 1150 1727 iniuria

122 1753 361 1828 lacaasapiuatae
380 1751 570 1829 avulsaeque,
587 1768 645 1809 non
659 1761 753 1809 tannen
768 1758 917 1809 exeuntes.
949 1753 977 1807 in
992 1750 1153 1809 Baliaribus

162 1851 235 1897 aare
245 1834 345 1906 insulis
355 1836 502 1895 cavaticae
513 1835 678 1912 appellatae
693 1851 751 1891 non
765 1841 950 1911 prorepunte
965 1834 1043 1891 cavis
1055 1842 1153 1892 terrae

140 1936 258 1997 ‘uque
275 1917 368 1980 barba
383 1919 491 1993 uiuent,
507 1918 560 1977 sed
573 1936 647 1977 uvae
660 1916 745 1977 modo
762 1918 836 1975 inter
852 1934 883 1975 se
902 1915 1067 1975 cohaerent.
1099 1915 1187 1975 Estan
1242 1934 1248 1949 ·

163 2012 196 2063 et
208 2002 391 2080 albudgemrs
411 2003 503 2062 minus
524 2002 646 2079 volgare
668 2000 841 2071 adhaerente
862 1999 1002 2077 operculo
1025 1998 1154 2059 eiusdem

163 2088 257 2151 testae
274 2105 308 2148 se
332 2088 478 2165 aperiens.
511 2086 631 2145 obrutae
653 2094 729 2144 terra
750 2102 866 2162 semper
888 2083 941 2143 bae
959 2090 987 2141 et
1002 2084 1080 2141 circa
1095 2100 1152 2141 ma-

163 2171 390 2233 ritimastantum
407 2170 490 2247 Alpis
511 2170 653 2248 quondam
671 2168 797 2229 effossae
822 2184 950 2244 coepere
974 2168 1029 2225 iam
1047 2166 1108 2225 erui
1124 2174 1154 2223 et

164 2253 332 2317 taliterne.
354 2255 477 2316 amnium
487 2261 581 2313 tamen
596 2252 808 2313 laudatissimae
823 2250 851 2309 in
861 2250 1038 2327 Astypalaea
1050 2248 1150 2310 insula.

122 2338 194 2402 ltr'
243 2338 326 2414 (60.)
348 2336 504 2408 Leaenae,
529 2337 750 2395 inimicissimum
763 2353 854 2411 genus
873 2333 998 2407 cocleis,
1013 2339 1192 2408 negamurae

147 2429 335 2484 :aememrem
361 2419 447 2477 vitam
474 2420 629 2479 excedere.
660 2418 761 2477 lacerti
788 2416 913 2477 Arabiae
944 2414 1099 2489 cubitales,
1124 2414 1155 2471 in

163 2504 261 2565 lautae
271 2518 343 2566 veto
355 2499 433 2575 Nysa
444 2510 540 2561 monte
550 2514 656 2562 xxrm
667 2503 695 2559 in
705 2500 911 2577 longitudinem
923 2499 1038 2577 pedum,
1051 2498 1154 2558 colore

165 2586 236 2652 tulvi
251 2594 299 2646 aut
314 2586 430 2662 punicei
441 2594 490 2643 aut
503 2585 640 2645 caerulei.

123 2677 177 2733 lm
242 2668 294 2729 40.
311 2668 394 2747 (61.)
417 2667 462 2729 lla
476 2668 521 2729 bis
542 2685 657 2745 quoque
670 2666 838 2726 animalibus
850 2683 923 2744 quae
939 2666 1088 2727 nobiscum
1103 2664 1155 2725 de-

165 2760 235 2828 gent
249 2752 337 2814 multa
358 2761 423 2811 sant
439 2753 556 2829 cognitu
572 2752 673 2827 digna,
696 2750 948 2829 fidelissimumque
968 2760 1035 2809 ante
1060 2748 1192 2807 omniacc

164 2835 370 2897 bomiuicanis
393 2845 478 2913 atque
495 2843 607 2913 equas:
628 2834 775 2911 Pugnasse
797 2834 935 2893 aduersus
961 2834 1088 2893 latrones
1106 2848 1156 2891 ea·
1261 2842 1262 2849 ¹

139 2956 143 2963 -
164 2936 301 2997 nempre
321 2920 435 2981 dominc
455 2920 620 2997 accepimus
641 2918 860 2994 coniectumque
880 2918 974 2995 plagis
994 2936 1009 2977 a
1029 2932 1157 2997 corpore

164 3021 221 3068 aaa
233 3005 408 3077 racemisse,
425 3004 561 3068 valueras
576 3012 606 3063 et
620 3003 697 3063 ieras
714 3002 886 3078 abigentem.
902 3000 938 3061 ab
952 3000 1009 3059 alio
1025 3001 1053 3059 in
1063 2996 1157 3077 Epiro

136 3152 141 3164 ,
165 3088 291 3165 agnitum
313 3088 341 3145 iu
360 3096 504 3149 conventu
523 3104 727 3165 percussorem
742 3085 850 3145 ‘domini
872 3084 1034 3161 laniatuque
1061 3089 1089 3142 et
1114 3081 1158 3143 la-

165 3181 239 3234 tratu
261 3180 393 3229 coactum
412 3171 497 3231 lateri
515 3171 621 3237 scelus.
659 3168 853 3229 Garamantum
874 3186 974 3244 regem
994 3184 1081 3227 canes
1105 3164 1196 3227 ctu-as

124 3254 258 3317 lldcemi
272 3253 308 3313 ab
320 3252 424 3313 exsilic
435 3254 577 3316 reduxere
590 3253 725 3331 proeliati
736 3261 833 3311 contra
846 3251 1016 3311 resistentis,
1034 3258 1160 3327 propter

164 3336 244 3396 bella
261 3335 433 3413 Colophonii
449 3338 574 3413 itemque
592 3334 814 3398 Castabalenses
836 3335 970 3395 cobortes
991 3351 1091 3397 canum
1105 3332 1159 3393 ba-

167 3417 269 3478 buere.
300 3418 356 3477 bae
376 3419 484 3495 primae
506 3418 677 3481 dirnicabaut
698 3419 727 3477 in
744 3419 806 3477 acie
820 3436 970 3497 numquam
991 3416 1160 3499 detractam:
