<?xml version="1.0" encoding="UTF-8"?>
<!DOCTYPE html PUBLIC "-//W3C//DTD XHTML 1.0 Transitional//EN"
    "http://www.w3.org/TR/xhtml1/DTD/xhtml1-transitional.dtd">
<html xmlns="http://www.w3.org/1999/xhtml" xml:lang="en" lang="en">
 <head>
  <title>
</title>
<meta http-equiv="Content-Type" content="text/html;charset=utf-8" />
  <meta name='ocr-system' content='tesseract 3.04.00' />
  <meta name='ocr-capabilities' content='ocr_page ocr_carea ocr_par ocr_line ocrx_word'/>
</head>
<body>
  <div class='ocr_page' id='page_1' title='image "./cplinisecundina25plingoog_0509.png"; bbox 0 0 2542 3842; ppageno 0'>
   <div class='ocr_carea' id='block_1_1' title="bbox 339 177 1118 278">
    <p class='ocr_par' dir='ltr' id='par_1_1' title="bbox 339 177 1118 278">
     <span class='ocr_line' id='line_1_1' title="bbox 339 177 1118 278; baseline -0.005 -39"><span class='ocrx_word' id='word_1_1' title='bbox 339 194 419 239; x_wconf 80' lang='lat' dir='ltr'>usn.</span> <span class='ocrx_word' id='word_1_2' title='bbox 436 192 526 239; x_wconf 82' lang='lat' dir='ltr'>aren.</span> <span class='ocrx_word' id='word_1_3' title='bbox 543 192 591 239; x_wconf 84' lang='lat' dir='ltr'>xr.</span> <span class='ocrx_word' id='word_1_4' title='bbox 609 187 730 241; x_wconf 77' lang='lat' dir='ltr'>as-ss.</span> <span class='ocrx_word' id='word_1_5' title='bbox 751 178 904 255; x_wconf 79' lang='lat' dir='ltr'>(as-aa.)</span> <span class='ocrx_word' id='word_1_6' title='bbox 1062 177 1099 278; x_wconf 56' lang='lat'>¹2⁷</span> <span class='ocrx_word' id='word_1_7' title='bbox 1104 177 1118 235; x_wconf 92' lang='lat'>1</span> 
     </span>
    </p>
   </div>
   <div class='ocr_carea' id='block_1_2' title="bbox 78 343 1221 3528">
    <p class='ocr_par' dir='ltr' id='par_1_2' title="bbox 78 343 1221 3528">
     <span class='ocr_line' id='line_1_2' title="bbox 118 343 1163 423; baseline -0.004 -12"><span class='ocrx_word' id='word_1_8' title='bbox 118 351 180 414; x_wconf 85' lang='lat' dir='ltr'>bili.</span> <span class='ocrx_word' id='word_1_9' title='bbox 211 358 270 409; x_wconf 85' lang='lat' dir='ltr'>tum</span> <span class='ocrx_word' id='word_1_10' title='bbox 284 346 321 407; x_wconf 92' lang='lat' dir='ltr'>ab</span> <span class='ocrx_word' id='word_1_11' title='bbox 336 346 451 407; x_wconf 87' lang='lat' dir='ltr'>homine</span> <span class='ocrx_word' id='word_1_12' title='bbox 467 346 530 405; x_wconf 90' lang='lat' dir='ltr'>tolli</span> <span class='ocrx_word' id='word_1_13' title='bbox 552 343 747 423; x_wconf 78' lang='lat' dir='ltr'>fictilibusque</span> <span class='ocrx_word' id='word_1_14' title='bbox 768 345 846 405; x_wconf 90' lang='lat' dir='ltr'>vasis</span> <span class='ocrx_word' id='word_1_15' title='bbox 867 353 971 421; x_wconf 84' lang='lat' dir='ltr'>tepore</span> <span class='ocrx_word' id='word_1_16' title='bbox 987 352 1018 403; x_wconf 87' lang='lat' dir='ltr'>et</span> <span class='ocrx_word' id='word_1_17' title='bbox 1032 344 1163 407; x_wconf 80' lang='lat' dir='ltr'>iuria-78</span> 
     </span>
     <span class='ocr_line' id='line_1_3' title="bbox 117 426 1120 508; baseline -0.008 -13"><span class='ocrx_word' id='word_1_18' title='bbox 117 453 181 496; x_wconf 86' lang='lat' dir='ltr'>rum</span> <span class='ocrx_word' id='word_1_19' title='bbox 201 450 270 495; x_wconf 89' lang='lat' dir='ltr'>esca</span> <span class='ocrx_word' id='word_1_20' title='bbox 287 432 402 505; x_wconf 90' lang='lat' dir='ltr'>nutriri,</span> <span class='ocrx_word' id='word_1_21' title='bbox 420 440 506 508; x_wconf 84' lang='lat' dir='ltr'>atque</span> <span class='ocrx_word' id='word_1_22' title='bbox 522 431 561 489; x_wconf 93' lang='lat' dir='ltr'>ita</span> <span class='ocrx_word' id='word_1_23' title='bbox 576 430 712 490; x_wconf 88' lang='lat' dir='ltr'>subnasci</span> <span class='ocrx_word' id='word_1_24' title='bbox 727 430 772 487; x_wconf 90' lang='lat' dir='ltr'>sui</span> <span class='ocrx_word' id='word_1_25' title='bbox 786 430 904 505; x_wconf 75' lang='lat' dir='ltr'>generis</span> <span class='ocrx_word' id='word_1_26' title='bbox 919 426 1042 507; x_wconf 86' lang='lat' dir='ltr'>plumas,</span> <span class='ocrx_word' id='word_1_27' title='bbox 1061 430 1120 506; x_wconf 74' lang='lat' dir='ltr'>qui</span> 
     </span>
     <span class='ocr_line' id='line_1_4' title="bbox 118 513 1120 593; baseline -0.008 -14"><span class='ocrx_word' id='word_1_28' title='bbox 118 518 173 579; x_wconf 89' lang='lat' dir='ltr'>bns</span> <span class='ocrx_word' id='word_1_29' title='bbox 189 518 313 577; x_wconf 87' lang='lat' dir='ltr'>vestitos</span> <span class='ocrx_word' id='word_1_30' title='bbox 328 515 364 575; x_wconf 90' lang='lat' dir='ltr'>ad</span> <span class='ocrx_word' id='word_1_31' title='bbox 379 513 436 573; x_wconf 89' lang='lat' dir='ltr'>alis</span> <span class='ocrx_word' id='word_1_32' title='bbox 452 532 543 593; x_wconf 87' lang='lat' dir='ltr'>pensa</span> <span class='ocrx_word' id='word_1_33' title='bbox 558 514 668 574; x_wconf 89' lang='lat' dir='ltr'>dimitti.</span> <span class='ocrx_word' id='word_1_34' title='bbox 701 530 776 591; x_wconf 80' lang='lat' dir='ltr'>quae</span> <span class='ocrx_word' id='word_1_35' title='bbox 791 530 863 573; x_wconf 88' lang='lat' dir='ltr'>vero</span> <span class='ocrx_word' id='word_1_36' title='bbox 881 521 966 590; x_wconf 86' lang='lat' dir='ltr'>capta</span> <span class='ocrx_word' id='word_1_37' title='bbox 979 513 1034 573; x_wconf 91' lang='lat' dir='ltr'>sint</span> <span class='ocrx_word' id='word_1_38' title='bbox 1050 513 1120 574; x_wconf 87' lang='lat' dir='ltr'>lani·</span> 
     </span>
     <span class='ocr_line' id='line_1_5' title="bbox 116 595 1120 677; baseline -0.007 -15"><span class='ocrx_word' id='word_1_39' title='bbox 116 603 174 663; x_wconf 87' lang='lat' dir='ltr'>lica</span> <span class='ocrx_word' id='word_1_40' title='bbox 190 618 289 661; x_wconf 90' lang='lat' dir='ltr'>umore</span> <span class='ocrx_word' id='word_1_41' title='bbox 307 598 492 674; x_wconf 78' lang='lat' dir='ltr'>lentescere,</span> <span class='ocrx_word' id='word_1_42' title='bbox 514 614 582 659; x_wconf 84' lang='lat' dir='ltr'>snex</span> <span class='ocrx_word' id='word_1_43' title='bbox 597 599 626 657; x_wconf 93' lang='lat' dir='ltr'>in</span> <span class='ocrx_word' id='word_1_44' title='bbox 641 596 690 657; x_wconf 88' lang='lat' dir='ltr'>iila</span> <span class='ocrx_word' id='word_1_45' title='bbox 704 599 816 658; x_wconf 88' lang='lat' dir='ltr'>tenuari</span> <span class='ocrx_word' id='word_1_46' title='bbox 832 598 937 655; x_wconf 85' lang='lat' dir='ltr'>iunceo</span> <span class='ocrx_word' id='word_1_47' title='bbox 954 596 1030 657; x_wconf 90' lang='lat' dir='ltr'>iuso.</span> <span class='ocrx_word' id='word_1_48' title='bbox 1058 595 1120 677; x_wconf 80' lang='lat' dir='ltr'>Nec</span> 
     </span>
     <span class='ocr_line' id='line_1_6' title="bbox 96 682 1121 766; baseline -0.006 -21"><span class='ocrx_word' id='word_1_49' title='bbox 96 686 218 766; x_wconf 60' lang='lat' dir='ltr'>§puduit</span> <span class='ocrx_word' id='word_1_50' title='bbox 239 684 291 744; x_wconf 89' lang='lat' dir='ltr'>iras</span> <span class='ocrx_word' id='word_1_51' title='bbox 320 684 410 743; x_wconf 88' lang='lat' dir='ltr'>vestis</span> <span class='ocrx_word' id='word_1_52' title='bbox 438 700 580 761; x_wconf 89' lang='lat' dir='ltr'>usurpare</span> <span class='ocrx_word' id='word_1_53' title='bbox 610 683 695 741; x_wconf 90' lang='lat' dir='ltr'>etism</span> <span class='ocrx_word' id='word_1_54' title='bbox 719 682 799 741; x_wconf 84' lang='lat' dir='ltr'>viros</span> <span class='ocrx_word' id='word_1_55' title='bbox 827 682 975 741; x_wconf 85' lang='lat' dir='ltr'>levitatem</span> <span class='ocrx_word' id='word_1_56' title='bbox 1000 690 1121 764; x_wconf 89' lang='lat' dir='ltr'>propter</span> 
     </span>
     <span class='ocr_line' id='line_1_7' title="bbox 117 765 1120 843; baseline -0.008 -12"><span class='ocrx_word' id='word_1_57' title='bbox 117 771 266 831; x_wconf 79' lang='lat' dir='ltr'><strong>aestivam.</strong></span> <span class='ocrx_word' id='word_1_58' title='bbox 310 768 339 827; x_wconf 91' lang='lat' dir='ltr'>in</span> <span class='ocrx_word' id='word_1_59' title='bbox 359 774 464 828; x_wconf 84' lang='lat' dir='ltr'>tantari</span> <span class='ocrx_word' id='word_1_60' title='bbox 485 774 501 827; x_wconf 90' lang='lat' dir='ltr'>a</span> <span class='ocrx_word' id='word_1_61' title='bbox 522 765 614 825; x_wconf 89' lang='lat' dir='ltr'>lorica</span> <span class='ocrx_word' id='word_1_62' title='bbox 635 766 766 843; x_wconf 79' lang='lat' dir='ltr'>gerenda</span> <span class='ocrx_word' id='word_1_63' title='bbox 788 766 954 825; x_wconf 76' lang='lat' dir='ltr'><strong>discessere</strong></span> <span class='ocrx_word' id='word_1_64' title='bbox 976 782 1073 825; x_wconf 88' lang='lat' dir='ltr'>mores</span> <span class='ocrx_word' id='word_1_65' title='bbox 1089 774 1120 823; x_wconf 93' lang='lat' dir='ltr'>ut</span> 
     </span>
     <span class='ocr_line' id='line_1_8' title="bbox 117 848 1120 925; baseline -0.005 -12"><span class='ocrx_word' id='word_1_66' title='bbox 117 853 200 913; x_wconf 91' lang='lat' dir='ltr'>oneri</span> <span class='ocrx_word' id='word_1_67' title='bbox 215 852 252 911; x_wconf 90' lang='lat' dir='ltr'>sit</span> <span class='ocrx_word' id='word_1_68' title='bbox 267 850 351 912; x_wconf 87' lang='lat' dir='ltr'>etiarn</span> <span class='ocrx_word' id='word_1_69' title='bbox 364 852 464 911; x_wconf 82' lang='lat' dir='ltr'>vestis.</span> <span class='ocrx_word' id='word_1_70' title='bbox 494 849 615 925; x_wconf 75' lang='lat' dir='ltr'>Assyria</span> <span class='ocrx_word' id='word_1_71' title='bbox 629 859 724 909; x_wconf 84' lang='lat' dir='ltr'>tamen</span> <span class='ocrx_word' id='word_1_72' title='bbox 739 848 885 924; x_wconf 75' lang='lat' dir='ltr'>bombyce</span> <span class='ocrx_word' id='word_1_73' title='bbox 901 848 995 909; x_wconf 87' lang='lat' dir='ltr'>adbuc</span> <span class='ocrx_word' id='word_1_74' title='bbox 1007 849 1120 909; x_wconf 84' lang='lat' dir='ltr'>leminis</span> 
     </span>
     <span class='ocr_line' id='line_1_9' title="bbox 118 936 257 997; baseline -0.022 0"><span class='ocrx_word' id='word_1_75' title='bbox 118 936 257 997; x_wconf 87' lang='lat' dir='ltr'>cedimus.</span> 
     </span>
     <span class='ocr_line' id='line_1_10' title="bbox 180 1017 1163 1098; baseline 0.001 -19"><span class='ocrx_word' id='word_1_76' title='bbox 180 1019 230 1079; x_wconf 85' lang='grc'>24.</span> <span class='ocrx_word' id='word_1_77' title='bbox 248 1017 334 1098; x_wconf 82' lang='grc'>(28.)</span> <span class='ocrx_word' id='word_1_78' title='bbox 351 1018 531 1079; x_wconf 63' lang='lat' dir='ltr'>araneorum</span> <span class='ocrx_word' id='word_1_79' title='bbox 547 1019 591 1078; x_wconf 81' lang='lat' dir='ltr'>bis</span> <span class='ocrx_word' id='word_1_80' title='bbox 607 1035 664 1078; x_wconf 92' lang='lat' dir='ltr'>non</span> <span class='ocrx_word' id='word_1_81' title='bbox 682 1017 807 1077; x_wconf 79' lang='lat' dir='ltr'><strong>absurde</strong></span> <span class='ocrx_word' id='word_1_82' title='bbox 825 1019 957 1093; x_wconf 76' lang='lat' dir='ltr'>iungatur</span> <span class='ocrx_word' id='word_1_83' title='bbox 968 1018 1163 1080; x_wconf 68' lang='lat' dir='ltr'>natandi-79</span> 
     </span>
     <span class='ocr_line' id='line_1_11' title="bbox 81 1102 1120 1182; baseline 0.001 -23"><span class='ocrx_word' id='word_1_84' title='bbox 81 1118 106 1161; x_wconf 87' lang='lat' dir='ltr'>so</span> <span class='ocrx_word' id='word_1_85' title='bbox 117 1122 173 1182; x_wconf 83' lang='lat' dir='ltr'>gna</span> <span class='ocrx_word' id='word_1_86' title='bbox 189 1103 238 1163; x_wconf 90' lang='lat' dir='ltr'>vel</span> <span class='ocrx_word' id='word_1_87' title='bbox 254 1104 411 1181; x_wconf 81' lang='lat' dir='ltr'>praecipue</span> <span class='ocrx_word' id='word_1_88' title='bbox 429 1102 625 1162; x_wconf 84' lang='lat' dir='ltr'>admiratione.</span> <span class='ocrx_word' id='word_1_89' title='bbox 653 1102 736 1182; x_wconf 91' lang='lat' dir='ltr'>plura</span> <span class='ocrx_word' id='word_1_90' title='bbox 750 1110 845 1161; x_wconf 85' lang='lat' dir='ltr'>sutem</span> <span class='ocrx_word' id='word_1_91' title='bbox 860 1110 925 1160; x_wconf 87' lang='lat' dir='ltr'>sunt</span> <span class='ocrx_word' id='word_1_92' title='bbox 938 1119 1048 1177; x_wconf 79' lang='lat' dir='ltr'>genera</span> <span class='ocrx_word' id='word_1_93' title='bbox 1064 1116 1120 1161; x_wconf 89' lang='lat' dir='ltr'>nec</span> 
     </span>
     <span class='ocr_line' id='line_1_12' title="bbox 116 1184 1221 1263; baseline -0.005 -15"><span class='ocrx_word' id='word_1_94' title='bbox 116 1190 194 1249; x_wconf 91' lang='lat' dir='ltr'>dictu</span> <span class='ocrx_word' id='word_1_95' title='bbox 210 1188 378 1246; x_wconf 88' lang='lat' dir='ltr'>necessaria</span> <span class='ocrx_word' id='word_1_96' title='bbox 402 1188 429 1244; x_wconf 96' lang='lat' dir='ltr'>in</span> <span class='ocrx_word' id='word_1_97' title='bbox 450 1194 527 1246; x_wconf 87' lang='lat' dir='ltr'>tanta</span> <span class='ocrx_word' id='word_1_98' title='bbox 541 1188 651 1247; x_wconf 84' lang='lat' dir='ltr'>notitia.</span> <span class='ocrx_word' id='word_1_99' title='bbox 680 1184 838 1261; x_wconf 73' lang='lat' dir='ltr'>Phalangis</span> <span class='ocrx_word' id='word_1_100' title='bbox 855 1203 894 1245; x_wconf 85' lang='lat' dir='ltr'>ex</span> <span class='ocrx_word' id='word_1_101' title='bbox 909 1186 954 1245; x_wconf 89' lang='lat' dir='ltr'>isis</span> <span class='ocrx_word' id='word_1_102' title='bbox 969 1184 1118 1263; x_wconf 89' lang='lat' dir='ltr'>appellan·</span> <span class='ocrx_word' id='word_1_103' title='bbox 1218 1225 1221 1234; x_wconf 79' lang='lat'>,</span> 
     </span>
     <span class='ocr_line' id='line_1_13' title="bbox 116 1269 1118 1351; baseline -0.002 -20"><span class='ocrx_word' id='word_1_104' title='bbox 116 1282 161 1331; x_wconf 89' lang='lat' dir='ltr'>tsr</span> <span class='ocrx_word' id='word_1_105' title='bbox 178 1288 299 1351; x_wconf 88' lang='lat' dir='ltr'>qnorum</span> <span class='ocrx_word' id='word_1_106' title='bbox 313 1270 391 1329; x_wconf 86' lang='lat' dir='ltr'>noxii</span> <span class='ocrx_word' id='word_1_107' title='bbox 406 1287 531 1345; x_wconf 89' lang='lat' dir='ltr'>morsus,</span> <span class='ocrx_word' id='word_1_108' title='bbox 548 1286 656 1348; x_wconf 86' lang='lat' dir='ltr'>corpus</span> <span class='ocrx_word' id='word_1_109' title='bbox 670 1271 817 1347; x_wconf 78' lang='lat' dir='ltr'>exiguum,</span> <span class='ocrx_word' id='word_1_110' title='bbox 835 1270 954 1345; x_wconf 84' lang='lat' dir='ltr'>varium,</span> <span class='ocrx_word' id='word_1_111' title='bbox 975 1269 1118 1329; x_wconf 87' lang='lat' dir='ltr'>acumina·</span> 
     </span>
     <span class='ocr_line' id='line_1_14' title="bbox 115 1353 1118 1432; baseline -0.002 -17"><span class='ocrx_word' id='word_1_112' title='bbox 115 1366 184 1431; x_wconf 87' lang='lat' dir='ltr'>snm,</span> <span class='ocrx_word' id='word_1_113' title='bbox 201 1354 334 1415; x_wconf 90' lang='lat' dir='ltr'>adsultim</span> <span class='ocrx_word' id='word_1_114' title='bbox 348 1354 578 1430; x_wconf 82' lang='lat' dir='ltr'>ingredientium.</span> <span class='ocrx_word' id='word_1_115' title='bbox 598 1353 689 1415; x_wconf 85' lang='lat' dir='ltr'>altera</span> <span class='ocrx_word' id='word_1_116' title='bbox 705 1370 806 1413; x_wconf 87' lang='lat' dir='ltr'>eorum</span> <span class='ocrx_word' id='word_1_117' title='bbox 817 1354 935 1431; x_wconf 90' lang='lat' dir='ltr'>species</span> <span class='ocrx_word' id='word_1_118' title='bbox 950 1354 1024 1430; x_wconf 73' lang='lat' dir='ltr'>nigri</span> <span class='ocrx_word' id='word_1_119' title='bbox 1041 1354 1118 1432; x_wconf 88' lang='lat' dir='ltr'>prio·</span> 
     </span>
     <span class='ocr_line' id='line_1_15' title="bbox 115 1437 1117 1514; baseline -0.003 -14"><span class='ocrx_word' id='word_1_120' title='bbox 115 1439 195 1500; x_wconf 88' lang='lat' dir='ltr'>ribus</span> <span class='ocrx_word' id='word_1_121' title='bbox 211 1438 342 1499; x_wconf 88' lang='lat' dir='ltr'>cruribus</span> <span class='ocrx_word' id='word_1_122' title='bbox 358 1437 543 1514; x_wconf 76' lang='lat' dir='ltr'>longissimis,</span> <span class='ocrx_word' id='word_1_123' title='bbox 567 1438 699 1498; x_wconf 88' lang='lat' dir='ltr'>omnibus</span> <span class='ocrx_word' id='word_1_124' title='bbox 711 1438 873 1497; x_wconf 88' lang='lat' dir='ltr'>internodia</span> <span class='ocrx_word' id='word_1_125' title='bbox 887 1438 1013 1499; x_wconf 89' lang='lat' dir='ltr'>ternain</span> <span class='ocrx_word' id='word_1_126' title='bbox 1029 1439 1117 1497; x_wconf 91' lang='lat' dir='ltr'>cruri·</span> 
     </span>
     <span class='ocr_line' id='line_1_16' title="bbox 80 1517 1161 1601; baseline 0.002 -18"><span class='ocrx_word' id='word_1_127' title='bbox 80 1532 105 1575; x_wconf 80' lang='lat'>1⁵</span> <span class='ocrx_word' id='word_1_128' title='bbox 116 1524 180 1583; x_wconf 88' lang='lat' dir='ltr'>bus.</span> <span class='ocrx_word' id='word_1_129' title='bbox 193 1522 336 1601; x_wconf 86' lang='lat' dir='ltr'>Luporum</span> <span class='ocrx_word' id='word_1_130' title='bbox 347 1517 462 1581; x_wconf 74' lang='lat' dir='ltr'>minuas</span> <span class='ocrx_word' id='word_1_131' title='bbox 471 1538 528 1581; x_wconf 85' lang='lat' dir='ltr'>non</span> <span class='ocrx_word' id='word_1_132' title='bbox 540 1531 649 1583; x_wconf 83' lang='lat' dir='ltr'>texunt.</span> <span class='ocrx_word' id='word_1_133' title='bbox 667 1524 794 1582; x_wconf 87' lang='lat' dir='ltr'>maiores</span> <span class='ocrx_word' id='word_1_134' title='bbox 804 1522 833 1581; x_wconf 89' lang='lat' dir='ltr'>in</span> <span class='ocrx_word' id='word_1_135' title='bbox 845 1531 933 1597; x_wconf 86' lang='lat' dir='ltr'>terra,</span> <span class='ocrx_word' id='word_1_136' title='bbox 945 1530 975 1581; x_wconf 91' lang='lat' dir='ltr'>et</span> <span class='ocrx_word' id='word_1_137' title='bbox 986 1522 1161 1585; x_wconf 74' lang='lat' dir='ltr'>cavernisssd</span> 
     </span>
     <span class='ocr_line' id='line_1_17' title="bbox 116 1606 1117 1685; baseline -0.002 -18"><span class='ocrx_word' id='word_1_138' title='bbox 116 1610 221 1685; x_wconf 77' lang='lat' dir='ltr'>erigus</span> <span class='ocrx_word' id='word_1_139' title='bbox 237 1606 380 1667; x_wconf 88' lang='lat' dir='ltr'>vestibula</span> <span class='ocrx_word' id='word_1_140' title='bbox 395 1606 602 1684; x_wconf 87' lang='lat' dir='ltr'>praepandnnt.</span> <span class='ocrx_word' id='word_1_141' title='bbox 633 1608 749 1667; x_wconf 86' lang='lat' dir='ltr'>tertium</span> <span class='ocrx_word' id='word_1_142' title='bbox 769 1606 927 1668; x_wconf 83' lang='lat' dir='ltr'>eorundem</span> <span class='ocrx_word' id='word_1_143' title='bbox 944 1624 1037 1683; x_wconf 78' lang='lat' dir='ltr'>genus</span> <span class='ocrx_word' id='word_1_144' title='bbox 1053 1624 1117 1666; x_wconf 87' lang='lat' dir='ltr'>eru·</span> 
     </span>
     <span class='ocr_line' id='line_1_18' title="bbox 116 1690 1117 1770; baseline 0 -19"><span class='ocrx_word' id='word_1_145' title='bbox 116 1692 174 1751; x_wconf 90' lang='lat' dir='ltr'>dits</span> <span class='ocrx_word' id='word_1_146' title='bbox 189 1692 360 1770; x_wconf 82' lang='lat' dir='ltr'>operatione</span> <span class='ocrx_word' id='word_1_147' title='bbox 376 1690 571 1768; x_wconf 86' lang='lat' dir='ltr'>conspicuum.</span> <span class='ocrx_word' id='word_1_148' title='bbox 593 1690 704 1751; x_wconf 88' lang='lat' dir='ltr'>orditur</span> <span class='ocrx_word' id='word_1_149' title='bbox 719 1690 794 1751; x_wconf 89' lang='lat' dir='ltr'>telas</span> <span class='ocrx_word' id='word_1_150' title='bbox 805 1691 1044 1769; x_wconf 75' lang='lat' dir='ltr'>tantiqueoperis</span> <span class='ocrx_word' id='word_1_151' title='bbox 1059 1707 1117 1751; x_wconf 84' lang='lat' dir='ltr'>rna·</span> 
     </span>
     <span class='ocr_line' id='line_1_19' title="bbox 115 1774 1117 1853; baseline 0 -20"><span class='ocrx_word' id='word_1_152' title='bbox 115 1776 207 1835; x_wconf 85' lang='lat' dir='ltr'>terias</span> <span class='ocrx_word' id='word_1_153' title='bbox 224 1784 322 1839; x_wconf 88' lang='lat' dir='ltr'>uterus</span> <span class='ocrx_word' id='word_1_154' title='bbox 338 1774 427 1853; x_wconf 87' lang='lat' dir='ltr'>ipsius</span> <span class='ocrx_word' id='word_1_155' title='bbox 445 1774 560 1849; x_wconf 84' lang='lat' dir='ltr'>scilicit,</span> <span class='ocrx_word' id='word_1_156' title='bbox 578 1776 641 1837; x_wconf 88' lang='lat' dir='ltr'>sive</span> <span class='ocrx_word' id='word_1_157' title='bbox 652 1776 691 1835; x_wconf 89' lang='lat' dir='ltr'>ita</span> <span class='ocrx_word' id='word_1_158' title='bbox 704 1782 840 1853; x_wconf 85' lang='lat' dir='ltr'>corrupta</span> <span class='ocrx_word' id='word_1_159' title='bbox 855 1774 912 1835; x_wconf 83' lang='lat' dir='ltr'>alvi</span> <span class='ocrx_word' id='word_1_160' title='bbox 927 1783 1027 1835; x_wconf 89' lang='lat' dir='ltr'>natura</span> <span class='ocrx_word' id='word_1_161' title='bbox 1042 1783 1117 1835; x_wconf 86' lang='lat' dir='ltr'>stato</span> 
     </span>
     <span class='ocr_line' id='line_1_20' title="bbox 115 1857 1119 1937; baseline 0 -20"><span class='ocrx_word' id='word_1_162' title='bbox 115 1868 260 1937; x_wconf 89' lang='lat' dir='ltr'>tempore,</span> <span class='ocrx_word' id='word_1_163' title='bbox 272 1868 303 1917; x_wconf 90' lang='lat' dir='ltr'>ut</span> <span class='ocrx_word' id='word_1_164' title='bbox 314 1858 483 1919; x_wconf 84' lang='lat' dir='ltr'>Democrito</span> <span class='ocrx_word' id='word_1_165' title='bbox 495 1857 602 1937; x_wconf 83' lang='lat' dir='ltr'>placet,</span> <span class='ocrx_word' id='word_1_166' title='bbox 616 1861 678 1919; x_wconf 86' lang='lat' dir='ltr'>sive</span> <span class='ocrx_word' id='word_1_167' title='bbox 690 1867 736 1921; x_wconf 89' lang='lat' dir='ltr'>est</span> <span class='ocrx_word' id='word_1_168' title='bbox 747 1859 889 1937; x_wconf 79' lang='lat' dir='ltr'>quaedam</span> <span class='ocrx_word' id='word_1_169' title='bbox 899 1860 974 1919; x_wconf 89' lang='lat' dir='ltr'>intus</span> <span class='ocrx_word' id='word_1_170' title='bbox 987 1858 1119 1936; x_wconf 80' lang='lat' dir='ltr'>lanigera</span> 
     </span>
     <span class='ocr_line' id='line_1_21' title="bbox 78 1942 1118 2020; baseline 0.005 -25"><span class='ocrx_word' id='word_1_171' title='bbox 78 1954 105 1995; x_wconf 80' lang='lat' dir='ltr'>so</span> <span class='ocrx_word' id='word_1_172' title='bbox 116 1943 265 2017; x_wconf 81' lang='lat' dir='ltr'>fertilitas,</span> <span class='ocrx_word' id='word_1_173' title='bbox 282 1952 339 2001; x_wconf 86' lang='lat' dir='ltr'>tarn</span> <span class='ocrx_word' id='word_1_174' title='bbox 353 1942 502 2003; x_wconf 83' lang='lat' dir='ltr'>moderato</span> <span class='ocrx_word' id='word_1_175' title='bbox 520 1961 631 2020; x_wconf 78' lang='lat' dir='ltr'>ungara,</span> <span class='ocrx_word' id='word_1_176' title='bbox 648 1950 705 2003; x_wconf 88' lang='lat' dir='ltr'>tarn</span> <span class='ocrx_word' id='word_1_177' title='bbox 720 1945 807 2003; x_wconf 89' lang='lat' dir='ltr'>tereti</span> <span class='ocrx_word' id='word_1_178' title='bbox 821 1942 871 2003; x_wconf 89' lang='lat' dir='ltr'>illo</span> <span class='ocrx_word' id='word_1_179' title='bbox 887 1946 916 2003; x_wconf 83' lang='lat' dir='ltr'>&#39;et</span> <span class='ocrx_word' id='word_1_180' title='bbox 930 1952 988 2003; x_wconf 82' lang='lat' dir='ltr'>tans</span> <span class='ocrx_word' id='word_1_181' title='bbox 1003 1942 1118 2019; x_wconf 89' lang='lat' dir='ltr'>aequali</span> 
     </span>
     <span class='ocr_line' id='line_1_22' title="bbox 115 2024 1164 2102; baseline 0.005 -17"><span class='ocrx_word' id='word_1_182' title='bbox 115 2026 232 2085; x_wconf 83' lang='lat' dir='ltr'>deducit</span> <span class='ocrx_word' id='word_1_183' title='bbox 250 2026 383 2099; x_wconf 59' lang='lat' dir='ltr'>staminas</span> <span class='ocrx_word' id='word_1_184' title='bbox 400 2026 464 2102; x_wconf 88' lang='lat' dir='ltr'>ipso</span> <span class='ocrx_word' id='word_1_185' title='bbox 480 2043 513 2085; x_wconf 91' lang='lat' dir='ltr'>se</span> <span class='ocrx_word' id='word_1_186' title='bbox 530 2026 660 2102; x_wconf 91' lang='lat' dir='ltr'>pondere</span> <span class='ocrx_word' id='word_1_187' title='bbox 676 2044 755 2085; x_wconf 91' lang='lat' dir='ltr'>usus.</span> <span class='ocrx_word' id='word_1_188' title='bbox 786 2035 889 2085; x_wconf 85' lang='lat' dir='ltr'>texere</span> <span class='ocrx_word' id='word_1_189' title='bbox 904 2044 922 2086; x_wconf 89' lang='lat' dir='ltr'>s</span> <span class='ocrx_word' id='word_1_190' title='bbox 937 2024 1032 2085; x_wconf 78' lang='lat' dir='ltr'>medio</span> <span class='ocrx_word' id='word_1_191' title='bbox 1048 2026 1164 2089; x_wconf 80' lang='lat' dir='ltr'>ieci-81-</span> 
     </span>
     <span class='ocr_line' id='line_1_23' title="bbox 114 2102 1137 2187; baseline 0 -20"><span class='ocrx_word' id='word_1_192' title='bbox 114 2110 155 2187; x_wconf 89' lang='lat' dir='ltr'>pit</span> <span class='ocrx_word' id='word_1_193' title='bbox 173 2110 312 2169; x_wconf 92' lang='lat' dir='ltr'>circinato</span> <span class='ocrx_word' id='word_1_194' title='bbox 331 2108 404 2167; x_wconf 91' lang='lat' dir='ltr'>orbe</span> <span class='ocrx_word' id='word_1_195' title='bbox 421 2104 580 2167; x_wconf 87' lang='lat' dir='ltr'>subtemina</span> <span class='ocrx_word' id='word_1_196' title='bbox 596 2108 772 2183; x_wconf 80' lang='lat' dir='ltr'>adnectens,</span> <span class='ocrx_word' id='word_1_197' title='bbox 794 2108 982 2187; x_wconf 74' lang='lat' dir='ltr'>maculasque</span> <span class='ocrx_word' id='word_1_198' title='bbox 999 2107 1117 2186; x_wconf 88' lang='lat' dir='ltr'>paribus</span> <span class='ocrx_word' id='word_1_199' title='bbox 1134 2102 1137 2107; x_wconf 75' lang='grc'><strong>’</strong></span> 
     </span>
     <span class='ocr_line' id='line_1_24' title="bbox 115 2190 1115 2270; baseline 0 -19"><span class='ocrx_word' id='word_1_200' title='bbox 115 2210 232 2270; x_wconf 87' lang='lat' dir='ltr'>semper</span> <span class='ocrx_word' id='word_1_201' title='bbox 246 2190 405 2251; x_wconf 89' lang='lat' dir='ltr'>intervallis</span> <span class='ocrx_word' id='word_1_202' title='bbox 421 2190 474 2251; x_wconf 88' lang='lat' dir='ltr'>sed</span> <span class='ocrx_word' id='word_1_203' title='bbox 494 2190 615 2251; x_wconf 83' lang='lat' dir='ltr'>subinde</span> <span class='ocrx_word' id='word_1_204' title='bbox 631 2192 833 2253; x_wconf 85' lang='lat' dir='ltr'>crescentibus</span> <span class='ocrx_word' id='word_1_205' title='bbox 847 2211 888 2253; x_wconf 79' lang='lat' dir='ltr'>en</span> <span class='ocrx_word' id='word_1_206' title='bbox 907 2201 1031 2269; x_wconf 53' lang='lat' dir='ltr'>angusto</span> <span class='ocrx_word' id='word_1_207' title='bbox 1046 2191 1115 2253; x_wconf 90' lang='lat' dir='ltr'>dila·</span> 
     </span>
     <span class='ocr_line' id='line_1_25' title="bbox 114 2274 1117 2355; baseline 0 -20"><span class='ocrx_word' id='word_1_208' title='bbox 114 2285 177 2336; x_wconf 90' lang='lat' dir='ltr'>tans</span> <span class='ocrx_word' id='word_1_209' title='bbox 194 2274 387 2335; x_wconf 88' lang='lat' dir='ltr'>indissolubili</span> <span class='ocrx_word' id='word_1_210' title='bbox 402 2274 480 2336; x_wconf 91' lang='lat' dir='ltr'>nodo</span> <span class='ocrx_word' id='word_1_211' title='bbox 496 2275 624 2355; x_wconf 85' lang='lat' dir='ltr'>inplicat.</span> <span class='ocrx_word' id='word_1_212' title='bbox 656 2286 760 2353; x_wconf 84' lang='lat' dir='ltr'>quanta</span> <span class='ocrx_word' id='word_1_213' title='bbox 781 2285 844 2337; x_wconf 89' lang='lat' dir='ltr'>arte</span> <span class='ocrx_word' id='word_1_214' title='bbox 866 2276 943 2337; x_wconf 89' lang='lat' dir='ltr'>celat</span> <span class='ocrx_word' id='word_1_215' title='bbox 960 2276 1079 2354; x_wconf 90' lang='lat' dir='ltr'>pedicas</span> <span class='ocrx_word' id='word_1_216' title='bbox 1099 2294 1117 2335; x_wconf 90' lang='lat' dir='ltr'>a</span> 
     </span>
     <span class='ocr_line' id='line_1_26' title="bbox 78 2360 1116 2438; baseline -0.001 -18"><span class='ocrx_word' id='word_1_217' title='bbox 78 2370 105 2413; x_wconf 72' lang='lat' dir='ltr'>at</span> <span class='ocrx_word' id='word_1_218' title='bbox 116 2360 259 2420; x_wconf 88' lang='lat' dir='ltr'>scutulato</span> <span class='ocrx_word' id='word_1_219' title='bbox 275 2368 337 2419; x_wconf 91' lang='lat' dir='ltr'>rete</span> <span class='ocrx_word' id='word_1_220' title='bbox 353 2360 527 2435; x_wconf 83' lang='lat' dir='ltr'>grassantis!</span> <span class='ocrx_word' id='word_1_221' title='bbox 554 2377 638 2437; x_wconf 81' lang='lat' dir='ltr'>quam</span> <span class='ocrx_word' id='word_1_222' title='bbox 648 2376 706 2419; x_wconf 93' lang='lat' dir='ltr'>non</span> <span class='ocrx_word' id='word_1_223' title='bbox 723 2361 759 2421; x_wconf 91' lang='lat' dir='ltr'>ad</span> <span class='ocrx_word' id='word_1_224' title='bbox 774 2360 832 2421; x_wconf 85' lang='lat' dir='ltr'>lroo</span> <span class='ocrx_word' id='word_1_225' title='bbox 844 2360 956 2421; x_wconf 83' lang='lat' dir='ltr'>videtur</span> <span class='ocrx_word' id='word_1_226' title='bbox 970 2360 1116 2438; x_wconf 87' lang='lat' dir='ltr'>pertinere</span> 
     </span>
     <span class='ocr_line' id='line_1_27' title="bbox 115 2440 1170 2523; baseline -0.001 -20"><span class='ocrx_word' id='word_1_227' title='bbox 115 2443 268 2504; x_wconf 88' lang='lat' dir='ltr'>crebratae</span> <span class='ocrx_word' id='word_1_228' title='bbox 278 2444 399 2522; x_wconf 80' lang='lat' dir='ltr'>pexitas</span> <span class='ocrx_word' id='word_1_229' title='bbox 418 2443 495 2503; x_wconf 88' lang='lat' dir='ltr'>telae</span> <span class='ocrx_word' id='word_1_230' title='bbox 512 2452 539 2503; x_wconf 90' lang='lat' dir='ltr'>et</span> <span class='ocrx_word' id='word_1_231' title='bbox 552 2444 673 2522; x_wconf 84' lang='lat' dir='ltr'>quadam</span> <span class='ocrx_word' id='word_1_232' title='bbox 693 2445 837 2522; x_wconf 81' lang='lat' dir='ltr'>politurae</span> <span class='ocrx_word' id='word_1_233' title='bbox 863 2454 926 2505; x_wconf 90' lang='lat' dir='ltr'>arte</span> <span class='ocrx_word' id='word_1_234' title='bbox 943 2445 1008 2523; x_wconf 91' lang='lat' dir='ltr'>ipsa</span> <span class='ocrx_word' id='word_1_235' title='bbox 1023 2462 1056 2503; x_wconf 89' lang='lat' dir='ltr'>se</span> <span class='ocrx_word' id='word_1_236' title='bbox 1073 2452 1115 2502; x_wconf 85' lang='lat' dir='ltr'>te·</span> <span class='ocrx_word' id='word_1_237' title='bbox 1167 2440 1170 2447; x_wconf 82' lang='lat'>&#39;</span> 
     </span>
     <span class='ocr_line' id='line_1_28' title="bbox 113 2527 1116 2607; baseline -0.004 -18"><span class='ocrx_word' id='word_1_238' title='bbox 113 2546 170 2589; x_wconf 79' lang='lat' dir='ltr'>nan</span> <span class='ocrx_word' id='word_1_239' title='bbox 184 2530 259 2589; x_wconf 83' lang='lat' dir='ltr'>ratio</span> <span class='ocrx_word' id='word_1_240' title='bbox 275 2527 397 2588; x_wconf 83' lang='lat' dir='ltr'>tramae!</span> <span class='ocrx_word' id='word_1_241' title='bbox 414 2544 498 2607; x_wconf 81' lang='lat' dir='ltr'>quam</span> <span class='ocrx_word' id='word_1_242' title='bbox 510 2528 592 2589; x_wconf 83' lang='lat' dir='ltr'>laxus</span> <span class='ocrx_word' id='word_1_243' title='bbox 606 2528 643 2589; x_wconf 93' lang='lat' dir='ltr'>ad</span> <span class='ocrx_word' id='word_1_244' title='bbox 653 2528 737 2589; x_wconf 85' lang='lat' dir='ltr'>datus</span> <span class='ocrx_word' id='word_1_245' title='bbox 750 2547 785 2588; x_wconf 91' lang='lat' dir='ltr'>ac</span> <span class='ocrx_word' id='word_1_246' title='bbox 796 2546 853 2589; x_wconf 89' lang='lat' dir='ltr'>non</span> <span class='ocrx_word' id='word_1_247' title='bbox 864 2527 1029 2606; x_wconf 86' lang='lat' dir='ltr'>respuenda</span> <span class='ocrx_word' id='word_1_248' title='bbox 1042 2544 1116 2605; x_wconf 79' lang='lat' dir='ltr'>quae</span> 
     </span>
     <span class='ocr_line' id='line_1_29' title="bbox 113 2610 1158 2691; baseline 0 -20"><span class='ocrx_word' id='word_1_249' title='bbox 113 2614 230 2691; x_wconf 84' lang='lat' dir='ltr'>veniant</span> <span class='ocrx_word' id='word_1_250' title='bbox 245 2610 339 2671; x_wconf 86' lang='lat' dir='ltr'>sinus!</span> <span class='ocrx_word' id='word_1_251' title='bbox 356 2610 496 2683; x_wconf 82' lang='lat' dir='ltr'>derelicta</span> <span class='ocrx_word' id='word_1_252' title='bbox 509 2612 587 2673; x_wconf 88' lang='lat' dir='ltr'>lasso</span> <span class='ocrx_word' id='word_1_253' title='bbox 597 2613 747 2691; x_wconf 90' lang='lat' dir='ltr'>praetendi</span> <span class='ocrx_word' id='word_1_254' title='bbox 758 2631 867 2673; x_wconf 85' lang='lat' dir='ltr'>summa</span> <span class='ocrx_word' id='word_1_255' title='bbox 879 2622 962 2691; x_wconf 90' lang='lat' dir='ltr'>parte</span> <span class='ocrx_word' id='word_1_256' title='bbox 974 2612 1158 2673; x_wconf 64' lang='lat' dir='ltr'>arbitrareris</span> 
     </span>
     <span class='ocr_line' id='line_1_30' title="bbox 114 2694 1180 2775; baseline 0 -22"><span class='ocrx_word' id='word_1_257' title='bbox 114 2694 188 2753; x_wconf 90' lang='lat' dir='ltr'>licia.</span> <span class='ocrx_word' id='word_1_258' title='bbox 220 2706 248 2755; x_wconf 89' lang='lat' dir='ltr'>at</span> <span class='ocrx_word' id='word_1_259' title='bbox 266 2696 315 2756; x_wconf 92' lang='lat' dir='ltr'>ills</span> <span class='ocrx_word' id='word_1_260' title='bbox 330 2695 448 2755; x_wconf 85' lang='lat' dir='ltr'>diliicile</span> <span class='ocrx_word' id='word_1_261' title='bbox 465 2706 619 2757; x_wconf 87' lang='lat' dir='ltr'>cernuntur</span> <span class='ocrx_word' id='word_1_262' title='bbox 630 2706 718 2774; x_wconf 82' lang='lat' dir='ltr'>atque</span> <span class='ocrx_word' id='word_1_263' title='bbox 729 2706 760 2757; x_wconf 88' lang='lat' dir='ltr'>nt</span> <span class='ocrx_word' id='word_1_264' title='bbox 771 2698 799 2755; x_wconf 89' lang='lat' dir='ltr'>ic</span> <span class='ocrx_word' id='word_1_265' title='bbox 811 2696 906 2775; x_wconf 70' lang='lat' dir='ltr'>plagis</span> <span class='ocrx_word' id='word_1_266' title='bbox 922 2696 1008 2755; x_wconf 87' lang='lat' dir='ltr'>liniae</span> <span class='ocrx_word' id='word_1_267' title='bbox 1024 2695 1114 2755; x_wconf 79' lang='lat' dir='ltr'>oden·</span> <span class='ocrx_word' id='word_1_268' title='bbox 1177 2714 1180 2732; x_wconf 75' lang='lat'><strong>¹</strong></span> 
     </span>
     <span class='ocr_line' id='line_1_31' title="bbox 78 2780 1114 2858; baseline 0.003 -22"><span class='ocrx_word' id='word_1_269' title='bbox 78 2790 104 2835; x_wconf 83' lang='lat' dir='ltr'>ao</span> <span class='ocrx_word' id='word_1_270' title='bbox 114 2795 164 2837; x_wconf 91' lang='lat' dir='ltr'>sae</span> <span class='ocrx_word' id='word_1_271' title='bbox 180 2781 372 2857; x_wconf 89' lang='lat' dir='ltr'>praecipitant</span> <span class='ocrx_word' id='word_1_272' title='bbox 386 2781 414 2837; x_wconf 94' lang='lat' dir='ltr'>in</span> <span class='ocrx_word' id='word_1_273' title='bbox 429 2780 530 2839; x_wconf 88' lang='lat' dir='ltr'>sinum.</span> <span class='ocrx_word' id='word_1_274' title='bbox 561 2798 670 2858; x_wconf 82' lang='lat' dir='ltr'>specus</span> <span class='ocrx_word' id='word_1_275' title='bbox 684 2782 748 2858; x_wconf 92' lang='lat' dir='ltr'>ipse</span> <span class='ocrx_word' id='word_1_276' title='bbox 765 2798 820 2858; x_wconf 86' lang='lat' dir='ltr'>qus</span> <span class='ocrx_word' id='word_1_277' title='bbox 837 2789 1055 2839; x_wconf 82' lang='lat' dir='ltr'>concamaratur</span> <span class='ocrx_word' id='word_1_278' title='bbox 1068 2798 1114 2839; x_wconf 91' lang='lat' dir='ltr'>ar·</span> 
     </span>
     <span class='ocr_line' id='line_1_32' title="bbox 114 2860 1162 2942; baseline 0 -21"><span class='ocrx_word' id='word_1_279' title='bbox 114 2860 287 2923; x_wconf 87' lang='lat' dir='ltr'>cbitecturs!</span> <span class='ocrx_word' id='word_1_280' title='bbox 310 2871 340 2921; x_wconf 91' lang='lat' dir='ltr'>et</span> <span class='ocrx_word' id='word_1_281' title='bbox 355 2870 455 2922; x_wconf 87' lang='lat' dir='ltr'>contra</span> <span class='ocrx_word' id='word_1_282' title='bbox 470 2862 580 2940; x_wconf 78' lang='lat' dir='ltr'>frigora</span> <span class='ocrx_word' id='word_1_283' title='bbox 596 2872 702 2942; x_wconf 89' lang='lat' dir='ltr'>quanto</span> <span class='ocrx_word' id='word_1_284' title='bbox 719 2863 866 2927; x_wconf 86' lang='lat' dir='ltr'>villosior!</span> <span class='ocrx_word' id='word_1_285' title='bbox 888 2881 971 2941; x_wconf 87' lang='lat' dir='ltr'>quarn</span> <span class='ocrx_word' id='word_1_286' title='bbox 987 2873 1115 2924; x_wconf 82' lang='lat' dir='ltr'>remotus</span> <span class='ocrx_word' id='word_1_287' title='bbox 1156 2885 1162 2898; x_wconf 64' lang='grc'><em>’</em></span> 
     </span>
     <span class='ocr_line' id='line_1_33' title="bbox 84 2944 1113 3027; baseline 0 -22"><span class='ocrx_word' id='word_1_288' title='bbox 84 3020 91 3027; x_wconf 24' lang='grc'>1</span> <span class='ocrx_word' id='word_1_289' title='bbox 113 2944 235 3005; x_wconf 84' lang='lat' dir='ltr'>emedio</span> <span class='ocrx_word' id='word_1_290' title='bbox 247 2944 382 3024; x_wconf 82' lang='lat' dir='ltr'>aliudque</span> <span class='ocrx_word' id='word_1_291' title='bbox 397 2947 511 3021; x_wconf 75' lang='lat' dir='ltr'>agentis</span> <span class='ocrx_word' id='word_1_292' title='bbox 524 2947 633 3021; x_wconf 86' lang='lat' dir='ltr'>similis,</span> <span class='ocrx_word' id='word_1_293' title='bbox 645 2947 773 3007; x_wconf 89' lang='lat' dir='ltr'>inclusus</span> <span class='ocrx_word' id='word_1_294' title='bbox 784 2964 857 3007; x_wconf 81' lang='lat' dir='ltr'>vero</span> <span class='ocrx_word' id='word_1_295' title='bbox 871 2948 915 3007; x_wconf 90' lang='lat' dir='ltr'>sic</span> <span class='ocrx_word' id='word_1_296' title='bbox 927 2947 1006 3007; x_wconf 87' lang='lat' dir='ltr'>nteit</span> <span class='ocrx_word' id='word_1_297' title='bbox 1018 2964 1113 3010; x_wconf 79' lang='lat' dir='ltr'>nesse</span> 
     </span>
     <span class='ocr_line' id='line_1_34' title="bbox 112 3029 1113 3110; baseline -0.002 -19"><span class='ocrx_word' id='word_1_298' title='bbox 112 3031 186 3091; x_wconf 86' lang='lat' dir='ltr'>ictus</span> <span class='ocrx_word' id='word_1_299' title='bbox 203 3029 306 3107; x_wconf 88' lang='lat' dir='ltr'>aliquis</span> <span class='ocrx_word' id='word_1_300' title='bbox 325 3031 403 3089; x_wconf 85' lang='lat' dir='ltr'>corsi</span> <span class='ocrx_word' id='word_1_301' title='bbox 419 3046 477 3089; x_wconf 90' lang='lat' dir='ltr'>non</span> <span class='ocrx_word' id='word_1_302' title='bbox 492 3030 601 3108; x_wconf 86' lang='lat' dir='ltr'>possit!</span> <span class='ocrx_word' id='word_1_303' title='bbox 629 3048 684 3107; x_wconf 75' lang='lat' dir='ltr'>age</span> <span class='ocrx_word' id='word_1_304' title='bbox 701 3031 834 3105; x_wconf 75' lang='lat' dir='ltr'>tinnites,</span> <span class='ocrx_word' id='word_1_305' title='bbox 851 3031 965 3110; x_wconf 82' lang='lat' dir='ltr'>quando</span> <span class='ocrx_word' id='word_1_306' title='bbox 980 3047 1113 3107; x_wconf 84' lang='lat' dir='ltr'>rumpen-</span> 
     </span>
     <span class='ocr_line' id='line_1_35' title="bbox 112 3111 1156 3192; baseline 0.004 -20"><span class='ocrx_word' id='word_1_307' title='bbox 112 3111 187 3173; x_wconf 87' lang='lat' dir='ltr'>tibus</span> <span class='ocrx_word' id='word_1_308' title='bbox 202 3114 311 3173; x_wconf 84' lang='lat' dir='ltr'>ventis!</span> <span class='ocrx_word' id='word_1_309' title='bbox 338 3131 394 3190; x_wconf 91' lang='lat' dir='ltr'>qna</span> <span class='ocrx_word' id='word_1_310' title='bbox 416 3113 566 3191; x_wconf 85' lang='lat' dir='ltr'>pulverum</span> <span class='ocrx_word' id='word_1_311' title='bbox 587 3114 664 3177; x_wconf 84' lang='lat' dir='ltr'>mole</span> <span class='ocrx_word' id='word_1_312' title='bbox 680 3114 873 3192; x_wconf 71' lang='lat' dir='ltr'>depravante!</span> <span class='ocrx_word' id='word_1_313' title='bbox 900 3115 1020 3176; x_wconf 85' lang='lat' dir='ltr'>latitudo</span> <span class='ocrx_word' id='word_1_314' title='bbox 1036 3112 1156 3176; x_wconf 84' lang='lat' dir='ltr'>telse83</span> 
     </span>
     <span class='ocr_line' id='line_1_36' title="bbox 78 3190 1112 3274; baseline 0 -17"><span class='ocrx_word' id='word_1_315' title='bbox 78 3214 103 3257; x_wconf 86' lang='lat' dir='ltr'>as</span> <span class='ocrx_word' id='word_1_316' title='bbox 113 3190 202 3274; x_wconf 80' lang='lat' dir='ltr'>sadpe</span> <span class='ocrx_word' id='word_1_317' title='bbox 217 3198 290 3257; x_wconf 87' lang='lat' dir='ltr'>inter</span> <span class='ocrx_word' id='word_1_318' title='bbox 306 3197 376 3257; x_wconf 82' lang='lat' dir='ltr'>duaa</span> <span class='ocrx_word' id='word_1_319' title='bbox 389 3194 521 3273; x_wconf 77' lang='lat' dir='ltr'>arbores,</span> <span class='ocrx_word' id='word_1_320' title='bbox 539 3216 603 3257; x_wconf 82' lang='lat' dir='ltr'>curn</span> <span class='ocrx_word' id='word_1_321' title='bbox 615 3206 738 3257; x_wconf 85' lang='lat' dir='ltr'>exercet</span> <span class='ocrx_word' id='word_1_322' title='bbox 752 3207 845 3258; x_wconf 79' lang='lat' dir='ltr'>arten</span> <span class='ocrx_word' id='word_1_323' title='bbox 858 3208 888 3258; x_wconf 91' lang='lat' dir='ltr'>et</span> <span class='ocrx_word' id='word_1_324' title='bbox 896 3198 984 3259; x_wconf 87' lang='lat' dir='ltr'>discit</span> <span class='ocrx_word' id='word_1_325' title='bbox 997 3209 1112 3273; x_wconf 82' lang='lat' dir='ltr'>texere,</span> 
     </span>
     <span class='ocr_line' id='line_1_37' title="bbox 112 3278 1111 3361; baseline 0.004 -22"><span class='ocrx_word' id='word_1_326' title='bbox 112 3278 261 3357; x_wconf 81' lang='lat' dir='ltr'>longitudo</span> <span class='ocrx_word' id='word_1_327' title='bbox 276 3280 316 3340; x_wconf 85' lang='lat' dir='ltr'>isli</span> <span class='ocrx_word' id='word_1_328' title='bbox 332 3298 348 3340; x_wconf 91' lang='lat' dir='ltr'>a</span> <span class='ocrx_word' id='word_1_329' title='bbox 365 3280 489 3341; x_wconf 85' lang='lat' dir='ltr'>culmine</span> <span class='ocrx_word' id='word_1_330' title='bbox 504 3298 538 3341; x_wconf 91' lang='lat' dir='ltr'>ac</span> <span class='ocrx_word' id='word_1_331' title='bbox 554 3299 685 3341; x_wconf 73' lang='lat' dir='ltr'>rur-susa</span> <span class='ocrx_word' id='word_1_332' title='bbox 698 3291 785 3341; x_wconf 87' lang='lat' dir='ltr'>terra.</span> <span class='ocrx_word' id='word_1_333' title='bbox 802 3300 857 3361; x_wconf 87' lang='lat' dir='ltr'>per</span> <span class='ocrx_word' id='word_1_334' title='bbox 869 3282 940 3343; x_wconf 93' lang='lat' dir='ltr'>illud</span> <span class='ocrx_word' id='word_1_335' title='bbox 956 3284 1048 3361; x_wconf 87' lang='lat' dir='ltr'>ipsum</span> <span class='ocrx_word' id='word_1_336' title='bbox 1061 3300 1111 3343; x_wconf 86' lang='lat' dir='ltr'>re·</span> 
     </span>
     <span class='ocr_line' id='line_1_38' title="bbox 112 3364 1111 3444; baseline 0.001 -19"><span class='ocrx_word' id='word_1_337' title='bbox 112 3364 161 3425; x_wconf 85' lang='lat' dir='ltr'>lox</span> <span class='ocrx_word' id='word_1_338' title='bbox 177 3365 388 3443; x_wconf 90' lang='lat' dir='ltr'>reciprocatio,</span> <span class='ocrx_word' id='word_1_339' title='bbox 407 3364 540 3443; x_wconf 79' lang='lat' dir='ltr'>subitque</span> <span class='ocrx_word' id='word_1_340' title='bbox 557 3366 667 3444; x_wconf 88' lang='lat' dir='ltr'>pariter</span> <span class='ocrx_word' id='word_1_341' title='bbox 683 3382 720 3425; x_wconf 91' lang='lat' dir='ltr'>ac</span> <span class='ocrx_word' id='word_1_342' title='bbox 740 3366 789 3426; x_wconf 89' lang='lat' dir='ltr'>iila</span> <span class='ocrx_word' id='word_1_343' title='bbox 806 3366 932 3426; x_wconf 88' lang='lat' dir='ltr'>dedcoit.</span> <span class='ocrx_word' id='word_1_344' title='bbox 961 3386 1025 3426; x_wconf 88' lang='lat' dir='ltr'>cunr</span> <span class='ocrx_word' id='word_1_345' title='bbox 1040 3384 1111 3426; x_wconf 84' lang='lat' dir='ltr'>vero</span> 
     </span>
     <span class='ocr_line' id='line_1_39' title="bbox 112 3448 1112 3528; baseline 0 -19"><span class='ocrx_word' id='word_1_346' title='bbox 112 3456 228 3528; x_wconf 85' lang='lat' dir='ltr'>captura</span> <span class='ocrx_word' id='word_1_347' title='bbox 243 3448 357 3525; x_wconf 90' lang='lat' dir='ltr'>incidit,</span> <span class='ocrx_word' id='word_1_348' title='bbox 377 3466 460 3526; x_wconf 85' lang='lat' dir='ltr'>qnam</span> <span class='ocrx_word' id='word_1_349' title='bbox 479 3450 602 3527; x_wconf 72' lang='lat' dir='ltr'>vigilans</span> <span class='ocrx_word' id='word_1_350' title='bbox 618 3458 648 3509; x_wconf 90' lang='lat' dir='ltr'>et</span> <span class='ocrx_word' id='word_1_351' title='bbox 661 3460 779 3528; x_wconf 86' lang='lat' dir='ltr'>paratus</span> <span class='ocrx_word' id='word_1_352' title='bbox 793 3450 829 3510; x_wconf 90' lang='lat' dir='ltr'>sd</span> <span class='ocrx_word' id='word_1_353' title='bbox 845 3450 961 3511; x_wconf 83' lang='lat' dir='ltr'>cursus!</span> <span class='ocrx_word' id='word_1_354' title='bbox 980 3450 1048 3511; x_wconf 86' lang='lat' dir='ltr'>licet</span> <span class='ocrx_word' id='word_1_355' title='bbox 1061 3468 1112 3511; x_wconf 79' lang='lat' dir='ltr'>erc</span> 
     </span>
    </p>
   </div>
   <div class='ocr_carea' id='block_1_3' title="bbox 0 0 1276 3842">
    <p class='ocr_par' dir='ltr' id='par_1_3' title="bbox 0 0 1276 3842">
     <span class='ocr_line' id='line_1_40' title="bbox 0 0 1276 3842; baseline 0 2"><span class='ocrx_word' id='word_1_356' title='bbox 0 0 1276 3842; x_wconf 95' lang='lat' dir='ltr'> </span> 
     </span>
    </p>
   </div>
  </div>
 </body>
</html>
