2542 3842
389 520 426 605 d.
454 520 607 605 Phllil
634 519 868 605 subulo}

123 684 127 691 '
235 673 610 769 llATIlltAhll
653 673 1020 770 llllTiiltlAll

465 830 788 904 ausuum.

529 996 704 1007 ...n-..—

188 1103 287 1183 (Sect.
313 1104 358 1184 1.)
379 1102 495 1163 Tertius
516 1102 654 1183 Europae
676 1105 755 1165 siuns
776 1103 1001 1165 Acrocerauniis
1025 1104 1153 1183 incipitl

123 1186 284 1261 montibus,
309 1186 403 1246 linitur
423 1186 632 1265 Hellesponto,
657 1187 840 1266 amplectitur
860 1196 979 1266 praeter
999 1189 1126 1248 minores

124 1272 204 1331 sinus
228 1268 337 1329 XVIIII
358 1266 440 1329 XXV
466 1278 588 1330 centena
611 1270 689 1331 milia
716 1287 860 1348 passuum.
890 1269 922 1329 ln
946 1287 983 1329 eo
1005 1269 1123 1347 Ilpiros,

124 1347 299 1427 Acarnania,
318 1351 444 1427 Aetolia,
461 1351 578 1427 Phocis,
593 1351 705 1426 Locris,
723 1351 844 1427 Achaia,
861 1350 1016 1428 Messenia,
1032 1352 1124 1425 haco-

103 1438 208 1511 uuioa,
231 1434 367 1511 Argolis,
389 1433 534 1511 Megaris,
551 1433 667 1511 Attice,
682 1434 819 1510 Boeotia,
838 1436 997 1514 iterumque
1014 1434 1051 1494 ab
1067 1435 1125 1494 alio

118 1519 196 1587 ¹mari
216 1518 319 1577 eadem
342 1516 446 1576 Phocis
470 1526 499 1576 et
519 1516 635 1594 Locris,
657 1518 761 1593 Doris,
784 1516 939 1594 Phthiotis,
962 1517 1123 1593 Thessalia,

124 1600 291 1678 Magnesia,
307 1599 493 1675 lilacedouia,
516 1598 649 1661 Thracia.
683 1600 780 1659 Omnis
797 1598 938 1661 Graeciae
952 1600 1125 1660 fabulositas

125 1684 200 1745 sicut
215 1692 245 1743 ct
260 1682 418 1742 litterarum
437 1682 606 1743 claritasex
620 1682 679 1743 hoc
695 1683 813 1760 prImum
828 1684 890 1741 sinu
911 1683 1032 1759 effulsit,
1054 1700 1123 1761 qua·

127 1774 251 1846 propter
265 1764 411 1843 paululum
426 1765 454 1823 iu
471 1782 508 1823 eo
524 1765 763 1825 commorabimur.
796 1764 904 1844 Epiros
918 1767 946 1824 in
961 1766 1152 1825 uniuersumt

89 1875 116 1917 10
126 1848 274 1927 appellata
289 1846 514 1907 Acrocerauniis
534 1848 634 1927 Incipit
653 1848 806 1908 montibus.
836 1850 865 1908 in
881 1868 916 1908 ea
931 1849 1014 1927 primi
1029 1846 1123 1907 Chao·

124 1926 589 2091 itlttllttiiliiiaiiit
598 1929 770 2075 Tollit
786 1930 1125 2073 titillabit
1141 1922 1149 1932 ⁸

120 2114 248 2177 apuorum
264 2112 347 2155 mons
361 2095 476 2169 Pindus,
493 2093 677 2173 Cassiopaei,
693 2055 841 2172 Drpo’pes,
858 2058 976 2168 Sello'e,
993 2093 1123 2170 Pilopes,

125 2178 247 2239 blolossi
262 2179 337 2257 apud
353 2195 426 2256 quos
444 2177 596 2237 Dodonaei
610 2177 688 2236 lovis
702 2176 839 2254 templum
855 2176 974 2236 oraculo
992 2175 1122 2248 inlustre,

90 2288 116 2327 ss
128 2262 267 2322 Tamarus
288 2276 370 2320 mous
395 2270 509 2321 centum
534 2259 663 2320 lontibus
687 2259 764 2319 circa
790 2259 906 2319 radices
930 2256 1122 2336 Theopompo

127 2343 303 2405 celebratus.

187 2424 260 2504 Gap.
280 2426 306 2484 1.
324 2424 430 2505 Epiros
451 2426 514 2504 ipsa
539 2425 575 2486 ad
594 2423 772 2503 Magnesiam
788 2423 1044 2502 Macedoniamque
1059 2423 1151 2481 ten-3

127 2509 199 2570 dens
217 2516 333 2585 atergo
356 2526 408 2567 suo
423 2509 596 2569 Dassaretas
617 2526 705 2588 supra
724 2510 834 2584 dictos,
855 2508 976 2568 liberam
991 2513 1118 2582 gentem,
1129 2497 1163 2566 iu

125 2608 195 2652 mox
215 2589 307 2649 ieram
323 2590 474 2652 Dardanos
495 2592 592 2653 habet.
622 2591 766 2652 Dardanis
786 2592 872 2651 laevo
894 2589 1013 2650 Triballi
1036 2605 1121 2665 prae-

90 2692 117 2735 ao
127 2674 281 2735 tenduntur
295 2673 387 2734 latere
411 2683 441 2733 et
454 2674 602 2734 hloesicae
617 2684 741 2745 pentes.
764 2675 859 2734 fronte
881 2674 1030 2747 iunguntur
1044 2666 1122 2728 hledi

125 2774 160 2817 nc
171 2754 359 2835 Denselatae,
377 2756 480 2834 quibus
492 2756 621 2817 Thraces
637 2758 673 2817 ad
688 2753 806 2815 Pontum
822 2772 914 2832 usque
931 2753 1120 2832 pertinentes.

125 2839 164 2899 ita
181 2838 328 2897 succincta
343 2837 504 2915 Rhodopes
518 2856 586 2898 mox
601 2850 629 2899 et
644 2839 745 2899 Haemi
759 2838 882 2898 vallatur
896 2833 1063 2894 excelsitas.
1088 2831 1150 2891 Inl

125 2919 207 2999 Epiri
223 2937 275 2979 ora
288 2921 437 2981 castellum
452 2923 480 2980 in
495 2920 721 2981 Acrocerauniis
736 2918 880 2992 chimera,
898 2916 951 2975 sub
968 2933 1004 2974 eo
1019 2914 1122 2992 Aquae

99 3029 102 3034 ·
126 3004 228 3079 regiae
243 3001 318 3061 lons.
346 3004 454 3082 oppida
468 3002 649 3079 blacandrIa,
667 2999 796 3076 Gestria,
812 2998 916 3060 flumen
931 2997 1123 3073 Thesprotiae

89 3083 281 3160 nsThparuIs,
308 3084 423 3146 colonia
445 3086 629 3159 Buthrotum,
658 3100 847 3160 maxumeque
868 3081 1034 3141 nobilitatus
1055 3079 1123 3137 Am·

127 3166 242 3227 bracius
257 3167 351 3242 sinus,
369 3168 396 3227 D
412 3186 490 3244 pass.
506 3167 639 3227 faucibus
660 3167 818 3244 spatiosum
837 3181 948 3243 aequor
963 3162 1123 3240 accipiens,

126 3248 312 3325 longitudinis
327 3248 508 3310 XXXVIIII
523 3266 614 3327 pass,
630 3249 786 3308 latitudiuis
802 3246 857 3307 XV
870 3246 909 3306 hl.
941 3244 974 3305 In
991 3263 1055 3303 eum
1072 3243 1122 3301 de·

126 3330 219 3390 fertur
241 3332 330 3390 amnis
354 3328 494 3391 Acheron
517 3350 534 3391 e
557 3332 622 3391 lacu
648 3329 841 3409 Thesprotiae
865 3328 1028 3389 AcherusIa
1056 3341 1123 3403 pro·

126 3412 219 3474 Auens
235 3410 403 3477 XXXVIII
422 3430 501 3495 pass.
524 3414 590 3476 inde
612 3423 643 3474 et
656 3412 735 3473 mille
759 3413 865 3494 pedum
881 3418 969 3493 ponte
986 3405 1125 3469 mirabilis
