2542 3842
47 218 52 224 .
154 147 211 211 182
232 161 262 210 c.
279 161 375 210 annu
391 161 541 212 ssounnr
553 135 743 214 liutmun.
759 167 825 217 1111.
842 164 962 220 aa—ae.
981 154 1130 240 (es-37.)

150 331 255 374 censes
274 313 322 391 qui
336 310 504 387 Plumbarii,
528 309 689 374 Oceienscs
706 314 753 392 qui
769 321 799 374 et
812 312 1005 389 Lancienses,
1023 313 1142 376 Turduli

149 395 344 474 quiEarduii,
361 404 390 454 et
406 394 523 472 Tapori.
553 393 725 456 Lusitaniam
742 415 806 456 cum
819 395 936 457 Asturia
952 407 981 456 et
996 397 1143 459 Gallaecia

147 488 249 558 patere
272 478 449 555 longitudine
474 475 551 538 DXL
574 477 604 537 Μ
629 497 726 557 pass,
754 479 901 554 latitudine
927 477 1077 540 DXXXVi
1101 480 1141 555 iii,

148 563 279 642 Agrippa
296 561 432 640 prodidit.
448 578 548 620 omnes
564 570 659 622 autem
672 562 827 642 Hispaniae
843 562 983 624 asinabus
999 562 1142 640 Pyrenaei

146 646 352 724 promontoriis
369 662 424 722 per
437 645 542 718 maria,
563 647 651 704 totius
673 663 743 705 orae
766 647 886 706 circuitu
906 646 1034 715 Μ,
1057 645 1167 712 ΧΧ11,5

147 729 224 788 milia
237 728 380 805 colligere
395 728 617 801 existumentur,
634 727 670 786 ab
687 728 751 788 aliis
765 731 850 796 pix-vy
863 731 951 792 milia.

105 820 157 874 119
219 810 303 891 (36.)
329 810 374 870 Ex
403 810 526 868 adverso
554 805 731 871 Celtiberiae
757 812 914 889 conplures
940 821 1004 872 sunt
1029 811 1142 880 insulae

147 892 342 954 Cassiteridas
360 892 455 951 dictae
472 889 620 950 Graecisa
638 891 785 952 fertilitate
799 894 925 972 plumbi,
942 905 971 954 et
987 913 1004 954 e
1019 896 1141 971 regione

145 975 369 1038 Arrotrebarum
390 973 569 1053 promontori
591 973 720 1035 Deorum
745 994 814 1050 sex,
843 994 915 1055 quas
928 978 1016 1056 aliqui
1038 976 1140 1036 Portu-

42 1076 44 1082 ·
145 1069 226 1120 natas
242 1057 441 1136 appellavere.
457 1057 485 1114 in
501 1058 566 1132 ipso
581 1075 653 1118 vero
671 1059 765 1136 capita
780 1059 916 1120 Baeticae
932 1060 967 1120 ab
984 1061 1059 1120 ostio
1074 1059 1142 1120 freti
1151 1074 1177 1116 ic

132 1140 227 1203 'XXV
240 1141 298 1202 mii.
317 1157 394 1219 pass.
412 1138 514 1216 Gadis,
539 1139 643 1217 ionga,
664 1150 694 1200 ut
709 1141 846 1216 Polybius
862 1143 979 1218 scribit,
999 1141 1054 1202 XII
1067 1143 1140 1218 mil,

145 1226 204 1287 iata
218 1223 259 1285 111
273 1225 331 1283 mii.
349 1240 494 1300 passuum.
521 1223 638 1283 abesto
655 1226 817 1286 continente
833 1242 973 1304 proxuma
991 1234 1073 1304 parte
1090 1226 1141 1284 mi·

144 1327 199 1368 nus
215 1309 309 1386 pedes
325 1304 420 1381 DCG,
442 1305 554 1385 reliqua
570 1306 635 1384 pius
650 1307 704 1368 Vll
717 1309 776 1368 mii.
792 1326 937 1386 passuum.
968 1309 1059 1386 ipsius
1072 1324 1140 1385 spa·

144 1392 213 1451 tium
227 1389 282 1449 XV
295 1388 325 1448 li
338 1407 474 1467 passuum
490 1397 545 1449 est.
574 1389 662 1450 babet
677 1391 814 1468 oppidum
830 1393 932 1450 civium
947 1390 1141 1450 Romanorum
1259 1417 1260 1422 ¹

104 1485 156 1538 120
166 1474 215 1553 qui
241 1472 424 1551 appellantur
449 1469 624 1548 Augustani·
637 1472 709 1531 urbe
735 1471 806 1534 iulia
838 1471 985 1534 Giaditana.
1024 1471 1071 1532 Ab
1099 1489 1136 1532 eo
1149 1484 1176 1527 is

144 1557 237 1618 latere
259 1571 317 1633 quo
337 1554 502 1632 Hispaniam
522 1563 636 1631 spectat
656 1555 790 1632 passibus
813 1556 877 1616 iere
896 1554 919 1616 G
938 1557 1029 1617 altera
1044 1554 1141 1616 insuia

145 1648 191 1699 est
206 1639 294 1714 ionga
309 1636 349 1697 ili
363 1636 393 1696 lii
408 1654 506 1714 pass,
522 1634 636 1713 lata**,
656 1639 684 1697 in
700 1655 756 1716 qua
774 1640 852 1716 prius
869 1640 1006 1717 oppidum
1022 1637 1141 1698 Gadium

145 1722 206 1784 luit.
234 1725 356 1780 vocatur
376 1718 412 1778 ab
429 1718 548 1796 proro
567 1728 597 1778 ct
618 1719 767 1781 Philistide
782 1720 917 1798 Erythia,
940 1741 956 1782 a
975 1723 1094 1782 'limace
1110 1729 1141 1779 et

144 1804 244 1866 Sileno
260 1801 469 1881 Aphrodisias,
484 1801 521 1860 ab
537 1802 680 1878 indigenis
696 1803 821 1865 lunonis.
851 1804 990 1864 Maiorem
1006 1804 1139 1863 Timaeus

137 1887 308 1948 Petinusam
333 1903 350 1945 a
379 1885 475 1961 puteis
497 1887 652 1946 vocitatam
678 1889 733 1964 ait,
761 1888 852 1947 nostri
870 1887 1012 1948 Tarteson
1036 1885 1175 1963 appel-20

143 1970 218 2044 lant,
246 1969 345 2032 Poeni¹
365 1965 452 2028 Gadis
478 1967 517 2026 ita
545 1966 651 2029 Punica
679 1970 775 2048 lingula
801 1987 921 2048 saepem
945 1969 1137 2046 significante.

142 2051 263 2126 Erythia
284 2052 360 2112 dicta
380 2058 442 2126 cst,
470 2052 602 2127 quoniam
623 2051 702 2126 Tyrii
722 2054 889 2130 aborigines
912 2071 1011 2113 eorum
1026 2051 1081 2111 orti
1101 2049 1138 2110 ab

141 2134 307 2210 Erythraeo
322 2135 392 2194 mari
407 2133 583 2195 ferebantur.
602 2136 631 2194 in
645 2135 700 2196 hae
716 2135 866 2213 Geryones
881 2136 1028 2196 babitasse
1044 2152 1061 2194 a
1076 2134 1138 2212 qui·

142 2218 262 2277 busdam
279 2218 481 2292 existumatur,
498 2219 579 2278 cuius
593 2229 721 2280 armenta
735 2219 876 2280 Hercules
890 2218 1050 2278 abduxerit.
1071 2223 1139 2276 sunt
1258 2231 1259 2240 ¹

142 2302 191 2378 qui
207 2302 290 2362 aliam
305 2317 372 2358 esse
388 2317 452 2358 eam
468 2308 497 2357 et
512 2310 612 2359 contra
626 2300 798 2361 Lusitaniam
813 2300 1003 2377 arbitrentur,
1016 2298 1173 2362 eodem-sa

142 2401 199 2462 que
215 2384 329 2442 nomine
345 2382 484 2459 quandam
500 2380 540 2439 ibi
554 2380 712 2458 appeliant.

100 2477 150 2529 121
212 2463 263 2523 23.
293 2463 377 2539 (37.)
399 2461 521 2520 Peracto
548 2460 654 2520 ambitu
674 2462 811 2540 Europae
832 2462 982 2522 reddenda
1004 2479 1135 2524 consum·

141 2546 227 2606 matio
244 2553 304 2618 est,
330 2561 367 2601 ne
389 2541 456 2619 quid
476 2559 533 2600 non
552 2543 580 2600 in
597 2544 735 2619 expedito
757 2546 793 2603 sit
813 2559 938 2603 noscere
959 2543 1133 2620 volentibus.

140 2626 358 2704 Longitudiuem
373 2625 435 2683 eius
449 2622 649 2683 Artemidorus
665 2633 751 2702 atque
766 2624 894 2686 isidorus
912 2645 928 2686 a
945 2625 1032 2684 Tanai
1049 2624 1137 2685 Gadis

139 2710 266 2779 ffiffi.
292 2707 375 2768 Xiili
400 2706 430 2767 ti
453 2723 532 2784 pass.
562 2707 758 2784 prodiderunt.
795 2706 934 2782 Polybius
959 2707 1136 2770 latitudinem
1146 2731 1173 2774 so

139 2795 277 2873 Europae
298 2790 435 2851 abitalia
456 2788 493 2848 ad
513 2807 653 2849 oceanum
675 2792 793 2871 scripsit
806 2793 853 2857 ᾗ,
874 2789 1031 2870 Llipass.
1056 2808 1135 2867 asse,
1257 2837 1258 2848 ,

99 2888 149 2942 122
161 2880 245 2938 etiam
265 2885 323 2934 tum
342 2875 513 2952 inconperta
531 2873 735 2949 magnitudine.
771 2874 825 2935 Est
853 2883 948 2935 autem
967 2873 1058 2950 ipsius
1080 2873 1136 2934 lta·
1257 2907 1258 2958 3

107 2960 218 3036 igibus,
243 2967 274 3019 ut
292 2957 431 3030 diximus,
451 2955 496 3022 ii,
512 2954 611 3015 xxti
626 2957 662 3016 ad
677 2955 776 3035 Alpis,
800 2957 875 3017 unde
896 2976 952 3035 per
971 2955 1153 3034 Lugdunum¹
1191 2986 1193 2990 ·
1257 2967 1258 3000 i

140 3043 176 3102 ad
199 3051 312 3120 portum
337 3038 514 3098 Morinorum
534 3038 742 3115 Britannicum,
767 3057 823 3118 qua
842 3040 956 3100 videtur
975 3051 1137 3100 mensuram

141 3143 231 3202 agere
253 3121 406 3196 Polybius,
427 3123 474 3190 ῗιῖ,
491 3120 632 3180 LXVllll.
666 3122 718 3182 sed
741 3124 849 3182 certior
870 3139 1002 3181 mensura
1023 3139 1058 3182 ac
1073 3122 1170 3188 lon-ss
1257 3115 1258 3209 l

139 3209 206 3285 gior
230 3206 266 3265 ad
291 3221 426 3262 occasum
447 3203 519 3264 solis
541 3205 643 3263 aestivi
667 3207 828 3283 ostiumque
849 3204 943 3264 libeni
964 3221 1019 3283 per
1039 3212 1135 3264 castra

140 3289 288 3366 legionum
304 3284 473 3346 Germaniae
493 3285 529 3345 ab
545 3287 647 3346 iisdem
666 3287 790 3365 Alpibus
803 3288 948 3364 dirigitur,
970 3287 1029 3352 XV.
1044 3284 1136 3347 XLiii

141 3370 171 3430 li
183 3386 328 3451 passuum.
356 3367 429 3428 ilinc
444 3367 549 3428 deinde
563 3368 664 3430 Airiea
680 3378 766 3448 atque
780 3368 853 3432 Asia
868 3371 1007 3432 dicentur.
1057 3401 1060 3410 ·
1164 3369 1167 3373 ’
