<?xml version="1.0" encoding="UTF-8"?>
<!DOCTYPE html PUBLIC "-//W3C//DTD XHTML 1.0 Transitional//EN"
    "http://www.w3.org/TR/xhtml1/DTD/xhtml1-transitional.dtd">
<html xmlns="http://www.w3.org/1999/xhtml" xml:lang="en" lang="en">
 <head>
  <title>
</title>
<meta http-equiv="Content-Type" content="text/html;charset=utf-8" />
  <meta name='ocr-system' content='tesseract 3.04.00' />
  <meta name='ocr-capabilities' content='ocr_page ocr_carea ocr_par ocr_line ocrx_word'/>
</head>
<body>
  <div class='ocr_page' id='page_1' title='image "./cplinisecundina25plingoog_0494.png"; bbox 0 0 2542 3842; ppageno 0'>
   <div class='ocr_carea' id='block_1_1' title="bbox 181 138 820 239">
    <p class='ocr_par' dir='ltr' id='par_1_1' title="bbox 181 138 820 239">
     <span class='ocr_line' id='line_1_1' title="bbox 181 138 820 239; baseline -0.006 -10"><span class='ocrx_word' id='word_1_1' title='bbox 181 172 243 239; x_wconf 25' lang='lat'><strong>1561</strong></span> <span class='ocrx_word' id='word_1_2' title='bbox 313 138 325 155; x_wconf 59' lang='grc'>’</span> <span class='ocrx_word' id='word_1_3' title='bbox 515 180 543 229; x_wconf 90' lang='lat' dir='ltr'><strong>c.</strong></span> <span class='ocrx_word' id='word_1_4' title='bbox 561 182 656 234; x_wconf 76' lang='lat' dir='ltr'><strong>eurus</strong></span> <span class='ocrx_word' id='word_1_5' title='bbox 672 178 820 227; x_wconf 79' lang='lat' dir='ltr'><strong>saeuum</strong></span> 
     </span>
    </p>
   </div>
   <div class='ocr_carea' id='block_1_2' title="bbox 85 328 1260 3511">
    <p class='ocr_par' dir='ltr' id='par_1_2' title="bbox 85 328 1260 3511">
     <span class='ocr_line' id='line_1_2' title="bbox 175 328 1166 413; baseline -0.001 -18"><span class='ocrx_word' id='word_1_6' title='bbox 175 328 253 410; x_wconf 75' lang='lat' dir='ltr'><strong>byei,</strong></span> <span class='ocrx_word' id='word_1_7' title='bbox 269 336 293 393; x_wconf 90' lang='lat' dir='ltr'><strong>si</strong></span> <span class='ocrx_word' id='word_1_8' title='bbox 309 334 422 411; x_wconf 87' lang='lat' dir='ltr'><strong>bibere,</strong></span> <span class='ocrx_word' id='word_1_9' title='bbox 434 337 598 395; x_wconf 87' lang='lat' dir='ltr'><strong>moriuntur.</strong></span> <span class='ocrx_word' id='word_1_10' title='bbox 626 354 747 412; x_wconf 75' lang='lat' dir='ltr'><strong>orygem</strong></span> <span class='ocrx_word' id='word_1_11' title='bbox 757 342 900 413; x_wconf 86' lang='lat' dir='ltr'><strong>perpetuo</strong></span> <span class='ocrx_word' id='word_1_12' title='bbox 915 335 1036 393; x_wconf 87' lang='lat' dir='ltr'><strong>sitientia</strong></span> <span class='ocrx_word' id='word_1_13' title='bbox 1047 334 1166 394; x_wconf 80' lang='lat' dir='ltr'><strong>Africae</strong></span> 
     </span>
     <span class='ocr_line' id='line_1_3' title="bbox 176 416 1164 498; baseline 0 -21"><span class='ocrx_word' id='word_1_14' title='bbox 176 427 316 496; x_wconf 84' lang='lat' dir='ltr'><strong>generant</strong></span> <span class='ocrx_word' id='word_1_15' title='bbox 332 436 368 476; x_wconf 88' lang='lat' dir='ltr'><strong>ex</strong></span> <span class='ocrx_word' id='word_1_16' title='bbox 389 428 487 479; x_wconf 88' lang='lat' dir='ltr'><strong>natura</strong></span> <span class='ocrx_word' id='word_1_17' title='bbox 503 419 561 481; x_wconf 91' lang='lat' dir='ltr'><strong>loci</strong></span> <span class='ocrx_word' id='word_1_18' title='bbox 577 417 819 498; x_wconf 84' lang='lat' dir='ltr'><strong>potu&#39;carentem,</strong></span> <span class='ocrx_word' id='word_1_19' title='bbox 842 427 871 477; x_wconf 90' lang='lat' dir='ltr'><strong>et</strong></span> <span class='ocrx_word' id='word_1_20' title='bbox 889 416 1009 495; x_wconf 81' lang='lat' dir='ltr'><strong>mirabili</strong></span> <span class='ocrx_word' id='word_1_21' title='bbox 1025 418 1111 476; x_wconf 89' lang='lat' dir='ltr'><strong>modo</strong></span> <span class='ocrx_word' id='word_1_22' title='bbox 1129 420 1164 477; x_wconf 94' lang='lat' dir='ltr'><strong>ad</strong></span> 
     </span>
     <span class='ocr_line' id='line_1_4' title="bbox 176 501 1164 582; baseline -0.002 -21"><span class='ocrx_word' id='word_1_23' title='bbox 176 501 304 561; x_wconf 89' lang='lat' dir='ltr'><strong>remedia</strong></span> <span class='ocrx_word' id='word_1_24' title='bbox 319 503 479 561; x_wconf 77' lang='lat' dir='ltr'><strong>sitientium.</strong></span> <span class='ocrx_word' id='word_1_25' title='bbox 513 520 635 582; x_wconf 88' lang='lat' dir='ltr'><strong>namque</strong></span> <span class='ocrx_word' id='word_1_26' title='bbox 653 502 765 563; x_wconf 77' lang='lat' dir='ltr'><strong>Gaetuli</strong></span> <span class='ocrx_word' id='word_1_27' title='bbox 781 501 908 560; x_wconf 87' lang='lat' dir='ltr'><strong>latrones</strong></span> <span class='ocrx_word' id='word_1_28' title='bbox 923 519 960 560; x_wconf 91' lang='lat' dir='ltr'><strong>eo</strong></span> <span class='ocrx_word' id='word_1_29' title='bbox 975 501 1074 560; x_wconf 87' lang='lat' dir='ltr'><strong>durant</strong></span> <span class='ocrx_word' id='word_1_30' title='bbox 1085 503 1164 578; x_wconf 79' lang='lat' dir='ltr'><strong>puxi-</strong></span> 
     </span>
     <span class='ocr_line' id='line_1_5' title="bbox 178 583 1164 664; baseline -0.004 -19"><span class='ocrx_word' id='word_1_31' title='bbox 178 586 216 645; x_wconf 90' lang='lat' dir='ltr'><strong>lio</strong></span> <span class='ocrx_word' id='word_1_32' title='bbox 238 586 361 662; x_wconf 90' lang='lat' dir='ltr'><strong>repertis</strong></span> <span class='ocrx_word' id='word_1_33' title='bbox 380 588 408 644; x_wconf 89' lang='lat' dir='ltr'><strong>in</strong></span> <span class='ocrx_word' id='word_1_34' title='bbox 434 603 557 664; x_wconf 90' lang='lat' dir='ltr'><strong>corpore</strong></span> <span class='ocrx_word' id='word_1_35' title='bbox 584 605 682 645; x_wconf 90' lang='lat' dir='ltr'><strong>eorum</strong></span> <span class='ocrx_word' id='word_1_36' title='bbox 705 583 885 645; x_wconf 83' lang='lat' dir='ltr'><strong>saluberrimi</strong></span> <span class='ocrx_word' id='word_1_37' title='bbox 907 585 1026 661; x_wconf 89' lang='lat' dir='ltr'><strong>liquoris</strong></span> <span class='ocrx_word' id='word_1_38' title='bbox 1046 585 1164 643; x_wconf 86' lang='lat' dir='ltr'><strong>vesicis.</strong></span> 
     </span>
     <span class='ocr_line' id='line_1_6' title="bbox 133 666 1200 747; baseline -0.007 -14"><span class='ocrx_word' id='word_1_39' title='bbox 133 667 318 733; x_wconf 76' lang='lat' dir='ltr'><strong>mainardum</strong></span> <span class='ocrx_word' id='word_1_40' title='bbox 333 671 361 727; x_wconf 91' lang='lat' dir='ltr'><strong>in</strong></span> <span class='ocrx_word' id='word_1_41' title='bbox 384 668 485 727; x_wconf 90' lang='lat' dir='ltr'><strong>eadem</strong></span> <span class='ocrx_word' id='word_1_42' title='bbox 505 668 604 729; x_wconf 84' lang='lat' dir='ltr'><strong>Africa</strong></span> <span class='ocrx_word' id='word_1_43' title='bbox 621 669 701 747; x_wconf 90' lang='lat' dir='ltr'><strong>pardi</strong></span> <span class='ocrx_word' id='word_1_44' title='bbox 721 667 865 728; x_wconf 88' lang='lat' dir='ltr'><strong>condensa</strong></span> <span class='ocrx_word' id='word_1_45' title='bbox 882 668 997 743; x_wconf 89' lang='lat' dir='ltr'><strong>arbore,</strong></span> <span class='ocrx_word' id='word_1_46' title='bbox 1019 666 1165 727; x_wconf 89' lang='lat' dir='ltr'><strong>occultati·</strong></span> <span class='ocrx_word' id='word_1_47' title='bbox 1180 684 1200 725; x_wconf 66' lang='grc' dir='ltr'><strong>ε’</strong></span> 
     </span>
     <span class='ocr_line' id='line_1_7' title="bbox 176 750 1166 829; baseline -0.003 -18"><span class='ocrx_word' id='word_1_48' title='bbox 176 770 232 829; x_wconf 91' lang='lat' dir='ltr'><strong>que</strong></span> <span class='ocrx_word' id='word_1_49' title='bbox 249 770 345 827; x_wconf 87' lang='lat' dir='ltr'><strong>earum</strong></span> <span class='ocrx_word' id='word_1_50' title='bbox 359 752 443 811; x_wconf 90' lang='lat' dir='ltr'><strong>ramis</strong></span> <span class='ocrx_word' id='word_1_51' title='bbox 459 754 486 811; x_wconf 91' lang='lat' dir='ltr'><strong>in</strong></span> <span class='ocrx_word' id='word_1_52' title='bbox 502 755 713 829; x_wconf 76' lang='lat' dir='ltr'><strong>praetereuntia</strong></span> <span class='ocrx_word' id='word_1_53' title='bbox 729 750 863 811; x_wconf 88' lang='lat' dir='ltr'><strong>desiliunt</strong></span> <span class='ocrx_word' id='word_1_54' title='bbox 882 761 969 829; x_wconf 90' lang='lat' dir='ltr'><strong>atque</strong></span> <span class='ocrx_word' id='word_1_55' title='bbox 985 769 1002 809; x_wconf 92' lang='lat' dir='ltr'><strong>e</strong></span> <span class='ocrx_word' id='word_1_56' title='bbox 1017 752 1166 809; x_wconf 83' lang='lat' dir='ltr'><strong>volucrum</strong></span> 
     </span>
     <span class='ocr_line' id='line_1_8' title="bbox 176 833 1165 914; baseline -0.002 -21"><span class='ocrx_word' id='word_1_57' title='bbox 176 836 248 895; x_wconf 92' lang='lat' dir='ltr'><strong>sede</strong></span> <span class='ocrx_word' id='word_1_58' title='bbox 270 844 445 911; x_wconf 81' lang='lat' dir='ltr'><strong>grassantur.</strong></span> <span class='ocrx_word' id='word_1_59' title='bbox 478 834 553 893; x_wconf 87' lang='lat' dir='ltr'><strong>leles</strong></span> <span class='ocrx_word' id='word_1_60' title='bbox 579 837 694 913; x_wconf 90' lang='lat' dir='ltr'><strong>quidem</strong></span> <span class='ocrx_word' id='word_1_61' title='bbox 722 851 778 914; x_wconf 90' lang='lat' dir='ltr'><strong>qno</strong></span> <span class='ocrx_word' id='word_1_62' title='bbox 799 835 930 909; x_wconf 91' lang='lat' dir='ltr'><strong>silentio,</strong></span> <span class='ocrx_word' id='word_1_63' title='bbox 948 852 1031 912; x_wconf 89' lang='lat' dir='ltr'><strong>quarn</strong></span> <span class='ocrx_word' id='word_1_64' title='bbox 1055 833 1165 893; x_wconf 90' lang='lat' dir='ltr'><strong>levibus</strong></span> 
     </span>
     <span class='ocr_line' id='line_1_9' title="bbox 175 918 1164 997; baseline -0.003 -19"><span class='ocrx_word' id='word_1_65' title='bbox 175 920 306 995; x_wconf 85' lang='lat' dir='ltr'><strong>vestigiis</strong></span> <span class='ocrx_word' id='word_1_66' title='bbox 318 918 460 997; x_wconf 89' lang='lat' dir='ltr'><strong>obrepunt</strong></span> <span class='ocrx_word' id='word_1_67' title='bbox 472 918 585 977; x_wconf 85' lang='lat' dir='ltr'><strong>avibus!</strong></span> <span class='ocrx_word' id='word_1_68' title='bbox 604 936 687 996; x_wconf 89' lang='lat' dir='ltr'><strong>quam</strong></span> <span class='ocrx_word' id='word_1_69' title='bbox 702 918 816 977; x_wconf 85' lang='lat' dir='ltr'><strong>occulte</strong></span> <span class='ocrx_word' id='word_1_70' title='bbox 829 919 998 994; x_wconf 80' lang='lat' dir='ltr'><strong>speculatae</strong></span> <span class='ocrx_word' id='word_1_71' title='bbox 1011 919 1039 975; x_wconf 95' lang='lat' dir='ltr'><strong>in</strong></span> <span class='ocrx_word' id='word_1_72' title='bbox 1054 936 1164 975; x_wconf 88' lang='lat' dir='ltr'><strong>muscu-</strong></span> 
     </span>
     <span class='ocr_line' id='line_1_10' title="bbox 176 1000 1163 1063; baseline -0.002 -2"><span class='ocrx_word' id='word_1_73' title='bbox 176 1003 220 1061; x_wconf 91' lang='lat' dir='ltr'><strong>los</strong></span> <span class='ocrx_word' id='word_1_74' title='bbox 238 1002 384 1063; x_wconf 85' lang='lat' dir='ltr'><strong>exsiliunt!</strong></span> <span class='ocrx_word' id='word_1_75' title='bbox 414 1011 597 1061; x_wconf 88' lang='lat' dir='ltr'><strong>excrementa</strong></span> <span class='ocrx_word' id='word_1_76' title='bbox 618 1020 669 1063; x_wconf 90' lang='lat' dir='ltr'><strong>sua</strong></span> <span class='ocrx_word' id='word_1_77' title='bbox 690 1002 797 1061; x_wconf 82' lang='lat' dir='ltr'><strong>ell&#39;ossa</strong></span> <span class='ocrx_word' id='word_1_78' title='bbox 819 1000 941 1060; x_wconf 90' lang='lat' dir='ltr'><strong>obruunt</strong></span> <span class='ocrx_word' id='word_1_79' title='bbox 957 1010 1033 1059; x_wconf 90' lang='lat' dir='ltr'><strong>terra</strong></span> <span class='ocrx_word' id='word_1_80' title='bbox 1051 1000 1163 1060; x_wconf 91' lang='lat' dir='ltr'><strong>intelle·</strong></span> 
     </span>
     <span class='ocr_line' id='line_1_11' title="bbox 175 1079 1201 1161; baseline -0.003 -16"><span class='ocrx_word' id='word_1_81' title='bbox 175 1094 279 1161; x_wconf 83' lang='lat' dir='ltr'><strong>gentes</strong></span> <span class='ocrx_word' id='word_1_82' title='bbox 294 1086 413 1144; x_wconf 87' lang='lat' dir='ltr'><strong>odorern</strong></span> <span class='ocrx_word' id='word_1_83' title='bbox 429 1085 507 1145; x_wconf 90' lang='lat' dir='ltr'><strong>illum</strong></span> <span class='ocrx_word' id='word_1_84' title='bbox 524 1087 647 1146; x_wconf 89' lang='lat' dir='ltr'><strong>indicem</strong></span> <span class='ocrx_word' id='word_1_85' title='bbox 664 1088 707 1144; x_wconf 93' lang='lat' dir='ltr'><strong>sui</strong></span> <span class='ocrx_word' id='word_1_86' title='bbox 723 1103 799 1143; x_wconf 90' lang='lat' dir='ltr'><strong>esse.</strong></span> <span class='ocrx_word' id='word_1_87' title='bbox 871 1079 875 1085; x_wconf 77' lang='grc'><strong>’</strong></span> <span class='ocrx_word' id='word_1_88' title='bbox 1175 1097 1201 1136; x_wconf 81' lang='lat'><strong>10</strong></span> 
     </span>
     <span class='ocr_line' id='line_1_12' title="bbox 133 1166 1164 1247; baseline -0.005 -16"><span class='ocrx_word' id='word_1_89' title='bbox 133 1178 185 1231; x_wconf 74' lang='lat'><strong>203</strong></span> <span class='ocrx_word' id='word_1_90' title='bbox 254 1172 302 1227; x_wconf 78' lang='lat'><strong>74.</strong></span> <span class='ocrx_word' id='word_1_91' title='bbox 321 1166 499 1246; x_wconf 78' lang='lat' dir='ltr'><strong>(95.).Ergo</strong></span> <span class='ocrx_word' id='word_1_92' title='bbox 517 1178 544 1227; x_wconf 90' lang='lat' dir='ltr'><strong>et</strong></span> <span class='ocrx_word' id='word_1_93' title='bbox 566 1169 639 1227; x_wconf 90' lang='lat' dir='ltr'><strong>alios</strong></span> <span class='ocrx_word' id='word_1_94' title='bbox 657 1169 795 1247; x_wconf 90' lang='lat' dir='ltr'><strong>quosdam</strong></span> <span class='ocrx_word' id='word_1_95' title='bbox 812 1186 913 1231; x_wconf 90' lang='lat' dir='ltr'><strong>sensus</strong></span> <span class='ocrx_word' id='word_1_96' title='bbox 937 1184 1102 1245; x_wconf 89' lang='lat' dir='ltr'><strong>essequam</strong></span> <span class='ocrx_word' id='word_1_97' title='bbox 1119 1186 1164 1226; x_wconf 93' lang='lat' dir='ltr'><strong>su·</strong></span> 
     </span>
     <span class='ocr_line' id='line_1_13' title="bbox 176 1250 1165 1330; baseline -0.001 -20"><span class='ocrx_word' id='word_1_98' title='bbox 176 1268 226 1330; x_wconf 89' lang='lat' dir='ltr'><strong>pra</strong></span> <span class='ocrx_word' id='word_1_99' title='bbox 246 1252 338 1311; x_wconf 91' lang='lat' dir='ltr'><strong>dictos</strong></span> <span class='ocrx_word' id='word_1_100' title='bbox 362 1250 428 1309; x_wconf 89' lang='lat' dir='ltr'><strong>haut</strong></span> <span class='ocrx_word' id='word_1_101' title='bbox 451 1252 605 1314; x_wconf 82' lang='lat' dir='ltr'><strong>difficulter</strong></span> <span class='ocrx_word' id='word_1_102' title='bbox 628 1254 756 1329; x_wconf 77' lang='lat' dir='ltr'><strong>adparet.</strong></span> <span class='ocrx_word' id='word_1_103' title='bbox 787 1260 851 1310; x_wconf 94' lang='lat' dir='ltr'><strong>sunt</strong></span> <span class='ocrx_word' id='word_1_104' title='bbox 871 1252 943 1315; x_wconf 91' lang='lat' dir='ltr'><strong>enim</strong></span> <span class='ocrx_word' id='word_1_105' title='bbox 969 1250 1108 1329; x_wconf 91' lang='lat' dir='ltr'><strong>quaedam</strong></span> <span class='ocrx_word' id='word_1_106' title='bbox 1120 1250 1165 1309; x_wconf 90' lang='lat' dir='ltr'><strong>bis</strong></span> 
     </span>
     <span class='ocr_line' id='line_1_14' title="bbox 176 1307 1260 1413; baseline -0.004 -20"><span class='ocrx_word' id='word_1_107' title='bbox 176 1335 254 1395; x_wconf 88' lang='lat' dir='ltr'><strong>bella</strong></span> <span class='ocrx_word' id='word_1_108' title='bbox 268 1335 477 1413; x_wconf 77' lang='lat' dir='ltr'><strong>amicitiaeque,</strong></span> <span class='ocrx_word' id='word_1_109' title='bbox 491 1337 565 1395; x_wconf 88' lang='lat' dir='ltr'><strong>unde</strong></span> <span class='ocrx_word' id='word_1_110' title='bbox 578 1337 758 1410; x_wconf 85' lang='lat' dir='ltr'><strong>etadfectus,</strong></span> <span class='ocrx_word' id='word_1_111' title='bbox 774 1344 889 1412; x_wconf 88' lang='lat' dir='ltr'><strong>praeter</strong></span> <span class='ocrx_word' id='word_1_112' title='bbox 904 1334 954 1395; x_wconf 88' lang='lat' dir='ltr'><strong>illa</strong></span> <span class='ocrx_word' id='word_1_113' title='bbox 969 1334 1095 1412; x_wconf 76' lang='lat' dir='ltr'><strong>quaeda</strong></span> <span class='ocrx_word' id='word_1_114' title='bbox 1106 1334 1165 1410; x_wconf 89' lang='lat' dir='ltr'><strong>qni·</strong></span> <span class='ocrx_word' id='word_1_115' title='bbox 1259 1307 1260 1362; x_wconf 50' lang='lat' dir='ltr'><strong>b</strong></span> 
     </span>
     <span class='ocr_line' id='line_1_15' title="bbox 175 1416 1165 1497; baseline -0.002 -20"><span class='ocrx_word' id='word_1_116' title='bbox 175 1418 286 1497; x_wconf 88' lang='lat' dir='ltr'><strong>busque</strong></span> <span class='ocrx_word' id='word_1_117' title='bbox 304 1435 402 1477; x_wconf 91' lang='lat' dir='ltr'><strong>eorum</strong></span> <span class='ocrx_word' id='word_1_118' title='bbox 418 1421 477 1479; x_wconf 89' lang='lat' dir='ltr'><strong>suis</strong></span> <span class='ocrx_word' id='word_1_119' title='bbox 488 1420 607 1479; x_wconf 86' lang='lat' dir='ltr'><strong>diximus</strong></span> <span class='ocrx_word' id='word_1_120' title='bbox 626 1420 708 1478; x_wconf 91' lang='lat' dir='ltr'><strong>locis.</strong></span> <span class='ocrx_word' id='word_1_121' title='bbox 730 1419 868 1477; x_wconf 89' lang='lat' dir='ltr'><strong>dissident</strong></span> <span class='ocrx_word' id='word_1_122' title='bbox 885 1418 983 1477; x_wconf 89' lang='lat' dir='ltr'><strong>olores</strong></span> <span class='ocrx_word' id='word_1_123' title='bbox 995 1425 1024 1475; x_wconf 89' lang='lat' dir='ltr'><strong>et</strong></span> <span class='ocrx_word' id='word_1_124' title='bbox 1039 1416 1165 1495; x_wconf 91' lang='lat' dir='ltr'><strong>aquilae,</strong></span> 
     </span>
     <span class='ocr_line' id='line_1_16' title="bbox 176 1498 1201 1579; baseline -0.007 -18"><span class='ocrx_word' id='word_1_125' title='bbox 176 1518 281 1561; x_wconf 92' lang='lat' dir='ltr'><strong>corvos</strong></span> <span class='ocrx_word' id='word_1_126' title='bbox 307 1511 335 1561; x_wconf 91' lang='lat' dir='ltr'><strong>et</strong></span> <span class='ocrx_word' id='word_1_127' title='bbox 359 1501 495 1561; x_wconf 87' lang='lat' dir='ltr'><strong>chloreus</strong></span> <span class='ocrx_word' id='word_1_128' title='bbox 516 1514 601 1561; x_wconf 90' lang='lat' dir='ltr'><strong>noctu</strong></span> <span class='ocrx_word' id='word_1_129' title='bbox 623 1504 745 1560; x_wconf 89' lang='lat' dir='ltr'><strong>invicem</strong></span> <span class='ocrx_word' id='word_1_130' title='bbox 765 1519 820 1560; x_wconf 90' lang='lat' dir='ltr'><strong>ora</strong></span> <span class='ocrx_word' id='word_1_131' title='bbox 848 1504 1042 1579; x_wconf 90' lang='lat' dir='ltr'><strong>exquirentes.</strong></span> <span class='ocrx_word' id='word_1_132' title='bbox 1079 1498 1164 1558; x_wconf 92' lang='lat' dir='ltr'><strong>simili</strong></span> <span class='ocrx_word' id='word_1_133' title='bbox 1175 1515 1201 1554; x_wconf 80' lang='lat' dir='ltr'><strong>rs</strong></span> 
     </span>
     <span class='ocr_line' id='line_1_17' title="bbox 174 1584 1166 1661; baseline -0.003 -18"><span class='ocrx_word' id='word_1_134' title='bbox 174 1585 259 1644; x_wconf 89' lang='lat' dir='ltr'><strong>modo</strong></span> <span class='ocrx_word' id='word_1_135' title='bbox 278 1600 383 1644; x_wconf 89' lang='lat' dir='ltr'><strong>corvos</strong></span> <span class='ocrx_word' id='word_1_136' title='bbox 399 1594 428 1643; x_wconf 92' lang='lat' dir='ltr'><strong>et</strong></span> <span class='ocrx_word' id='word_1_137' title='bbox 443 1584 560 1659; x_wconf 88' lang='lat' dir='ltr'><strong>milvos,</strong></span> <span class='ocrx_word' id='word_1_138' title='bbox 579 1586 628 1644; x_wconf 92' lang='lat' dir='ltr'><strong>illo</strong></span> <span class='ocrx_word' id='word_1_139' title='bbox 651 1586 845 1661; x_wconf 82' lang='lat' dir='ltr'><strong>praeripiente</strong></span> <span class='ocrx_word' id='word_1_140' title='bbox 868 1584 934 1643; x_wconf 91' lang='lat' dir='ltr'><strong>huic</strong></span> <span class='ocrx_word' id='word_1_141' title='bbox 951 1584 1042 1643; x_wconf 91' lang='lat' dir='ltr'><strong>cibos.</strong></span> <span class='ocrx_word' id='word_1_142' title='bbox 1072 1585 1166 1642; x_wconf 90' lang='lat' dir='ltr'><strong>corni·</strong></span> 
     </span>
     <span class='ocr_line' id='line_1_18' title="bbox 177 1666 1167 1743; baseline -0.004 -16"><span class='ocrx_word' id='word_1_143' title='bbox 177 1686 227 1727; x_wconf 91' lang='lat' dir='ltr'><strong>ces</strong></span> <span class='ocrx_word' id='word_1_144' title='bbox 242 1676 328 1742; x_wconf 89' lang='lat' dir='ltr'><strong>atque</strong></span> <span class='ocrx_word' id='word_1_145' title='bbox 344 1676 458 1739; x_wconf 91' lang='lat' dir='ltr'><strong>noctua,</strong></span> <span class='ocrx_word' id='word_1_146' title='bbox 476 1668 588 1743; x_wconf 89' lang='lat' dir='ltr'><strong>aquilae</strong></span> <span class='ocrx_word' id='word_1_147' title='bbox 604 1676 633 1725; x_wconf 91' lang='lat' dir='ltr'><strong>et</strong></span> <span class='ocrx_word' id='word_1_148' title='bbox 650 1667 801 1739; x_wconf 85' lang='lat' dir='ltr'><strong>trochilus,</strong></span> <span class='ocrx_word' id='word_1_149' title='bbox 820 1669 845 1724; x_wconf 91' lang='lat' dir='ltr'><strong>si</strong></span> <span class='ocrx_word' id='word_1_150' title='bbox 863 1666 1014 1739; x_wconf 87' lang='lat' dir='ltr'><strong>credimus,</strong></span> <span class='ocrx_word' id='word_1_151' title='bbox 1030 1668 1167 1743; x_wconf 88' lang='lat' dir='ltr'><strong>quoniam</strong></span> 
     </span>
     <span class='ocr_line' id='line_1_19' title="bbox 132 1749 1167 1825; baseline 0.002 -20"><span class='ocrx_word' id='word_1_152' title='bbox 132 1760 243 1813; x_wconf 72' lang='lat' dir='ltr'><strong>aotrex</strong></span> <span class='ocrx_word' id='word_1_153' title='bbox 258 1749 420 1825; x_wconf 90' lang='lat' dir='ltr'><strong>appellatur</strong></span> <span class='ocrx_word' id='word_1_154' title='bbox 431 1750 533 1822; x_wconf 88' lang='lat' dir='ltr'><strong>avium,</strong></span> <span class='ocrx_word' id='word_1_155' title='bbox 552 1758 673 1807; x_wconf 88' lang='lat' dir='ltr'><strong>noctuae</strong></span> <span class='ocrx_word' id='word_1_156' title='bbox 691 1759 720 1809; x_wconf 90' lang='lat' dir='ltr'><strong>et</strong></span> <span class='ocrx_word' id='word_1_157' title='bbox 733 1758 849 1806; x_wconf 88' lang='lat' dir='ltr'><strong>ceterae</strong></span> <span class='ocrx_word' id='word_1_158' title='bbox 861 1750 986 1805; x_wconf 90' lang='lat' dir='ltr'><strong>minores</strong></span> <span class='ocrx_word' id='word_1_159' title='bbox 998 1766 1078 1806; x_wconf 88' lang='lat' dir='ltr'><strong>aves.</strong></span> <span class='ocrx_word' id='word_1_160' title='bbox 1104 1768 1167 1811; x_wconf 89' lang='lat' dir='ltr'><strong>rur·</strong></span> 
     </span>
     <span class='ocr_line' id='line_1_20' title="bbox 174 1829 1169 1906; baseline 0 -17"><span class='ocrx_word' id='word_1_161' title='bbox 174 1848 223 1889; x_wconf 89' lang='lat' dir='ltr'><strong>sus</strong></span> <span class='ocrx_word' id='word_1_162' title='bbox 241 1848 304 1891; x_wconf 91' lang='lat' dir='ltr'><strong>cum</strong></span> <span class='ocrx_word' id='word_1_163' title='bbox 319 1830 502 1889; x_wconf 84' lang='lat' dir='ltr'><strong>terrestribus</strong></span> <span class='ocrx_word' id='word_1_164' title='bbox 518 1833 639 1891; x_wconf 87' lang='lat' dir='ltr'><strong>mustela</strong></span> <span class='ocrx_word' id='word_1_165' title='bbox 651 1841 679 1890; x_wconf 93' lang='lat' dir='ltr'><strong>et</strong></span> <span class='ocrx_word' id='word_1_166' title='bbox 695 1832 805 1905; x_wconf 89' lang='lat' dir='ltr'><strong>cornix,</strong></span> <span class='ocrx_word' id='word_1_167' title='bbox 823 1838 914 1888; x_wconf 93' lang='lat' dir='ltr'><strong>turtur</strong></span> <span class='ocrx_word' id='word_1_168' title='bbox 929 1839 957 1887; x_wconf 92' lang='lat' dir='ltr'><strong>et</strong></span> <span class='ocrx_word' id='word_1_169' title='bbox 968 1829 1088 1906; x_wconf 80' lang='lat' dir='ltr'><strong>pyralis,</strong></span> <span class='ocrx_word' id='word_1_170' title='bbox 1106 1831 1169 1891; x_wconf 90' lang='lat' dir='ltr'><strong>ich·</strong></span> 
     </span>
     <span class='ocr_line' id='line_1_21' title="bbox 174 1914 1204 1993; baseline -0.002 -20"><span class='ocrx_word' id='word_1_171' title='bbox 174 1932 330 1973; x_wconf 90' lang='lat' dir='ltr'><strong>neumones</strong></span> <span class='ocrx_word' id='word_1_172' title='bbox 342 1932 449 1992; x_wconf 86' lang='lat' dir='ltr'><strong>vespae</strong></span> <span class='ocrx_word' id='word_1_173' title='bbox 462 1924 490 1973; x_wconf 93' lang='lat' dir='ltr'><strong>et</strong></span> <span class='ocrx_word' id='word_1_174' title='bbox 502 1914 655 1993; x_wconf 82' lang='lat' dir='ltr'><strong>phalangia</strong></span> <span class='ocrx_word' id='word_1_175' title='bbox 667 1915 773 1973; x_wconf 89' lang='lat' dir='ltr'><strong>aranei.</strong></span> <span class='ocrx_word' id='word_1_176' title='bbox 796 1915 946 1990; x_wconf 87' lang='lat' dir='ltr'><strong>aquaticae</strong></span> <span class='ocrx_word' id='word_1_177' title='bbox 957 1921 1056 1973; x_wconf 90' lang='lat' dir='ltr'><strong>anates</strong></span> <span class='ocrx_word' id='word_1_178' title='bbox 1070 1922 1100 1971; x_wconf 91' lang='lat' dir='ltr'><strong>et</strong></span> <span class='ocrx_word' id='word_1_179' title='bbox 1113 1932 1167 1989; x_wconf 84' lang='lat' dir='ltr'><strong>ga-</strong></span> <span class='ocrx_word' id='word_1_180' title='bbox 1178 1932 1204 1971; x_wconf 78' lang='lat' dir='ltr'><strong>ao</strong></span> 
     </span>
     <span class='ocr_line' id='line_1_22' title="bbox 175 1996 1168 2077; baseline 0.002 -22"><span class='ocrx_word' id='word_1_181' title='bbox 175 1999 250 2072; x_wconf 89' lang='lat' dir='ltr'><strong>viae,</strong></span> <span class='ocrx_word' id='word_1_182' title='bbox 261 1998 360 2077; x_wconf 87' lang='lat' dir='ltr'><strong>harpe.</strong></span> <span class='ocrx_word' id='word_1_183' title='bbox 378 2007 407 2057; x_wconf 92' lang='lat' dir='ltr'><strong>et</strong></span> <span class='ocrx_word' id='word_1_184' title='bbox 424 1998 556 2059; x_wconf 91' lang='lat' dir='ltr'><strong>triorchis</strong></span> <span class='ocrx_word' id='word_1_185' title='bbox 572 2000 720 2076; x_wconf 88' lang='lat' dir='ltr'><strong>accipiter.</strong></span> <span class='ocrx_word' id='word_1_186' title='bbox 737 1998 849 2057; x_wconf 90' lang='lat' dir='ltr'><strong>sorices</strong></span> <span class='ocrx_word' id='word_1_187' title='bbox 865 2005 892 2055; x_wconf 90' lang='lat' dir='ltr'><strong>et</strong></span> <span class='ocrx_word' id='word_1_188' title='bbox 904 1996 1031 2057; x_wconf 89' lang='lat' dir='ltr'><strong>ardiolae</strong></span> <span class='ocrx_word' id='word_1_189' title='bbox 1041 1997 1168 2056; x_wconf 87' lang='lat' dir='ltr'><strong>invicem</strong></span> 
     </span>
     <span class='ocr_line' id='line_1_23' title="bbox 174 2080 1167 2161; baseline -0.005 -19"><span class='ocrx_word' id='word_1_190' title='bbox 174 2081 280 2142; x_wconf 87' lang='lat' dir='ltr'><strong>letibus</strong></span> <span class='ocrx_word' id='word_1_191' title='bbox 294 2082 468 2142; x_wconf 88' lang='lat' dir='ltr'><strong>insidiantes.</strong></span> <span class='ocrx_word' id='word_1_192' title='bbox 498 2083 630 2159; x_wconf 84' lang='lat' dir='ltr'><strong>aegithus</strong></span> <span class='ocrx_word' id='word_1_193' title='bbox 646 2082 707 2141; x_wconf 89' lang='lat' dir='ltr'><strong>avis</strong></span> <span class='ocrx_word' id='word_1_194' title='bbox 723 2082 835 2140; x_wconf 89' lang='lat' dir='ltr'><strong>minima</strong></span> <span class='ocrx_word' id='word_1_195' title='bbox 850 2098 912 2139; x_wconf 88' lang='lat' dir='ltr'><strong>cum</strong></span> <span class='ocrx_word' id='word_1_196' title='bbox 927 2080 1016 2138; x_wconf 88' lang='lat' dir='ltr'><strong>asino.</strong></span> <span class='ocrx_word' id='word_1_197' title='bbox 1045 2082 1167 2161; x_wconf 89' lang='lat' dir='ltr'><strong>spinetis</strong></span> 
     </span>
     <span class='ocr_line' id='line_1_24' title="bbox 175 2164 1165 2241; baseline -0.002 -18"><span class='ocrx_word' id='word_1_198' title='bbox 175 2168 250 2225; x_wconf 90' lang='lat' dir='ltr'><strong>enim</strong></span> <span class='ocrx_word' id='word_1_199' title='bbox 271 2183 304 2224; x_wconf 93' lang='lat' dir='ltr'><strong>se</strong></span> <span class='ocrx_word' id='word_1_200' title='bbox 323 2166 460 2227; x_wconf 87' lang='lat' dir='ltr'><strong>scabendi</strong></span> <span class='ocrx_word' id='word_1_201' title='bbox 487 2184 571 2226; x_wconf 89' lang='lat' dir='ltr'><strong>causa</strong></span> <span class='ocrx_word' id='word_1_202' title='bbox 588 2175 715 2226; x_wconf 89' lang='lat' dir='ltr'><strong>atterens</strong></span> <span class='ocrx_word' id='word_1_203' title='bbox 735 2166 818 2224; x_wconf 92' lang='lat' dir='ltr'><strong>nidos</strong></span> <span class='ocrx_word' id='word_1_204' title='bbox 841 2166 903 2223; x_wconf 91' lang='lat' dir='ltr'><strong>eius</strong></span> <span class='ocrx_word' id='word_1_205' title='bbox 925 2164 1060 2239; x_wconf 89' lang='lat' dir='ltr'><strong>dissipat,</strong></span> <span class='ocrx_word' id='word_1_206' title='bbox 1089 2164 1165 2241; x_wconf 92' lang='lat' dir='ltr'><strong>quod</strong></span> 
     </span>
     <span class='ocr_line' id='line_1_25' title="bbox 175 2244 1165 2327; baseline -0.005 -21"><span class='ocrx_word' id='word_1_207' title='bbox 175 2250 249 2309; x_wconf 91' lang='lat' dir='ltr'><strong>adeo</strong></span> <span class='ocrx_word' id='word_1_208' title='bbox 265 2259 350 2327; x_wconf 88' lang='lat' dir='ltr'><strong>pavet</strong></span> <span class='ocrx_word' id='word_1_209' title='bbox 370 2259 398 2308; x_wconf 94' lang='lat' dir='ltr'><strong>ut</strong></span> <span class='ocrx_word' id='word_1_210' title='bbox 410 2267 484 2308; x_wconf 91' lang='lat' dir='ltr'><strong>voce</strong></span> <span class='ocrx_word' id='word_1_211' title='bbox 508 2252 620 2307; x_wconf 90' lang='lat' dir='ltr'><strong>omnino</strong></span> <span class='ocrx_word' id='word_1_212' title='bbox 641 2250 767 2308; x_wconf 89' lang='lat' dir='ltr'><strong>rudentis</strong></span> <span class='ocrx_word' id='word_1_213' title='bbox 788 2247 881 2307; x_wconf 89' lang='lat' dir='ltr'><strong>audita</strong></span> <span class='ocrx_word' id='word_1_214' title='bbox 906 2263 961 2306; x_wconf 92' lang='lat' dir='ltr'><strong>ova</strong></span> <span class='ocrx_word' id='word_1_215' title='bbox 976 2248 1072 2321; x_wconf 90' lang='lat' dir='ltr'><strong>eiciat,</strong></span> <span class='ocrx_word' id='word_1_216' title='bbox 1095 2244 1165 2324; x_wconf 90' lang='lat' dir='ltr'><strong>pulli</strong></span> 
     </span>
     <span class='ocr_line' id='line_1_26' title="bbox 174 2332 1201 2410; baseline -0.008 -22"><span class='ocrx_word' id='word_1_217' title='bbox 174 2333 229 2410; x_wconf 90' lang='lat' dir='ltr'><strong>ipsi</strong></span> <span class='ocrx_word' id='word_1_218' title='bbox 245 2342 321 2391; x_wconf 88' lang='lat' dir='ltr'><strong>metu</strong></span> <span class='ocrx_word' id='word_1_219' title='bbox 342 2332 451 2391; x_wconf 90' lang='lat' dir='ltr'><strong>cadant.</strong></span> <span class='ocrx_word' id='word_1_220' title='bbox 480 2335 566 2407; x_wconf 80' lang='lat' dir='ltr'><strong>igitur</strong></span> <span class='ocrx_word' id='word_1_221' title='bbox 581 2333 718 2392; x_wconf 90' lang='lat' dir='ltr'><strong>advolans</strong></span> <span class='ocrx_word' id='word_1_222' title='bbox 735 2332 832 2392; x_wconf 87' lang='lat' dir='ltr'><strong>ulcera</strong></span> <span class='ocrx_word' id='word_1_223' title='bbox 846 2333 909 2389; x_wconf 92' lang='lat' dir='ltr'><strong>eius</strong></span> <span class='ocrx_word' id='word_1_224' title='bbox 924 2340 1019 2389; x_wconf 87' lang='lat' dir='ltr'><strong>rostro</strong></span> <span class='ocrx_word' id='word_1_225' title='bbox 1033 2336 1158 2389; x_wconf 87' lang='lat' dir='ltr'><strong>excavat.</strong></span> <span class='ocrx_word' id='word_1_226' title='bbox 1171 2342 1201 2381; x_wconf 78' lang='lat' dir='ltr'><strong>as</strong></span> 
     </span>
     <span class='ocr_line' id='line_1_27' title="bbox 132 2412 1163 2492; baseline -0.007 -17"><span class='ocrx_word' id='word_1_227' title='bbox 132 2424 184 2477; x_wconf 76' lang='lat'><strong>205</strong></span> <span class='ocrx_word' id='word_1_228' title='bbox 193 2416 297 2492; x_wconf 89' lang='lat' dir='ltr'><strong>volpes</strong></span> <span class='ocrx_word' id='word_1_229' title='bbox 315 2424 343 2471; x_wconf 91' lang='lat' dir='ltr'><strong>et</strong></span> <span class='ocrx_word' id='word_1_230' title='bbox 361 2415 423 2471; x_wconf 89' lang='lat' dir='ltr'><strong>nisi.</strong></span> <span class='ocrx_word' id='word_1_231' title='bbox 454 2432 578 2489; x_wconf 82' lang='lat' dir='ltr'><strong>angues,</strong></span> <span class='ocrx_word' id='word_1_232' title='bbox 595 2416 735 2474; x_wconf 88' lang='lat' dir='ltr'><strong>mustelae</strong></span> <span class='ocrx_word' id='word_1_233' title='bbox 752 2424 781 2473; x_wconf 85' lang='lat' dir='ltr'><strong>et</strong></span> <span class='ocrx_word' id='word_1_234' title='bbox 797 2432 873 2473; x_wconf 90' lang='lat' dir='ltr'><strong>sues.</strong></span> <span class='ocrx_word' id='word_1_235' title='bbox 904 2412 1032 2471; x_wconf 79' lang='lat' dir='ltr'><strong>Aesalon</strong></span> <span class='ocrx_word' id='word_1_236' title='bbox 1046 2420 1163 2471; x_wconf 89' lang='lat' dir='ltr'><strong>vocatur</strong></span> 
     </span>
     <span class='ocr_line' id='line_1_28' title="bbox 107 2494 1166 2577; baseline -0.004 -23"><span class='ocrx_word' id='word_1_237' title='bbox 107 2548 114 2554; x_wconf 94' lang='lat'><strong>.</strong></span> <span class='ocrx_word' id='word_1_238' title='bbox 176 2514 263 2577; x_wconf 89' lang='lat' dir='ltr'><strong>parva</strong></span> <span class='ocrx_word' id='word_1_239' title='bbox 281 2498 340 2553; x_wconf 88' lang='lat' dir='ltr'><strong>avis</strong></span> <span class='ocrx_word' id='word_1_240' title='bbox 356 2512 410 2554; x_wconf 89' lang='lat' dir='ltr'><strong>ova</strong></span> <span class='ocrx_word' id='word_1_241' title='bbox 426 2500 506 2555; x_wconf 91' lang='lat' dir='ltr'><strong>corvi</strong></span> <span class='ocrx_word' id='word_1_242' title='bbox 521 2498 667 2573; x_wconf 82' lang='lat' dir='ltr'><strong>frangens,</strong></span> <span class='ocrx_word' id='word_1_243' title='bbox 680 2500 760 2557; x_wconf 91' lang='lat' dir='ltr'><strong>cuius</strong></span> <span class='ocrx_word' id='word_1_244' title='bbox 777 2496 847 2573; x_wconf 92' lang='lat' dir='ltr'><strong>pulli</strong></span> <span class='ocrx_word' id='word_1_245' title='bbox 864 2498 1032 2555; x_wconf 82' lang='lat' dir='ltr'><strong>infestantur</strong></span> <span class='ocrx_word' id='word_1_246' title='bbox 1045 2514 1059 2553; x_wconf 90' lang='lat' dir='ltr'><strong>a</strong></span> <span class='ocrx_word' id='word_1_247' title='bbox 1071 2494 1166 2569; x_wconf 90' lang='lat' dir='ltr'><strong>volpi-</strong></span> 
     </span>
     <span class='ocr_line' id='line_1_29' title="bbox 175 2574 1168 2657; baseline -0.006 -18"><span class='ocrx_word' id='word_1_248' title='bbox 175 2580 237 2639; x_wconf 91' lang='lat' dir='ltr'><strong>bus.</strong></span> <span class='ocrx_word' id='word_1_249' title='bbox 269 2581 389 2638; x_wconf 90' lang='lat' dir='ltr'><strong>invicem</strong></span> <span class='ocrx_word' id='word_1_250' title='bbox 410 2580 483 2639; x_wconf 89' lang='lat' dir='ltr'><strong>haec</strong></span> <span class='ocrx_word' id='word_1_251' title='bbox 504 2581 614 2639; x_wconf 88' lang='lat' dir='ltr'><strong>catulos</strong></span> <span class='ocrx_word' id='word_1_252' title='bbox 636 2582 698 2639; x_wconf 90' lang='lat' dir='ltr'><strong>eius</strong></span> <span class='ocrx_word' id='word_1_253' title='bbox 725 2583 873 2657; x_wconf 89' lang='lat' dir='ltr'><strong>ipsamque</strong></span> <span class='ocrx_word' id='word_1_254' title='bbox 896 2579 985 2638; x_wconf 90' lang='lat' dir='ltr'><strong>vellit.</strong></span> <span class='ocrx_word' id='word_1_255' title='bbox 1017 2578 1092 2657; x_wconf 91' lang='lat' dir='ltr'><strong>quod</strong></span> <span class='ocrx_word' id='word_1_256' title='bbox 1114 2574 1168 2633; x_wconf 88' lang='lat' dir='ltr'><strong>ubi</strong></span> 
     </span>
     <span class='ocr_line' id='line_1_30' title="bbox 175 2662 1167 2737; baseline -0.004 -16"><span class='ocrx_word' id='word_1_257' title='bbox 175 2662 305 2721; x_wconf 86' lang='lat' dir='ltr'><strong>viderunt</strong></span> <span class='ocrx_word' id='word_1_258' title='bbox 323 2664 412 2737; x_wconf 94' lang='lat' dir='ltr'><strong>corvi,</strong></span> <span class='ocrx_word' id='word_1_259' title='bbox 436 2672 534 2722; x_wconf 88' lang='lat' dir='ltr'><strong>contra</strong></span> <span class='ocrx_word' id='word_1_260' title='bbox 556 2662 724 2722; x_wconf 89' lang='lat' dir='ltr'><strong>auxiliantur</strong></span> <span class='ocrx_word' id='word_1_261' title='bbox 738 2663 817 2722; x_wconf 87' lang='lat' dir='ltr'><strong>velut</strong></span> <span class='ocrx_word' id='word_1_262' title='bbox 833 2663 972 2721; x_wconf 87' lang='lat' dir='ltr'><strong>adversus</strong></span> <span class='ocrx_word' id='word_1_263' title='bbox 989 2676 1167 2721; x_wconf 90' lang='lat' dir='ltr'><strong>communem</strong></span> 
     </span>
     <span class='ocr_line' id='line_1_31' title="bbox 174 2744 1206 2824; baseline -0.004 -22"><span class='ocrx_word' id='word_1_264' title='bbox 174 2744 295 2805; x_wconf 90' lang='lat' dir='ltr'><strong>hostem.</strong></span> <span class='ocrx_word' id='word_1_265' title='bbox 325 2745 362 2805; x_wconf 83' lang='lat' dir='ltr'><strong>Et</strong></span> <span class='ocrx_word' id='word_1_266' title='bbox 385 2746 511 2805; x_wconf 89' lang='lat' dir='ltr'><strong>acanthis</strong></span> <span class='ocrx_word' id='word_1_267' title='bbox 529 2748 557 2803; x_wconf 90' lang='lat' dir='ltr'><strong>iu</strong></span> <span class='ocrx_word' id='word_1_268' title='bbox 578 2746 666 2824; x_wconf 90' lang='lat' dir='ltr'><strong>spinis</strong></span> <span class='ocrx_word' id='word_1_269' title='bbox 686 2746 765 2804; x_wconf 91' lang='lat' dir='ltr'><strong>vivit.</strong></span> <span class='ocrx_word' id='word_1_270' title='bbox 797 2746 904 2805; x_wconf 90' lang='lat' dir='ltr'><strong>idcirco</strong></span> <span class='ocrx_word' id='word_1_271' title='bbox 930 2748 1026 2804; x_wconf 92' lang='lat' dir='ltr'><strong>asinos</strong></span> <span class='ocrx_word' id='word_1_272' title='bbox 1052 2752 1081 2803; x_wconf 92' lang='lat' dir='ltr'><strong>et</strong></span> <span class='ocrx_word' id='word_1_273' title='bbox 1102 2744 1206 2823; x_wconf 85' lang='lat' dir='ltr'><strong>ipsaao</strong></span> 
     </span>
     <span class='ocr_line' id='line_1_32' title="bbox 175 2828 1166 2906; baseline -0.003 -19"><span class='ocrx_word' id='word_1_274' title='bbox 175 2828 233 2887; x_wconf 92' lang='lat' dir='ltr'><strong>odit</strong></span> <span class='ocrx_word' id='word_1_275' title='bbox 255 2830 344 2887; x_wconf 87' lang='lat' dir='ltr'><strong>liores</strong></span> <span class='ocrx_word' id='word_1_276' title='bbox 368 2832 467 2906; x_wconf 90' lang='lat' dir='ltr'><strong>spinae</strong></span> <span class='ocrx_word' id='word_1_277' title='bbox 489 2828 662 2889; x_wconf 90' lang='lat' dir='ltr'><strong>devorantis.</strong></span> <span class='ocrx_word' id='word_1_278' title='bbox 694 2830 837 2905; x_wconf 81' lang='lat' dir='ltr'><strong>aegithum</strong></span> <span class='ocrx_word' id='word_1_279' title='bbox 859 2846 930 2888; x_wconf 91' lang='lat' dir='ltr'><strong>vero</strong></span> <span class='ocrx_word' id='word_1_280' title='bbox 945 2828 1047 2888; x_wconf 89' lang='lat' dir='ltr'><strong>anthus</strong></span> <span class='ocrx_word' id='word_1_281' title='bbox 1061 2829 1090 2886; x_wconf 92' lang='lat' dir='ltr'><strong>in</strong></span> <span class='ocrx_word' id='word_1_282' title='bbox 1104 2836 1166 2885; x_wconf 91' lang='lat' dir='ltr'><strong>tan-</strong></span> 
     </span>
     <span class='ocr_line' id='line_1_33' title="bbox 175 2909 1166 2991; baseline -0.002 -21"><span class='ocrx_word' id='word_1_283' title='bbox 175 2921 231 2970; x_wconf 92' lang='lat' dir='ltr'><strong>tum</strong></span> <span class='ocrx_word' id='word_1_284' title='bbox 248 2922 276 2971; x_wconf 92' lang='lat' dir='ltr'><strong>ut</strong></span> <span class='ocrx_word' id='word_1_285' title='bbox 297 2915 462 2991; x_wconf 80' lang='lat' dir='ltr'><strong>sanguinem</strong></span> <span class='ocrx_word' id='word_1_286' title='bbox 487 2930 585 2973; x_wconf 88' lang='lat' dir='ltr'><strong>eorum</strong></span> <span class='ocrx_word' id='word_1_287' title='bbox 602 2913 719 2973; x_wconf 89' lang='lat' dir='ltr'><strong>credant</strong></span> <span class='ocrx_word' id='word_1_288' title='bbox 741 2930 798 2971; x_wconf 93' lang='lat' dir='ltr'><strong>non</strong></span> <span class='ocrx_word' id='word_1_289' title='bbox 812 2912 898 2974; x_wconf 40' lang='lat' dir='ltr'><strong>*coire</strong></span> <span class='ocrx_word' id='word_1_290' title='bbox 913 2912 1067 2990; x_wconf 88' lang='lat' dir='ltr'><strong>multisque</strong></span> <span class='ocrx_word' id='word_1_291' title='bbox 1084 2910 1122 2969; x_wconf 95' lang='lat' dir='ltr'><strong>ob</strong></span> <span class='ocrx_word' id='word_1_292' title='bbox 1137 2909 1166 2968; x_wconf 88' lang='lat' dir='ltr'><strong>id</strong></span> 
     </span>
     <span class='ocr_line' id='line_1_34' title="bbox 132 2992 1167 3069; baseline -0.007 -11"><span class='ocrx_word' id='word_1_293' title='bbox 132 2992 337 3058; x_wconf 82' lang='lat' dir='ltr'><strong>206reneliciis</strong></span> <span class='ocrx_word' id='word_1_294' title='bbox 359 2995 502 3056; x_wconf 81' lang='lat' dir='ltr'><strong>infament.</strong></span> <span class='ocrx_word' id='word_1_295' title='bbox 533 2996 678 3055; x_wconf 88' lang='lat' dir='ltr'><strong>Dissident</strong></span> <span class='ocrx_word' id='word_1_296' title='bbox 699 2996 782 3055; x_wconf 92' lang='lat' dir='ltr'><strong>thoes</strong></span> <span class='ocrx_word' id='word_1_297' title='bbox 805 3013 838 3054; x_wconf 90' lang='lat' dir='ltr'><strong>ac</strong></span> <span class='ocrx_word' id='word_1_298' title='bbox 856 2995 974 3069; x_wconf 89' lang='lat' dir='ltr'><strong>leones,</strong></span> <span class='ocrx_word' id='word_1_299' title='bbox 995 3004 1025 3055; x_wconf 92' lang='lat' dir='ltr'><strong>et</strong></span> <span class='ocrx_word' id='word_1_300' title='bbox 1045 2996 1167 3053; x_wconf 88' lang='lat' dir='ltr'><strong>minuma</strong></span> 
     </span>
     <span class='ocr_line' id='line_1_35' title="bbox 174 3076 1167 3155; baseline -0.005 -16"><span class='ocrx_word' id='word_1_301' title='bbox 174 3087 266 3155; x_wconf 83' lang='lat' dir='ltr'><strong>a&#39;eque</strong></span> <span class='ocrx_word' id='word_1_302' title='bbox 287 3094 320 3135; x_wconf 91' lang='lat' dir='ltr'><strong>ac</strong></span> <span class='ocrx_word' id='word_1_303' title='bbox 337 3096 476 3139; x_wconf 90' lang='lat' dir='ltr'><strong>maxuma.</strong></span> <span class='ocrx_word' id='word_1_304' title='bbox 514 3079 698 3140; x_wconf 81' lang='lat' dir='ltr'><strong>formicosam</strong></span> <span class='ocrx_word' id='word_1_305' title='bbox 714 3078 847 3139; x_wconf 86' lang='lat' dir='ltr'><strong>arborem</strong></span> <span class='ocrx_word' id='word_1_306' title='bbox 868 3096 974 3138; x_wconf 87' lang='lat' dir='ltr'><strong>urucae</strong></span> <span class='ocrx_word' id='word_1_307' title='bbox 998 3087 1109 3139; x_wconf 90' lang='lat' dir='ltr'><strong>cavent.</strong></span> <span class='ocrx_word' id='word_1_308' title='bbox 1133 3076 1167 3135; x_wconf 89' lang='lat' dir='ltr'><strong>li·</strong></span> 
     </span>
     <span class='ocr_line' id='line_1_36' title="bbox 174 3160 1208 3241; baseline -0.003 -21"><span class='ocrx_word' id='word_1_309' title='bbox 174 3161 238 3221; x_wconf 90' lang='lat' dir='ltr'><strong>brat</strong></span> <span class='ocrx_word' id='word_1_310' title='bbox 254 3178 376 3221; x_wconf 89' lang='lat' dir='ltr'><strong>araneus</strong></span> <span class='ocrx_word' id='word_1_311' title='bbox 392 3181 424 3222; x_wconf 91' lang='lat' dir='ltr'><strong>se</strong></span> <span class='ocrx_word' id='word_1_312' title='bbox 442 3163 491 3222; x_wconf 90' lang='lat' dir='ltr'><strong>iilo</strong></span> <span class='ocrx_word' id='word_1_313' title='bbox 503 3165 532 3222; x_wconf 90' lang='lat' dir='ltr'><strong>in</strong></span> <span class='ocrx_word' id='word_1_314' title='bbox 550 3171 634 3241; x_wconf 89' lang='lat' dir='ltr'><strong>caput</strong></span> <span class='ocrx_word' id='word_1_315' title='bbox 657 3164 801 3241; x_wconf 88' lang='lat' dir='ltr'><strong>serpentis</strong></span> <span class='ocrx_word' id='word_1_316' title='bbox 819 3171 971 3240; x_wconf 89' lang='lat' dir='ltr'><strong>porrectae</strong></span> <span class='ocrx_word' id='word_1_317' title='bbox 991 3162 1044 3219; x_wconf 90' lang='lat' dir='ltr'><strong>sub</strong></span> <span class='ocrx_word' id='word_1_318' title='bbox 1065 3160 1167 3219; x_wconf 90' lang='lat' dir='ltr'><strong>umbra</strong></span> <span class='ocrx_word' id='word_1_319' title='bbox 1178 3170 1208 3211; x_wconf 73' lang='lat' dir='ltr'><strong>aa</strong></span> 
     </span>
     <span class='ocr_line' id='line_1_37' title="bbox 175 3242 1169 3324; baseline -0.005 -19"><span class='ocrx_word' id='word_1_320' title='bbox 175 3242 286 3305; x_wconf 89' lang='lat' dir='ltr'><strong>arboris</strong></span> <span class='ocrx_word' id='word_1_321' title='bbox 308 3262 377 3303; x_wconf 84' lang='lat' dir='ltr'><strong>tuae</strong></span> <span class='ocrx_word' id='word_1_322' title='bbox 399 3254 532 3324; x_wconf 88' lang='lat' dir='ltr'><strong>tantaque</strong></span> <span class='ocrx_word' id='word_1_323' title='bbox 554 3248 583 3303; x_wconf 92' lang='lat' dir='ltr'><strong>vi</strong></span> <span class='ocrx_word' id='word_1_324' title='bbox 607 3264 703 3305; x_wconf 91' lang='lat' dir='ltr'><strong>morsu</strong></span> <span class='ocrx_word' id='word_1_325' title='bbox 730 3244 881 3306; x_wconf 90' lang='lat' dir='ltr'><strong>cerebrum</strong></span> <span class='ocrx_word' id='word_1_326' title='bbox 908 3245 1114 3322; x_wconf 83' lang='lat' dir='ltr'><strong>adprehendit,</strong></span> <span class='ocrx_word' id='word_1_327' title='bbox 1137 3252 1169 3301; x_wconf 90' lang='lat' dir='ltr'><strong>ut</strong></span> 
     </span>
     <span class='ocr_line' id='line_1_38' title="bbox 174 3326 1170 3407; baseline 0 -22"><span class='ocrx_word' id='word_1_328' title='bbox 174 3326 296 3386; x_wconf 88' lang='lat' dir='ltr'><strong>stridens</strong></span> <span class='ocrx_word' id='word_1_329' title='bbox 313 3328 432 3405; x_wconf 83' lang='lat' dir='ltr'><strong>subinde</strong></span> <span class='ocrx_word' id='word_1_330' title='bbox 445 3346 478 3387; x_wconf 90' lang='lat' dir='ltr'><strong>ac</strong></span> <span class='ocrx_word' id='word_1_331' title='bbox 489 3330 631 3405; x_wconf 81' lang='lat' dir='ltr'><strong>vertigine</strong></span> <span class='ocrx_word' id='word_1_332' title='bbox 645 3338 736 3388; x_wconf 90' lang='lat' dir='ltr'><strong>rotata</strong></span> <span class='ocrx_word' id='word_1_333' title='bbox 753 3348 789 3389; x_wconf 90' lang='lat' dir='ltr'><strong>ue</strong></span> <span class='ocrx_word' id='word_1_334' title='bbox 801 3328 876 3387; x_wconf 89' lang='lat' dir='ltr'><strong>iilum</strong></span> <span class='ocrx_word' id='word_1_335' title='bbox 889 3328 1002 3407; x_wconf 91' lang='lat' dir='ltr'><strong>quidem</strong></span> <span class='ocrx_word' id='word_1_336' title='bbox 1015 3326 1170 3405; x_wconf 88' lang='lat' dir='ltr'><strong>pendentis</strong></span> 
     </span>
     <span class='ocr_line' id='line_1_39' title="bbox 85 3410 1167 3511; baseline 0 -45"><span class='ocrx_word' id='word_1_337' title='bbox 85 3446 87 3449; x_wconf 94' lang='lat'>-</span> <span class='ocrx_word' id='word_1_338' title='bbox 173 3426 321 3486; x_wconf 89' lang='lat' dir='ltr'><strong>rumpere,</strong></span> <span class='ocrx_word' id='word_1_339' title='bbox 339 3410 412 3467; x_wconf 91' lang='lat' dir='ltr'><strong>adeo</strong></span> <span class='ocrx_word' id='word_1_340' title='bbox 428 3426 483 3467; x_wconf 91' lang='lat' dir='ltr'><strong>non</strong></span> <span class='ocrx_word' id='word_1_341' title='bbox 499 3411 602 3486; x_wconf 85' lang='lat' dir='ltr'><strong>fugere</strong></span> <span class='ocrx_word' id='word_1_342' title='bbox 626 3420 720 3488; x_wconf 89' lang='lat' dir='ltr'><strong>queat.</strong></span> <span class='ocrx_word' id='word_1_343' title='bbox 744 3429 800 3471; x_wconf 91' lang='lat' dir='ltr'><strong>uec</strong></span> <span class='ocrx_word' id='word_1_344' title='bbox 814 3412 876 3470; x_wconf 89' lang='lat' dir='ltr'><strong>linis</strong></span> <span class='ocrx_word' id='word_1_345' title='bbox 893 3422 957 3471; x_wconf 91' lang='lat' dir='ltr'><strong>ante</strong></span> <span class='ocrx_word' id='word_1_346' title='bbox 972 3420 1092 3511; x_wconf 64' lang='lat' dir='ltr'><strong>morteqn</strong></span> <span class='ocrx_word' id='word_1_347' title='bbox 1108 3418 1167 3469; x_wconf 90' lang='lat' dir='ltr'><strong>est.</strong></span> 
     </span>
    </p>
   </div>
   <div class='ocr_carea' id='block_1_3' title="bbox 0 0 1276 3842">
    <p class='ocr_par' dir='ltr' id='par_1_3' title="bbox 0 0 1276 3842">
     <span class='ocr_line' id='line_1_40' title="bbox 0 0 1276 3842; baseline 0 0"><span class='ocrx_word' id='word_1_348' title='bbox 0 0 1276 3842; x_wconf 95' lang='lat' dir='ltr'><strong> </strong></span> 
     </span>
    </p>
   </div>
  </div>
 </body>
</html>
