2542 3842
174 161 233 220 174
546 171 577 221 C.
595 172 692 220 PLINI
706 171 855 220 saccum

171 327 253 386 lacus
274 323 373 402 Buges
393 327 474 387 fossa
500 325 671 386 emissaria
693 341 783 385 mare.
813 322 882 403 lpse
904 321 1002 400 Buges
1021 341 1038 384 a
1059 321 1168 386 Coreto

169 409 303 469 Maeotae
320 409 401 470 lacus
418 412 481 470 sinu
502 419 623 488 petroso
644 408 814 468 discluditur
834 408 932 467 dorso.
961 408 1065 486 recipit
1080 410 1170 469 amuis

171 491 291 570 Bagam,
309 490 439 570 Gerrnm,
457 492 613 571 Hypanim,
630 509 669 552 ex
685 491 802 552 diverso
816 491 959 550 venientis
974 499 1075 551 tractu.
1106 511 1170 552 uam

172 574 280 635 Gerros
293 575 436 638 Basilidas
450 585 481 636 et
493 575 640 636 Nomadas
655 584 790 653 separat,
814 573 941 652 Hypanis
957 592 1012 652 per
1025 573 1170 636 Nomadas
1237 614 1241 622 =

171 668 201 718 et
214 658 345 734 Hylaeos
359 660 420 720 lluit
435 659 611 720 manufacto
627 657 714 718 alveo
729 659 758 717 in
769 658 881 734 Bugen‚
897 658 1017 718 naturali
1032 658 1060 717 iu
1078 656 1190 724 (iores

129 749 237 803 85tum.
261 744 345 819 regio
362 742 479 818 Scythia
495 742 612 802 Sindice
626 743 795 801 nominatur.
826 741 887 801 Sed
903 759 920 800 a
936 739 1080 802 Carcinite
1096 741 1168 802 Tau·

170 827 230 886 rica
251 827 351 904 incipit
371 825 515 905 quondam
537 825 607 884 mari
629 823 803 884 circumfusa
823 832 853 883 et
873 824 937 901 ipsa
959 841 1074 903 quaque
1095 843 1170 886 nunc
1269 877 1270 914 ,

170 909 264 988 campi
279 911 384 969 iacent.
400 909 467 969 dein
481 909 571 968 vastis
585 907 725 968 attollitur
735 906 820 984 iugis.
847 905 974 984 Triginta
992 917 1056 968 suut
1070 927 1170 969 eorum
1269 919 1270 934 ¹

50 1001 58 1014 ⁹
85 1040 88 1046 .
170 992 280 1073 populi.
304 1009 344 1052 ex
358 994 393 1052 iis
407 991 612 1052 mediterranei
622 988 729 1066 XXHl,
745 989 785 1049 Vl
800 989 907 1070 oppida
920 988 1078 1068 Orgocyni,
1095 990 1168 1054 (lha-
1269 989 1270 1012 ³

169 1077 286 1151 racemi,
314 1074 473 1152 hagyraui‚
503 1075 647 1151 Tractari,
673 1073 884 1149 Arsilachitae‚
904 1071 1046 1150 Caliordi.
1073 1076 1169 1153 iugum
1180 1096 1204 1136 ro

170 1160 263 1238 ipsum
285 1159 469 1235 Scythotauri
490 1167 599 1224 tenent.
630 1156 782 1218 cluduntur
804 1156 840 1217 ab
865 1158 1019 1218 occidente
1043 1156 1168 1220 Cherro-

168 1259 259 1318 neso,
281 1242 317 1304 ab
341 1252 406 1303 ortu
427 1242 544 1318 Scythis
566 1242 707 1305 Sataucis.
738 1239 770 1301 lu
787 1258 838 1302 ora
861 1240 1038 1302 aCarciuite
1061 1243 1169 1321 oppida

169 1326 320 1407 Taphrae,
341 1329 370 1387 in
384 1326 456 1405 ipsis
473 1326 612 1402 augustiis
626 1325 812 1404 peninsulae,
833 1341 902 1384 mox
915 1324 1059 1386 Heraclea
1078 1323 1167 1386 Cher·

168 1427 291 1470 ronesus
313 1409 449 1470 libertate
471 1409 640 1469 aRomauis
662 1409 804 1470 donatum.
840 1406 990 1484 Megarice
1009 1409 1168 1470 vocabatur

169 1503 268 1568 autea,
293 1493 443 1573 praecipui
457 1493 559 1552 nitoris
575 1493 604 1552 in
619 1501 681 1552 tcto
698 1509 736 1552 eo
751 1500 844 1552 tractu
860 1493 1010 1553 custoditis
1027 1491 1167 1554 Graeciae
1178 1511 1202 1552 a

126 1574 314 1650 sonoribus,
337 1577 464 1654 quinque
478 1575 556 1635 milia
571 1593 650 1654 pass.
666 1574 809 1648 ambiente
831 1593 922 1634 muro.
953 1575 1024 1636 Inde
1050 1575 1168 1637 Parthe-

168 1661 244 1718 nium
255 1662 490 1737 promontorium,
504 1658 662 1719 Taurorum
675 1659 776 1719 civitas
788 1658 902 1734 Placia,
917 1658 1083 1734 Symbolum
1100 1677 1168 1738 por·

168 1752 230 1817 tus,
253 1743 478 1824 promontorium
494 1739 700 1822 Griumetopou
718 1742 870 1803 adversum
888 1740 1057 1804 Carambico
1078 1743 1168 1803 Asiae

170 1826 383 1903 promontorio,
395 1843 450 1904 per
459 1826 583 1886 medium
591 1825 733 1888 Euxinum
744 1843 920 1905 procurrens
932 1825 1034 1886 CLXX
1044 1826 1073 1886 M
1088 1843 1167 1904 pass.

44 1933 51 1938 ·
169 1908 338 1984 intervallo,
360 1925 435 1986 quae
449 1926 581 1970 maxume
596 1911 670 1970 ratio
687 1909 814 1985 Scythici
829 1929 915 1971 arcus
929 1913 1049 1970 formam
1066 1909 1204 1980 eflicitao

169 1989 205 2051 ab
226 2009 263 2052 eo
281 1991 440 2052 Taurorum
462 2002 563 2070 portus
577 1993 657 2054 multi
680 2003 710 2054 ct
730 1994 821 2054 lacus.
848 1995 985 2074 oppidum
1001 1991 1165 2055 Theodosia

170 2094 187 2137 a
205 2072 392 2154 Griumetopo
414 2074 520 2135 CXXV
533 2075 563 2136 M
578 2094 674 2156 pass,
698 2095 714 2137 a
730 2075 916 2139 Cherroneso
934 2095 1006 2139 vero
1024 2075 1166 2136 CLXVM

169 2176 248 2236 pass.
281 2159 363 2220 Ultra
377 2159 460 2220 luere
477 2161 585 2239 oppida
601 2158 709 2237 Cytae,
732 2159 921 2239 Zephyrium,
942 2162 1055 2235 Acrae,
1078 2159 1165 2235 Nym-

126 2242 309 2320 alphaeum,
331 2243 395 2304 Dia.
422 2251 513 2306 restat
533 2245 622 2322 louge
641 2245 847 2306 validissimum
862 2247 969 2323 inipso
985 2245 1109 2320 Bospori
1125 2245 1166 2302 in·

169 2326 255 2386 troitu
275 2326 496 2404 Panticapaeum
510 2325 703 2403 Milesiorum,
733 2345 750 2386 a
772 2327 938 2388 Theodosia
959 2324 1117 2386 LXXXVII
1137 2324 1204 2386 M2⁵

169 2409 298 2487 Bpass.,
315 2429 331 2468 a
348 2406 502 2468 Cimmerio
517 2427 589 2468 vero
605 2411 715 2486 oppido
732 2410 928 2469 transfretum
944 2410 999 2469 sito
1010 2409 1069 2468 MM
1080 2409 1118 2484 I),
1137 2417 1168 2469 ut

138 2505 162 2538 π
170 2493 306 2566 diximus,
329 2507 407 2568 pass.
437 2489 517 2550 Haec
538 2491 579 2550 ibi
600 2491 719 2551 latitudo
735 2492 833 2551 Asiam
850 2492 886 2551 ab
902 2492 1021 2570 Europa
1036 2501 1165 2569 separat,

168 2591 261 2651 eaque
277 2575 339 2651 ipsa
352 2573 476 2652 pedibus
490 2573 661 2651 plerumque
677 2575 777 2653 pervia
788 2574 914 2651 glaciato
927 2575 1013 2635 ireto.
1040 2574 1166 2652 Bospori

168 2654 313 2722 Cimmerii
329 2656 449 2717 latitudo
464 2654 519 2717 Xll
529 2655 558 2715 M
569 2655 594 2716 D
607 2675 742 2735 passuum
752 2658 860 2737 oppida
874 2657 963 2718 habet
981 2657 1164 2732 Hermisium,

168 2739 353 2814 Myrmecium
370 2747 400 2800 et
421 2741 497 2801 intus
518 2740 638 2800 insulam
653 2740 816 2819 Alopecen.
847 2758 902 2820 per
919 2741 1053 2802 Maeotim
1070 2750 1164 2802 autem
1175 2754 1204 2796 ao

168 2822 204 2883 ab
220 2832 351 2884 extremo
367 2823 481 2899 isthmo,
496 2825 545 2902 qui
556 2823 640 2884 locus
650 2823 783 2902 Taphrae
794 2833 925 2900 vocatur,
940 2826 976 2886 ad
991 2841 1025 2886 os
1038 2825 1164 2902 Bospori

124 2904 267 2966 BBCCLX
280 2906 310 2967 M
324 2924 402 2984 pass.
420 2906 570 2984 longitudo
584 2908 740 2984 colligitur.
767 2908 794 2967 A
809 2906 932 2985 Taphris
946 2927 1000 2987 per
1015 2909 1163 2968 coutinen-

167 2999 225 3048 tem
251 2991 393 3050 introrsus
419 2999 518 3050 tenent
540 2989 690 3052 Auchetae
715 2991 791 3070 apud
813 3009 887 3069 quos
909 2991 1037 3070 Hypanis
1061 2993 1162 3074 oritur,

167 3071 286 3132 Neuroe
301 3072 376 3150 apud
386 3091 461 3151 quos
473 3072 680 3152 Borysthenes,
698 3074 811 3150 Geloni,
828 3073 1041 3152 Thyssagetae,
1050 3074 1162 3149 Budiui,

66 3160 69 3164 ’
167 3154 312 3215 basilidae
327 3164 356 3214 et
372 3157 511 3216 caeruleo
527 3159 633 3235 capillo
650 3157 815 3234 Agathyrsi.
833 3175 921 3236 super
936 3176 990 3218 eos
1005 3156 1164 3228 Nomades,
1175 3169 1205 3214 ts

168 3237 273 3298 deinde
288 3236 546 3317 Anthropophagi,
569 3259 586 3302 a
608 3240 691 3318 Huge
713 3259 786 3302 vero
801 3259 891 3319 super
905 3239 1040 3302 Maeotim
1056 3241 1165 3302 Sauro·

167 3329 259 3381 matae
277 3328 307 3380 et
322 3318 502 3382 Essedones.
520 3332 550 3384 at
563 3341 617 3402 per
632 3341 711 3384 oram
726 3325 763 3384 ad
778 3323 894 3386 Tanaim
910 3343 1002 3403 usque
1016 3322 1165 3403 Maeotae,

167 3403 303 3484 aquibus
318 3403 400 3466 lacus
415 3423 520 3468 nomeu
534 3407 667 3484 accepit,
684 3408 831 3487 ultimique
847 3427 864 3470 a
880 3419 965 3485 tergo
981 3425 1083 3472 eorum
1098 3408 1165 3472 Ari·
1183 3401 1188 3413 ’
