2542 3842
167 156 206 217 98
527 169 556 216 o.
574 169 671 216 rnrnr
689 170 839 217 saccum

167 323 213 381 diu
231 323 348 400 saepius
363 340 445 400 quam
461 332 558 399 nocto,
573 332 603 382 et
615 325 703 383 multo
719 326 844 385 celerius
858 324 966 383 resolvi
983 341 1065 401 quam
1079 326 1162 384 nivis.

166 405 288 464 nebulas
304 422 359 464 neo
375 413 485 464 aestate
500 424 555 465 nec
571 424 702 467 maxumo
717 408 827 485 frigore
844 408 1000 482 exsistere,
1014 425 1098 467 rores
1114 426 1168 467 nes
1213 423 1215 426 ·

168 507 224 566 que
242 488 309 565 gelu
325 506 420 567 neque
437 490 588 549 ardoribus
600 508 696 569 neque
708 494 802 550 ventis
817 499 871 550 nec
885 492 938 549 nisi
950 509 1054 551 serena
1065 501 1160 551 nocte.
1208 552 1213 557 ,

166 571 292 647 gelando
309 571 450 649 liquorem
465 572 566 647 minui,
583 573 735 652 solutaque
758 576 853 651 glaeie
869 591 926 633 uon
945 575 1066 633 eundem
1084 576 1162 633 inve

166 655 219 712 niri
236 654 358 713 modum.
386 656 436 716 61.
453 656 608 714 varietates
626 657 756 716 colorum
771 659 982 735 figurarumque
997 658 1026 715 in
1041 657 1186 716 nubibuss

166 738 256 812 cerni,
272 745 358 815 prout
373 738 513 796 admixtos
530 738 604 812 ignis
621 749 741 815 superet
758 749 805 799 aut
820 743 958 799 vincatur.

125 830 176 885 153
234 820 283 881 62.
302 820 385 898 (62.)
402 820 557 878 Praeterea
574 822 711 898 quasdam
726 824 922 899 proprietates
937 821 1106 899 quibusdam
1121 823 1162 881 lo·

167 904 209 963 cis
227 922 311 977 esse,
337 901 469 961 roscidas
485 909 596 961 aestate
614 902 735 963 Africae
752 906 863 980 noctis,
880 906 908 963 in
923 904 1003 964 ltalia
1018 904 1119 980 Locris
1135 915 1164 965 et

165 989 193 1045 in
211 986 275 1045 lacn
291 984 395 1043 Veline
411 983 490 1041 nullo
505 1001 562 1042 non
578 985 624 1047 die
641 986 784 1066 adparere
801 1004 902 1063 arcus,
921 987 1015 1046 Rhodi
1033 997 1063 1046 et
1077 990 1162 1063 Syra·

166 1070 243 1128 cusis
265 1084 415 1145 numquam
440 1074 515 1126 tanta
539 1066 635 1127 nubila
660 1068 820 1129 obduoiut
843 1088 900 1129 non
921 1071 1015 1147 aliqua
1031 1070 1102 1129 hora
1119 1071 1163 1129 sol
1173 1085 1197 1123 1⁰

166 1141 309 1227 cernaldfi,
330 1149 423 1228 qualia
440 1151 534 1229 aptius
549 1152 608 1211 suis
625 1152 790 1213 referentur
804 1154 888 1214 locis.
920 1154 1000 1214 Haec
1018 1155 1072 1213 sint
1088 1154 1163 1213 diota

166 1236 202 1294 de
218 1252 297 1294 aere.

126 1330 176 1383 154
241 1318 290 1381 63.
310 1316 394 1396 (63.)
413 1319 550 1398 Sequitur
565 1329 653 1396 terra,
671 1322 717 1380 cui
732 1322 779 1380 uni
796 1340 891 1381 rernm
908 1329 1025 1380 naturae
1043 1319 1163 1397 partium
1265 1325 1266 1328 ’

167 1401 269 1461 eximia
294 1410 415 1477 propter
437 1404 538 1461 merita
564 1420 726 1480 cognomen
747 1405 898 1463 indidimus
912 1411 1058 1462 maternae
1074 1420 1162 1461 vene-

165 1483 292 1546 rationis.
319 1482 368 1541 Sic
384 1481 526 1541 hominum
542 1485 601 1557 illa,
618 1495 649 1543 ut
660 1486 771 1543 caelum
783 1486 841 1559 dei,
858 1502 932 1561 quae
944 1501 998 1543 nos
1013 1486 1196 1544 nascentiis

166 1569 289 1646 excipit,
314 1577 397 1627 natos
413 1565 478 1642 alit,
495 1566 647 1643 semelque
662 1567 757 1626 editos
773 1568 893 1625 sustinet
909 1584 1040 1643 semper,
1066 1569 1163 1625 novis·
1265 1600 1267 1617 ι

166 1654 236 1711 sime
260 1652 404 1728 eonplexa
426 1650 537 1727 gremio
560 1650 615 1709 iam
638 1667 655 1708 a
677 1648 789 1727 reliqua
812 1657 911 1708 natura
932 1647 1083 1708 abdicatos
1105 1659 1164 1707 tum
1265 1646 1267 1709 i

165 1751 294 1793 maxume
305 1743 334 1791 ut
346 1742 437 1791 mater
448 1733 595 1810 operiens,
608 1731 687 1791 nullo
698 1734 789 1809 magis
801 1750 884 1791 sacra
896 1732 998 1791 merito
1010 1750 1093 1809 quarn
1106 1749 1163 1811 quo
1265 1770 1267 1775 ·

165 1832 218 1877 nos
237 1832 352 1893 quoque
369 1833 471 1875 sacros
485 1815 571 1891 iacit,
593 1816 678 1874 etiam
695 1817 867 1875 monimenta
884 1832 920 1875 ac
940 1814 1039 1874 titulos
1055 1833 1164 1892 gerens

165 1915 327 1975 nomenque
344 1916 505 1977 prorogans
520 1906 647 1957 nostrum
665 1908 695 1959 et
708 1898 874 1957 memoriam
881 1898 1051 1965 extendens
1064 1907 1198 1961 contram

165 1982 337 2039 brevitatem
354 1982 435 2055 aevi,
463 1982 542 2039 cuius
566 1998 670 2040 numen
691 1982 821 2046 ultimum¹
839 1982 894 2041 iam
909 1980 996 2041 nullis
1011 1999 1164 2058 precamur

165 2064 228 2122 irati
244 2080 351 2139 grave,
375 2071 516 2141 tamquam
532 2066 695 2123 nesciamus
709 2064 783 2125 hanc
799 2084 868 2126 esse
883 2064 975 2126 solam
992 2083 1068 2143 quae
1084 2083 1162 2123 num·

124 2158 174 2209 loo
187 2164 271 2224 quam
286 2148 426 2206 irascatur
440 2146 556 2207 homini.
586 2146 690 2226 Aquae
706 2147 829 2209 subeunt
844 2150 872 2207 in
886 2149 1000 2224 imbris,
1016 2149 1164 2224 rigescunt

165 2231 194 2288 in
211 2230 377 2305 grandines,
396 2238 556 2289 tumescunt
568 2232 596 2289 in
608 2230 721 2306 fluctus,
738 2233 964 2310 praecipitantur
976 2233 1005 2289 in
1015 2230 1171 2290 torrentius
1192 2301 1195 2305 Ι

165 2331 216 2371 aer
232 2312 367 2372 densatur
382 2312 515 2388 nubibus,
533 2314 600 2372 furit
614 2315 764 2391 procellis.
793 2315 908 2375 ethaeo
925 2314 1060 2389 benigna,
1076 2314 1161 2386 mitis,
1172 2334 1198 2374 as

166 2394 334 2469 indulgens,
356 2412 483 2471 ususque
507 2394 666 2454 mortalium
688 2414 806 2474 semper
826 2397 946 2470 ancilla,
972 2412 1046 2472 qnae
1063 2404 1163 2455 coacta

165 2484 302 2551 generat,
322 2493 396 2552 quae
412 2484 514 2551 sponte
531 2475 631 2549 fundit,
660 2493 734 2553 quos
749 2478 858 2535 odores
874 2493 1071 2554 saporesque,
1089 2495 1164 2555 quos

167 2574 270 2631 sucos,
295 2574 367 2635 quos
382 2565 491 2632 tactus,
509 2572 582 2635 quos
599 2556 732 2617 colores!
762 2575 844 2636 quam
860 2558 936 2617 hona
951 2558 1007 2617 lide
1024 2560 1164 2620 creditum

166 2639 393 2699 faenus-reddit!
411 2658 484 2717 quae
500 2648 598 2698 nostra
614 2658 701 2699 causa
716 2640 779 2699 alit!
797 2641 937 2718 pestilera
954 2642 1027 2699 enim
1039 2644 1162 2701 animan·
1265 2669 1266 2674 ¹

166 2724 223 2796 tia,
246 2722 325 2781 vitali
340 2722 440 2799 spiritu
462 2721 587 2781 habente
603 2722 733 2800 culpem,
755 2722 798 2782 illi
815 2741 940 2782 necesse
963 2732 1008 2782 est
1025 2725 1199 2789 seminatam

167 2806 308 2881 excipere
327 2813 356 2863 et
370 2806 639 2880 genitasustinere.
667 2806 720 2864 sed
735 2805 861 2864 inmalis
875 2807 1073 2882 generantium
1087 2824 1164 2866 noxa

148 2944 150 2949 .
167 2896 222 2947 est.
239 2886 291 2947 llla
304 2896 469 2964 serpentem
480 2885 595 2946 homine
607 2903 750 2964 percusso
763 2887 885 2965 amplius
895 2903 953 2946 nou
964 2890 1078 2966 recipit,
1092 2905 1163 2966 poe·

166 2988 277 3047 nasque
294 2971 378 3029 etiam
393 2970 523 3029 inertium
539 2970 655 3029 nomine
670 2972 769 3047 exigit.
786 2970 836 3029 illa
852 2970 980 3029 medicas
996 2970 1086 3030 lundit
1097 2971 1163 3030 lrer·

127 3063 176 3118 156
189 3050 258 3125 bas,
280 3060 309 3108 et
327 3068 444 3128 semper
460 3052 565 3111 homini
587 3053 716 3128 parturit.
731 3052 821 3125 ‘Quin
837 3062 866 3111 et
880 3070 992 3112 venena
1007 3054 1097 3122 nostri
1111 3054 1163 3113 mi·

171 3132 286 3191 seritam
297 3133 453 3191 instituisse
466 3135 545 3194 credi
558 3144 666 3212 potest,
682 3153 719 3193 ne
733 3136 760 3191 in
770 3130 867 3193 taedio
879 3135 1069 3210 vitaefames,
1084 3138 1199 3200 morsali

168 3225 265 3274 terrae
277 3214 386 3273 meritis
401 3215 585 3290 alienissima,
602 3218 678 3275 lenta
694 3225 876 3275 consumeret
892 3217 971 3292 tabe,
987 3236 1024 3277 nc
1037 3219 1165 3277 lacerum

146 3360 151 3367 ,
171 3313 277 3373 eorpus
288 3295 408 3373 abrupta
424 3296 636 3374 dispergerent,
653 3316 689 3356 ne
701 3298 797 3377 laquei
809 3300 960 3377 torqueret
972 3317 1066 3376 poena
1079 3318 1164 3377 prae·

170 3387 288 3454 postera
300 3377 411 3438 incluso
424 3378 524 3455 spirim
536 3382 581 3439 cui
598 3390 788 3459 quaereretur
802 3383 907 3458 exitus,
923 3399 961 3439 ne
975 3383 1004 3438 in
1019 3382 1163 3459 profundo
1265 3421 1267 3460 5
