2542 3842
349 161 430 209 uun.
447 162 538 212 msa.
554 162 619 211 1111.
644 149 860 234 1-s.(1—6.)
1073 154 1132 213 157
1210 202 1216 215 .

120 305 216 375 latur.
243 312 357 375 Deinde
378 316 407 375 in
426 316 531 377 intumo
553 317 616 377 sinu
638 315 760 392 angulus
774 312 914 376 Boeotiae
930 315 1053 377 adluitur
1069 335 1132 379 cnm

130 398 248 477 oppidis
263 398 371 476 Siphis,
390 397 498 461 Thebis
514 418 588 478 quae
605 396 727 460 Corsiae
741 400 959 475 cognominatae
975 409 1040 467 sunt
1056 402 1133 461 iuxta

130 490 258 540 montem
272 479 452 542 Heliconem.
483 484 597 543 tertium
618 482 655 542 ah
677 482 734 542 hoc
755 482 827 540 mari
840 480 979 544 Boeotiae
996 484 1133 563 oppidum

130 564 240 640 Pagae,
257 562 332 623 unde
347 564 545 643 Peloponnesi
560 566 674 645 prosilit
689 565 798 626 cervix.

108 667 122 705 s
193 646 223 706 4.
239 646 302 727 (5.)
318 646 555 726 Peloponnesus,
577 649 652 727 Apia
676 658 760 709 antea
775 645 923 726 appellata
940 658 970 708 et
985 648 1160 726 Pelasgia,9

131 728 284 809 peninsula
304 730 372 791 haut
393 732 443 791 ulli
467 741 563 793 terrae
584 732 734 792 nobilitate
759 730 965 809 postferenda,
986 732 1132 793 interduo

131 814 221 901 mapia
237 810 389 889 Aegaeum
405 822 434 875 et
448 813 572 892 lonium,
594 816 703 893 platani
717 816 790 875 lolio
806 813 923 889 similis,
949 824 1069 894 propter
1084 834 1131 875 an-

116 895 255 973 -gulosos
281 914 418 957 recessus
444 899 564 958 circuitu
584 898 703 959 DLXlll
719 897 749 959 Μ
772 916 851 976 pass.
878 897 990 974 colligit
1013 908 1132 958 auctore

132 978 257 1039 Isidoro.
281 980 384 1039 eadem
398 999 452 1058 per
468 983 546 1042 sinus
562 1000 657 1061 paene
672 981 835 1043 tantundem
850 981 945 1042 edicit.
973 981 1131 1057 Angustiae

98 1061 210 1121 acunde
235 1062 369 1139 procedit
390 1062 514 1125 Isthmos
536 1065 730 1143 appellantur.
760 1062 793 1125 ln
816 1081 853 1123 eo
870 1064 938 1124 loco
955 1066 1132 1142 erumpentia

132 1164 150 1204 e
167 1142 285 1205 diverso
302 1162 376 1222 qaae
393 1146 469 1207 dicta
484 1156 550 1206 sunt
564 1150 653 1208 maria
667 1166 683 1207 a
699 1148 897 1225 septentrione
914 1156 942 1206 et
954 1157 1058 1207 exortu
1069 1149 1133 1207 eius

132 1244 248 1287 omnem
263 1226 302 1286 ibi
319 1227 497 1289 latitudinem
510 1239 624 1306 vorant,
641 1230 736 1290 donec
751 1231 895 1290 contrario
911 1231 1026 1289 incursu
1041 1239 1132 1290 tanto-

132 1328 196 1370 rum
219 1327 377 1388 aequorum
403 1313 431 1372 in
452 1312 479 1373 V
499 1312 529 1372 Μ
553 1331 632 1392 pass.
657 1312 839 1373 intervallum
864 1314 963 1373 exesis
991 1314 1132 1390 utrimque

120 1391 274 1452 lateribus
301 1404 420 1470 angusta
446 1397 563 1456 cervice
588 1396 822 1475 Peloponnesum
850 1398 996 1456 contineat
1021 1395 1131 1454 llellas.

99 1493 124 1533 15
135 1473 336 1535 Corinthiacus
351 1476 427 1552 hinc,
444 1477 523 1539 illinc
538 1480 696 1539 Saronicus
709 1478 874 1558 appellatur
888 1480 983 1554 sinus,
998 1477 1133 1537 Lecheae
1141 1487 1175 1538 10

133 1558 211 1633 hino,
229 1554 401 1620 Cenchreae
418 1560 497 1621 illinc
511 1563 706 1639 angustiarum
720 1563 850 1635 termini,
867 1560 957 1638 longo
972 1570 1000 1619 et
1015 1562 1132 1637 ancipiti

134 1642 248 1701 navium
265 1641 370 1703 ambitu
386 1661 458 1721 quas
478 1644 643 1721 magnitudo
665 1645 802 1723 plaustris
817 1644 963 1703 transvehi
986 1642 1131 1721 prohihet,
1210 1651 1215 1657 ’

135 1741 219 1802 quam
242 1723 281 1782 oh
306 1742 421 1784 causam
444 1726 602 1803 periodere
625 1726 782 1802 navigabili
805 1726 890 1787 alveo
911 1727 1058 1803 angustias
1081 1742 1132 1786 eas

99 1900 126 1941 ,ο
134 1806 581 1966 lllltl‘tltlitllt‘i
590 1810 722 1952 llll
731 1805 1172 1970 ltttiltjlllttlh11

134 1970 231 2031 medie
254 1968 310 2031 hoo
332 1972 484 2037 intervallo
506 1976 584 2051 quod
605 1974 733 2035 Isthmon
755 1975 963 2053 appellavimus
987 1974 1158 2052 adplicatav

136 2052 205 2112 colli
221 2052 362 2113 habitatur
377 2055 492 2115 colonia
508 2054 662 2116 Corinthus
677 2065 763 2117 antea
778 2056 896 2133 Ephyra
916 2057 992 2114 diota
1007 2074 1131 2130 sexage-

133 2136 180 2195 nis
195 2134 231 2193 ah
246 2143 370 2213 utroque
385 2136 470 2198 litore
487 2139 597 2213 stadiis,
614 2158 631 2197 e
647 2154 755 2196 summa
771 2154 822 2196 sua
836 2154 904 2195 arce
921 2153 996 2213 quae
1013 2144 1133 2195 vocatur

136 2215 381 2293 Acrocorinthos,
403 2221 430 2279 in
451 2232 506 2297 qua
526 2220 591 2279 lons
611 2218 732 2292 Pirene,
755 2217 870 2277 diversa
891 2216 947 2277 dun
962 2218 1051 2276 maria
1065 2232 1131 2294 pro·

98 2314 126 2353 ²⁵
137 2298 511 2445 {ittztidillllll
523 2302 653 2445 llll?
666 2298 1132 2459 lillillll§hillidii

500 2427 507 2442 .
653 2427 662 2460 ,
902 2443 908 2450 ,

135 2464 280 2522 montorio
291 2464 485 2542 Peloponnesi
500 2467 614 2528 condita
627 2486 665 2527 ex
680 2467 804 2527 adverso
815 2464 951 2533 Aetoliae
967 2472 997 2524 et
1011 2463 1132 2523 huminis

135 2544 241 2621 Eueni,
258 2547 350 2605 minus
364 2545 393 2605 Μ
407 2566 503 2625 pase,
518 2558 549 2608 ut
566 2549 672 2609 dictum
691 2558 752 2621 est,
771 2548 924 2607 intervallo
940 2548 969 2606 in
983 2547 1056 2624 ipsis
1071 2545 1130 2605 iau·
1149 2561 1160 2593 ⁸

137 2626 220 2685 eihus
240 2628 331 2688 sinum
352 2626 564 2690 Corinthiacum
579 2630 712 2691 LXXXV
732 2630 762 2690 Μ
783 2648 861 2708 pass.
883 2631 912 2688 in
926 2628 1133 2705 longitudinem

100 2723 127 2763 ao
136 2726 229 2788 usque
244 2709 280 2769 ad
294 2709 422 2770 Isthmon
435 2714 635 2779 transmittunt.

199 2791 228 2850 5.
243 2792 306 2869 (6.)
317 2790 446 2854 Achaiae
458 2812 563 2854 nomen
576 2794 745 2874 provinciae
758 2793 794 2853 ah
805 2791 912 2852 isthmo
924 2790 1033 2866 incipit.
1049 2797 1132 2849 antea
1142 2802 1173 2853 12

135 2872 277 2949 Aegialos
288 2875 447 2953 vocabatur
458 2885 579 2953 propter
590 2878 669 2934 urhis
683 2878 713 2933 in
726 2876 811 2934 litore
824 2892 878 2951 per
893 2871 1022 2933 ordinem
1034 2871 1131 2949 dispo-

135 2955 215 3014 sitas.
242 2955 353 3015 Primae
369 2956 409 3015 ihi
427 2975 498 3035 quas
513 2958 635 3017 diximus
646 2954 781 3016 Lecheae
793 2953 1004 3013 Corinthiorum
1020 2962 1130 3028 portus.
1142 2974 1164 3007 o

136 3052 205 3096 mox
221 3035 328 3111 Olyros
343 3038 564 3100 Pallenaeorum
580 3040 740 3098 castellum.
762 3036 871 3113 oppida
885 3034 999 3108 Helice,
1015 3033 1090 3094 Bura
1104 3035 1133 3093 in

100 3135 211 3194 aequae
231 3120 371 3197 reingere
393 3122 502 3181 haustis
517 3120 679 3199 prioribus,
702 3120 828 3192 Sicyon,
851 3117 976 3194 Aegira,
997 3116 1132 3193 Aegium,

61 3266 65 3273 ⁸
135 3198 269 3263 Erineos.
297 3204 373 3261 intus
390 3201 536 3278 Cleonae,
552 3202 671 3275 lipsiae.
703 3200 880 3260 Panhormus
899 3209 1000 3279 portas
1016 3199 1176 3259 demon-13

137 3290 311 3360 stratumque
329 3284 385 3343 lam
399 3282 518 3358 Rhium,
543 3300 558 3343 a
575 3299 631 3361 quo
654 3284 851 3360 promontorio
869 3284 995 3361 quinque
1011 3280 1040 3339 Μ
1054 3297 1158 3358 passo

135 3363 239 3423 ahsunt
258 3364 362 3426 Patrae
383 3382 455 3443 quas
477 3382 563 3445 supra
585 3365 821 3442 memoravimus,
847 3364 929 3427 locus
946 3363 1072 3425 Pherae.
1103 3360 1163 3420 lau
