2542 3842
82 147 84 153 ’
170 125 212 187 ot
435 158 438 168 ·
462 147 465 156 ¹
515 138 664 186 0.PL1N1
688 139 836 187 securior

169 310 222 371 pas
237 293 296 353 late
311 292 427 352 deserta
444 292 530 368 regio
545 303 592 353 est
606 312 623 353 a
639 292 842 371 scorpionibus
864 303 893 353 et
921 294 1062 373 solipugis
1084 305 1174 372 geute

169 377 299 452 sublata,
326 387 389 436 eta
411 377 616 453 scolopendris
643 376 763 437 abactos
792 377 978 438 Rhoetiensis
1005 388 1175 440 auctorest

169 461 396 538 Theophrastus.
428 460 487 519 Sed
510 462 547 520 ad
560 458 676 539 ‘reliqua
695 460 819 521 lerarum
835 480 945 538 genera
961 462 1123 523 redeamus.

127 557 176 608 105
248 545 298 604 3⁴).
318 546 403 624 (44.)
420 544 547 619 llyaenis
559 555 709 622 utramque
722 564 789 605 esse
805 556 934 606 naturam
950 556 978 606 et
993 548 1113 607 alternis
1123 566 1173 609 au·

169 632 211 689 nis
227 632 313 689 maris
333 629 451 689 alternis
467 629 588 689 feminas
606 630 680 703 lieri,
692 648 798 707 parere
814 632 876 689 sine
891 648 971 691 mare
985 632 1091 709 volgus
1107 650 1196 697 ore-s

169 714 219 787 dit,
237 713 412 773 Aristoteles
427 723 524 789 negat.
547 715 654 774 oollam
668 724 699 777 ,et
710 714 776 773 iuba
793 723 822 774 et
837 716 944 775 unitate
958 714 1059 793 spinae
1079 718 1173 794 porri·

127 807 178 861 106
185 801 271 879 gitur,
280 798 417 877 flectique
429 800 484 857 nisi
501 801 676 857 circumactu
685 800 773 874 ,totius
787 802 921 877 corporis
931 817 988 858 non
999 802 1068 878 quit.
1085 800 1174 861 multa

169 892 323 983 praeterea
338 884 408 941 mira
424 882 590 957 traduntur
611 882 665 941 sed
688 900 819 943 mamare
840 901 1005 953 sennonem
1020 884 1173 945 humanum

168 968 244 1026 inter
263 976 410 1045 pastorum
436 966 548 1026 stabula
569 966 761 1042 adsimulare,
793 984 958 1068 nomenque
978 969 1100 1027 alieuius
1123 968 1172 1029 ad·

170 1051 243 1112 disci
261 1069 347 1130 quem
362 1060 513 1109 evocatum
528 1052 599 1111 loris
613 1050 735 1127 laceret,
755 1053 823 1111 item
846 1054 1032 1113 vomitionem
1049 1052 1172 1113 hominis
1183 1064 1207 1117 ιι

170 1137 271 1195 imitari
284 1136 319 1195 ad
343 1134 545 1195 sollicitandos
565 1154 653 1195 canes
675 1153 748 1215 quos
774 1137 896 1198 invadat.
925 1137 960 1196 ab
981 1154 1036 1197 uno
1059 1137 1173 1198 animali

147 1261 151 1263 -
171 1221 326 1300 sepulchra
348 1221 409 1278 erui
428 1221 612 1299 inquisitione
634 1237 798 1299 corporum.
840 1222 974 1281 feminam
999 1238 1066 1281 raro
1095 1222 1171 1299 capi.

171 1306 263 1364 oculis
283 1304 363 1363 mille
385 1322 453 1363 esse
475 1307 632 1365 varietates
659 1306 848 1385 colorumque
874 1306 1056 1367 mutationes.
1087 1322 1172 1384 prae-

170 1398 251 1449 terea
268 1388 385 1448 umbrae
408 1390 471 1448 eius
491 1398 626 1449 contactu
651 1408 739 1449 canes
759 1390 973 1451 obmutescere
1007 1399 1036 1449 et
1053 1388 1171 1467 quibus·

60 1525 66 1535 ,
154 1475 233 1534 dam
245 1473 366 1547 magicis
378 1473 487 1533 artibus
500 1490 583 1533 omne
596 1474 699 1533 animal
715 1475 791 1572 qpod
803 1485 849 1534 ter
861 1475 1047 1534 lustraverit
1039 1492 1067 1533 m
1079 1476 1206 1535 vesti-15

82 1610 89 1624 .
128 1560 235 1635 litigio
257 1557 389 1614 haerere.
428 1558 515 1634 (45.)
536 1557 624 1617 lluius
641 1560 758 1633 generis
779 1561 856 1617 coitu
877 1559 979 1619 leaena
995 1559 1172 1637 Aethiopica

169 1643 243 1721 parit
256 1640 451 1713 corocottam,
474 1642 606 1700 similiter
628 1658 721 1700 voces
734 1644 889 1701 imitantem
912 1643 1056 1701 hominum
1080 1658 1172 1721 peoo-

169 1741 299 1821 rumque
334 1724 414 1781 acies
436 1724 463 1781 ei
485 1734 626 1802 perpetua
649 1726 677 1783 in
698 1734 818 1803 utraque
829 1734 914 1803 parte
929 1728 988 1784 oris
1004 1726 1091 1787 nullis
1109 1728 1173 1804 gin·

170 1808 256 1885 giris,
269 1806 355 1865 dente
374 1808 519 1882 contiuuo,
537 1827 574 1867 ne
592 1810 738 1869 contrario
755 1826 879 1868 occursu
896 1808 1050 1869 hebetetur
1068 1824 1173 1888 capsa-

169 1909 229 1950 rum
250 1891 336 1950 modo
360 1891 522 1957 includitur.
555 1892 699 1953 hominum
725 1910 876 1953 sermones
895 1894 997 1953 imitari
1018 1902 1047 1952 et
1070 1896 1172 1957 manti·
1162 1918 1205 1959 -ao
1251 1900 1252 1969 l

170 1975 303 2036 choran
293 1995 322 2034 in
337 1976 491 2054 Aethiopia
509 1986 611 2036 auctor
626 1988 672 2037 est
686 1977 766 2038 Iuba
1088 2004 1090 2008 ’

94 2113 99 2122 .
129 2068 179 2122 108
244 2062 336 2140 (46.)
359 2058 495 2135 llyaenae
516 2063 666 2140 plurumae
686 2064 839 2140 gignuntur
860 2062 888 2121 in
910 2062 1021 2137 Africa,
1045 2079 1121 2139 quae
1143 2073 1174 2123 ct
1251 2090 1252 2131 ι

79 2162 81 2166 ·
170 2147 314 2245 asinorum
336 2146 512 2246 silvestrium
529 2148 736 2247 multitudinem
760 2147 859 2246 lundit.
891 2164 987 2207 mares
1010 2147 1038 2205 in
1061 2163 1097 2205 eo
1119 2165 1171 2223 ge·
1251 2138 1252 2195 ἕ

169 2317 299 2376 aemulos
318 2324 348 2372 et
367 2312 435 2372 ideo
459 2315 594 2390 gravidas
616 2316 779 2377 custodiunt
800 2278 955 2394 morshque
977 2324 1060 2374 natos
1081 2315 1167 2373 maris
1180 2336 1207 2377 at
1251 2284 1252 2337 ³

170 2408 304 2460 castrant.
341 2406 441 2455 contra
469 2400 607 2498 gravidae
633 2400 760 2460 latebras
789 2409 889 2478 petunt
915 2409 944 2459 et
967 2416 1072 2477 parere
1092 2398 1170 2457 lurto
1251 2406 1252 2445 i

170 2484 285 2561 cupiunt
300 2480 485 2558 gaudentque
501 2484 586 2560 eopia
601 2482 737 2543 hbrdmrs.

129 2577 178 2632 109
250 2565 335 2643 (47)
359 2561 485 2625 llasdem
503 2568 593 2642 partis
608 2566 688 2625 sibi
679 2586 734 2645 rpsr
728 2566 860 2626 'Pontici
877 2575 1023 2646 amputant
1038 2566 1104 2627 iibri
1118 2584 1170 2645 pe·
1251 2604 1252 2651 l

168 2648 260 2709 riculo
278 2658 431 2726 urguente,
457 2648 494 2708 ob
513 2648 569 2709 hoc
583 2669 616 2710 se
633 2653 693 2730 peti
709 2650 800 2727 gnari.
834 2660 997 2711 castoreum
1016 2652 1045 2711 id
1062 2660 1171 2713 vocant

168 2733 282 2793 medici.
313 2733 385 2793 alias
406 2734 508 2794 animal
530 2733 667 2794 horrendi
689 2752 801 2795 morsus
819 2736 1035 2795 arbores‘iuxta
1055 2735 1205 2797 luminoso

169 2826 200 2877 ut
214 2817 294 2879 ierro
313 2818 418 2879 caedit.
444 2818 567 2878 hominis
585 2829 667 2897 porte
690 2820 892 2899 conprehensa
914 2838 972 2880 non
994 2830 1060 2881 ante
1086 2838 1172 2899 quarn

168 2902 260 2965 fracta
277 2905 501 2982 concrepuerint
513 2921 580 2963 ossa
595 2922 709 2965 morsus
724 2905 854 2965 resolvit.
877 2906 967 2965 cauda
983 2905 1107 2982 piscium
1125 2907 1170 2978 iis,

139 2981 143 2990 ’
169 2996 267 3049 cetera
284 2989 401 3065 species
417 2988 518 3048 lutrae.
550 2996 699 3068 utrumque
721 2990 892 3069 aquaticum,
904 2989 1028 3068 utrique
1054 2988 1172 3097 mollior
1251 2984 1252 3031 ἶ

170 3072 265 3151 pluma
281 3071 367 3148 pilus.

128 3167 180 3219 llo
252 3156 300 3216 31.
319 3155 402 3255 (48.)
426 3154 525 3218 Ranae
548 3176 665 3238 quoque
688 3158 826 3233 rubetae,
856 3167 1023 3237 quarumet
1045 3158 1207 3216 interraso

170 3243 222 3301 et
214 3260 242 3300 m
259 3257 359 3298 umore
374 3242 442 3318 vita,
465 3242 604 3320 plurumis
619 3243 746 3302 refertae
763 3242 998 3303 medicaminibus
1014 3242 1171 3319 deponere

170 3342 204 3385 ea
223 3325 329 3383 cotidie
347 3340 381 3382 ao
403 3342 553 3385 resumere
570 3336 654 3406 pastu
670 3326 818 3404 dicuntur,
840 3346 952 3389 venena
974 3334 1079 3411 tantqm
1095 3343 1171 3384 sem·

171 3424 223 3484 per
239 3406 292 3466 sibi
309 3416 502 3467 reservantes
