2542 3842
283 169 377 255 ‘usn
400 168 491 215 mss.
514 166 745 221 ussusto—*in-
776 155 930 235 (ιι-18.)
1079 158 1119 233 ιι

114 326 183 387 dunt
199 284 328 401 serpunt.
360 322 448 401 pellis
473 339 576 381 eornm
594 323 681 383 etiem
702 322 847 383 detractas
867 325 988 402 corpori
1005 342 1121 387 sensnm

114 413 275 488 aequorum
289 409 416 465 retinere
432 405 546 466 tradunt
567 424 742 483 semperque
766 414 848 467 aestu
860 409 946 466 maris
961 410 1120 471 recedente

79 528 85 537 ·
114 493 341 562 inhorrescere,
356 492 514 569 praeterea
537 490 662 551 dextrae
676 491 781 568 pinnae
801 492 858 553 vira
870 492 1065 571 soporiferam
1079 494 1120 553 in·

117 596 186 638 esse
201 591 388 653 somnosque
399 574 527 635 adlicere
543 572 685 635 subditam
701 575 797 653 capiti.

90 681 105 721 ι
182 662 232 720 14.
256 659 319 719 Ριιο
334 660 491 719 carentium
505 658 563 718 duo
578 660 694 718 omnino
712 658 815 723 annual
827 660 949 737 pariunt,
963 660 1115 738 delphinus
1126 669 1162 723 43

116 764 154 807 ac
170 746 282 821 vipera.
317 743 402 821 (16)
421 742 545 801 Piscium
565 744 683 819 speeies
703 752 767 805 snut
788 744 970 821 septuaginta
985 753 1120 821 quattuor

116 838 236 908 praeter
253 828 357 887 crustis
377 828 484 887 intecta
501 844 575 902 quae
596 835 662 887 sunt
683 826 807 902 triginta.
841 827 878 887 de
899 827 1021 904 singulis
1048 828 1119 889 alias
1132 869 1160 909 ³,

116 914 255 986 dicemus
275 929 352 971 nuno
369 912 444 969 enim
460 918 578 969 naturae
595 911 778 971 tractantur
769 912 929 1009 rnsiguium
1119 910 1160 995 ξιξ

184 997 231 1055 15.
255 996 338 1072 (17)
361 994 522 1071 Praecipua
542 995 735 1070 magnitudine
762 994 869 1070 thynni.
904 996 1061 1055 invenimus
1080 1005 1121 1056 ta·
1127 1006 1162 1058 ct

73 1083 196 1143 relenta
226 1077 389 1157 quindecim
420 1077 615 1156 pependisse,
645 1078 774 1138 eiusdem
803 1076 913 1139 caudae
943 1079 1119 1142 latitudinem

118 1165 245 1243 quinque
273 1162 369 1222 cubita
385 1170 415 1222 et
430 1161 565 1259 palmum
596 1160 681 1223 Fiunt
702 1172 733 1223 et
756 1164 784 1221 in
800 1162 967 1240 quibusdam
989 1162 1120 1223 amnibus

118 1250 188 1310 haut
207 1249 346 1333 minores,
363 1246 493 1305 silurus
485 1263 514 1305 ιιι
530 1244 636 1320 Nilo,
627 1263 694 1305 isox
709 1248 737 1305 in
753 1245 866 1322 Rheno,
885 1246 1005 1326 attilus'
997 1266 1026 1307 ιιι
1041 1246 1119 1307 Pado

117 1334 221 1393 inertia
238 1333 433 1428 pinguescens
445 1328 481 1389 nd
494 1330 574 1389 mille
585 1328 738 1407 aliquando
754 1329 854 1429 libras,
868 1339 1000 1391 catenato
1017 1340 1119 1409 captus

117 1419 203 1478 hamo
227 1433 285 1474 neo
305 1416 360 1473 nisi
381 1414 502 1475 houm
494 1415 569 1489 rugis
587 1422 745 1475 ornamus
778 1400 864 1492 dique
886 1414 961 1475 huno
981 1416 1119 1477 minumus

81 1522 109 1562 ιι
118 1501 209 1581 piscis
224 1498 388 1577 appellatus
404 1497 509 1575 clupea
523 1516 626 1557 venam
639 1498 820 1577 quandam'
794 1516 856 1559 erus
869 1500 897 1560 in
908 1498 1039 1560 faucibus
1049 1501 1120 1559 mira

96 1585 255 1662 cupidine
276 1583 418 1660 adpetens
440 1598 539 1641 morsu
566 1584 720 1645 exanimat.
751 1582 865 1653 Silurus
888 1592 1037 1659 grassatur
1058 1582 1118 1644 uhi
1128 1590 1162 1645 45

84 1686 242 1747 cumque
259 1676 304 1727 est
315 1682 400 1727 omne
411 1666 515 1726 animal
526 1666 678 1743 adpetens,
692 1684 785 1745 equos
796 1667 947 1727 innatantis
963 1684 1053 1745 saepe
1069 1667 1119 1727 de-

118 1769 263 1851 mergens.
286 1752 446 1829 praecipue
462 1751 491 1809 in
502 1749 609 1810 Moeno
622 1748 793 1817 Germaniae
804 1768 887 1811 amne
901 1750 1022 1829 protelis
1035 1750 1121 1814 bonor

120 1846 151 1897 et
166 1839 196 1896 in
215 1836 348 1895 Danuvio
364 1835 465 1896 marris
490 1834 649 1896 extrahitur
674 1836 797 1913 porculo
819 1836 928 1911 marine
951 1835 1151 1910 simillimus,

81 1942 111 1984 ro
121 1930 152 1983 et
164 1922 196 1980 in
211 1918 392 1993 Borysthene
409 1928 582 1980 memoretur
596 1921 753 1996 praecipua
768 1920 932 1995 magnitudo
948 1918 1032 1979 nullis
1047 1920 1120 1977 ossi·

121 2006 176 2065 hus
189 2002 482 2082 spinisveintersitis,
499 2019 586 2061 carne
601 2003 762 2078 praedulci.
785 2000 816 2061 lu
833 2000 932 2077 (lange
944 2002 1041 2061 ludiae
1056 2000 1117 2079 pla·
1129 2010 1163 2066 46

120 2089 240 2149 canister
260 2094 367 2145 vocent
381 2092 478 2143 rostro
494 2084 622 2161 delphini
638 2094 667 2145 et
683 2084 789 2159 cauda,
811 2082 1002 2161 magnitudine
1026 2094 1121 2147 autem

120 2185 182 2233 ΠΙ
197 2170 368 2245 cubitorum.
398 2168 428 2227 in
446 2168 551 2227 eodem
566 2186 635 2228 esse
655 2169 762 2229 Statius
779 2167 908 2229 Sebosus
925 2168 991 2229 hant
1006 2168 1120 2229 modico

34 2300 41 2331 ι
121 2253 261 2317 musonio
278 2252 373 2312 adlert
393 2254 500 2311 vermis
515 2250 659 2313 branchiis
682 2252 756 2314 binis
769 2265 816 2313 nx
832 2251 1001 2351 cubitorum,
1019 2268 1121 2313 caeru

81 2341 199 2412 ssleos,
211 2338 259 2416 qni
271 2353 376 2395 nornen
387 2353 405 2397 a
415 2336 491 2397 faeie
507 2345 664 2397 traxerunt
681 2336 724 2397 his
741 2345 833 2398 tantas
843 2354 912 2398 esse
929 2337 999 2397 viris
1014 2344 1045 2394 ut
1060 2336 1121 2397 ele

121 2424 246 2506 phantos
262 2422 298 2482 nd
315 2430 402 2499 potus
421 2422 565 2481 venientis
586 2421 731 2481 mordicus
755 2421 956 2499 conprehensa
972 2438 1055 2483 mauu
1071 2437 1122 2481 ec

121 2526 184 2567 rum
201 2504 376 2565 abstrahant.

186 2588 270 2668 (18)
293 2588 403 2664 Thynni
421 2606 516 2649 mares
539 2588 592 2648 suh
615 2598 718 2649 ventre
738 2606 795 2649 non
816 2588 922 2649 hahent
936 2590 1059 2666 pinnam.
1078 2588 1119 2645 in
1130 2594 1164 2651 4⁷

123 2682 199 2733 trnnt
220 2692 236 2731 e
260 2690 365 2750 magno
384 2675 455 2733 mari
476 2672 595 2733 Pontem
617 2670 708 2735 v'erno
726 2675 857 2751 tempore
878 2674 1035 2749 gregatim,
1068 2689 1123 2733 nec
1205 2738 1209 2763 ὅ

84 2778 114 2820 so
124 2755 193 2817 alihi
208 2756 357 2817 letilicant.
393 2756 512 2830 cordyla
527 2757 691 2835 appellatur
706 2766 804 2833 partus
820 2756 868 2833 qui
886 2756 960 2815 letas
975 2756 1124 2817 redeuntis

124 2844 153 2901 in
167 2859 246 2902 mare
267 2850 400 2900 autumno
423 2843 589 2915 comitatur,
619 2840 739 2901 limosae
761 2857 833 2899 vere
856 2848 904 2899 aut
925 2857 941 2897 c
962 2838 1021 2911 luto
1042 2840 1122 2917 pele-

123 2925 225 3000 mydes
244 2926 381 3003 incipiunt
395 2925 494 2983 vocari
517 2932 564 2997 et,
593 2942 656 2983 cum
674 2941 794 2984 annuum
822 2940 981 2983 excessere
998 2933 1122 3000 ternpus,

124 3009 232 3084 thynni.
255 3008 291 3068 lli
305 3007 483 3068 membratim
496 3008 574 3069 eaesi
587 3008 704 3078 cervice
719 3016 748 3067 et
760 3006 911 3067 abdomine
925 3007 1166 3072 commendante
1231 3016 1233 3019 ’

124 3104 171 3153 tur
185 3078 272 3172 ιιιιιὲ
287 3092 387 3166 clidio,
401 3093 513 3151 recenti
528 3091 683 3167 dumtaxat,
697 3100 727 3151 et
738 3100 795 3151 tum
794 3106 924 3169 quoque
935 3091 1017 3168 gravi
1030 3098 1122 3153 ructu

89 3184 225 3240 scoetera
242 3185 324 3254 parte
339 3175 433 3253 plenis
450 3175 641 3253 pulpamentis
657 3175 718 3234 sale
734 3162 931 3235 adservantur.
957 3174 1124 3249 melandrya

126 3270 266 3320 vocantur
277 3277 402 3337 quercus
414 3259 518 3319 assolis
530 3259 642 3317 similia.
664 3258 802 3321 vilissima
815 3277 852 3319 ex
866 3258 911 3319 his
927 3276 1001 3337 quae
1016 3256 1124 3319 caudae

72 3339 75 3343 ’
128 3360 278 3421 proxuma,
298 3345 363 3421 quia
378 3344 475 3421 pingui
492 3352 601 3416 carent,
617 3342 818 3421 probatissima
839 3361 913 3422 quae
928 3342 1069 3401 faucibus.
1096 3348 1126 3401 et

125 3430 155 3486 in
181 3428 238 3487 alio
262 3429 343 3505 pisce
371 3428 449 3488 circa
474 3426 595 3495 caudam,
622 3428 870 3488 exercitatissime.
909 3424 1077 3505 pelamydes
1097 3426 1127 3488 in
1210 3450 1214 3461 ⁸
