2542 3842
250 144 254 148 ’
334 123 414 206 ιιι.
431 158 522 207 aaron.
538 159 585 206 ιι.
608 155 728 210 re-uo.
747 145 895 228 (ιι-33.)
1055 143 1131 207 249

121 309 261 372 Maribam
277 312 398 371 eireuitu
411 310 452 371 VI
466 312 524 371 mil.
541 327 687 390 passuum,
699 275 772 370 item
787 303 959 388 Caripetam,
984 327 1040 388 quo
1056 310 1117 371 lon

122 395 241 472 gissime
257 395 411 472 prooessit.
447 392 553 454 Cetera
568 394 722 472 explorata
737 393 849 452 retulit:
867 392 1010 454 Nomadas
1025 395 1160 459 laetelil

123 486 153 537 et
174 477 266 536 lerina
282 495 369 537 earne
385 479 482 553 vesei,
502 477 635 555 reliquos
650 477 744 535 vinum
759 483 789 533 at
803 472 889 534 Indos
905 476 1005 554 palmis
1023 481 1118 556 expri-

121 577 218 635 mere,
242 559 339 619 oleum
355 561 490 619 sesimae.
505 561 774 618 numerosissimos
790 569 857 616 esse
873 558 1044 635 Homeritas,
1066 560 1117 621 bli-
1163 619 1167 626 ,

101 659 226 716 ιιιιιιιι,
242 642 347 702 fertilis
362 659 450 718 agros
466 643 599 720 palmetis
615 642 808 719 arbustaque,
823 641 851 701 in
869 658 978 719 penore
995 643 1117 704 divitias.

5 776 10 806 ,
124 723 275 785 Gerbanos
291 734 321 784 et
335 725 470 801 Agraeos
487 727 572 784 armis
596 734 762 802 praestare,
785 741 915 783 maxume
932 721 1118 786 Chatramoti-

122 818 176 867 tas.
201 806 318 869 carreis
334 808 488 868 latissimos
504 817 534 867 et
549 808 741 869 lertilissimos
757 805 855 883 agros.
896 807 1026 868 Sabaeos
1042 810 1119 868 ditis·

122 892 212 950 simos
234 891 369 950 silvarum
392 883 541 951 fertilitate
559 891 723 966 odorifera,
747 892 807 950 auri
823 891 964 966 metallis,
987 908 1119 968 agrorum
1218 935 1221 942 .

122 974 224 1049 riguis,
244 961 340 1033 mellis
357 992 502 1052 ueraeque
518 982 670 1051 proventu.
700 973 738 1033 de
753 973 890 1035 odoribus
907 990 960 1032 suo
976 973 1161 1034 dicemusne

88 1056 278 1119 revolumina
317 1056 431 1116 Arabes
451 1058 555 1116 mitrati
570 1056 677 1152 degupt
699 1065 747 1115 aut
766 1055 879 1115 intonso
896 1057 991 1132 oriae,
1013 1057 1161 1121 harbaldi

123 1138 271 1199 abraditur
289 1148 492 1217 praeterquam
515 1142 545 1198 ia
562 1140 716 1217 superiore
738 1139 829 1198 labro.
861 1139 924 1200 aliis
946 1149 975 1198 et
990 1140 1086 1199 haee
1078 1159 1118 1199 ιιι-

122 1230 217 1281 tousa.
259 1225 416 1300 mirumque
434 1223 564 1283 dieta'ex
579 1222 735 1281 innumeris
753 1221 869 1299 populis
890 1239 957 1300 pars
983 1240 1075 1299 aequa
1093 1224 1121 1281 ia

123 1305 296 1364 commerciis
313 1315 360 1366 aut
375 1306 533 1365 latrociniis
551 1306 639 1381 degit.
672 1305 700 1362 in
716 1306 879 1363 universum
895 1313 999 1380 gentes
1016 1305 1119 1364 ditissi-

122 1405 200 1461 mae,
215 1396 247 1445 ut
261 1389 337 1466 apud
354 1406 427 1467 quas
440 1385 588 1448 maxumae
603 1404 676 1465 opes
691 1386 883 1446 Romanorum
895 1386 1120 1465 Parthorumque

89 1469 286 1545 msubsidaat,
307 1470 498 1531 vendentibus
513 1483 588 1549 quas
608 1487 626 1530 e
647 1471 717 1529 mari
735 1479 782 1530 aut
796 1470 879 1530 siluis
901 1471 1030 1549 capiunt,
1051 1471 1119 1532 nibil

123 1554 248 1612 invitem
263 1553 479 1614 redimentibus.

209 1634 293 1714 (33)
319 1635 403 1696 Nune
420 1637 655 1716 reliquamoram
672 1635 797 1695 Arabiae
815 1637 986 1698 contrariam
1002 1655 1103 1736 perse·
1093 1645 1162 1702 -163

123 1735 254 1796 qnenmr.
298 1717 499 1779 Timosthenes
520 1729 610 1779 totum
626 1721 718 1778 sinum
734 1721 874 1797 quatridui
894 1722 1078 1798 navigatione
1092 1722 1121 1779 in

124 1800 330 1877 longitudinem
346 1806 463 1877 taxavit,
484 1803 587 1863 bidni'
578 1821 607 1862 ιιι
624 1802 810 1877 latitudinem,
833 1805 979 1880 angustias
994 1803 1046 1864 Vll
1060 1804 1118 1863 mil.

1 1904 6 1929 =
87 1882 149 1943 aoll
165 1901 285 1962 passus,
303 1883 511 1946 Eratosthenes
523 1884 559 1945 ab
572 1887 647 1944 ostio
657 1887 717 1950 ῑιῇ
728 1884 785 1945 mil.
799 1887 826 1945 in
843 1905 983 1964 quamque
999 1895 1118 1965 partem,

123 1965 324 2026 Artemidorus
340 1967 465 2027 Arabiae
488 1970 579 2029 latere
593 1969 679 2035 Μ
694 1968 715 2026 L
730 1969 807 2043 mil,
833 1969 882 2029 29.
906 1965 1102 2045 Trogodytico
1112 1977 1161 2032 164

122 2065 195 2108 vero
223 2049 267 2116 ιῖῑ,
289 2047 427 2110 xxxvii
450 2050 522 2110 bill
545 2070 623 2128 pass.
646 2052 824 2112 Ptolemaida
844 2069 946 2128 usqae.
989 2051 1120 2130 Agrippa

122 2135 207 2198 W.
221 2130 304 2192 XXll
317 2133 376 2190 mil.
392 2149 527 2208 passuum
545 2135 608 2192 sine
629 2134 789 2193 differentia
813 2134 943 2192 laterum.
986 2134 1118 2212 plerique

55 2288 58 2292 A
123 2216 300 2275 latitudinem
318 2212 524 2274 CCCGLXXV
538 2215 740 2292 prodiderunt,
758 2214 907 2292 laneisque
924 2213 1046 2274 hiberno
1065 2217 1120 2274 ori-

88 2317 116 2357 ιι
126 2299 185 2358 euti
201 2298 342 2357 obversus
360 2298 409 2357 alii
425 2295 496 2372 Xll,
518 2297 567 2357 ulii
582 2296 712 2357 xv‘mu.
732 2313 866 2375 passuum
882 2306 991 2374 patere.
1025 2298 1101 2357 Situs
1110 2307 1160 2361 165

124 2389 220 2440 autem
235 2383 275 2440 ita
288 2399 321 2440 se
338 2380 440 2439 babet:
461 2378 487 2438 A
505 2382 566 2439 sinu
581 2380 747 2440 Laeanitico
764 2381 838 2441 alter
856 2382 933 2442 sinus
944 2385 1036 2457 'quem
1047 2379 1119 2441 Ara·

123 2463 180 2522 bes
192 2464 288 2522 Soean
304 2472 418 2538 vocant,
437 2464 465 2521 in
480 2480 538 2541 quo
553 2463 671 2524 Heroon
686 2463 822 2542 oppidum
837 2473 891 2523 est.
924 2465 975 2523 luit
993 2471 1021 2523 et
1038 2460 1120 2522 Gam-

124 2545 199 2620 bysu
217 2542 292 2605 inter
305 2545 398 2604 Nelos
414 2554 442 2604 et
456 2544 625 2606 biarobndas
643 2547 773 2607 deductis
789 2564 826 2606 eo
851 2548 947 2623 aegris
964 2548 1119 2606 exereitus.

125 2645 199 2704 gens
210 2628 316 2702 Tyron,
332 2628 454 2687 Daneon
467 2638 579 2706 portus,
595 2647 635 2688 ex
648 2646 705 2708 qno
719 2628 911 2706 navigabilem
927 2629 1039 2689 alveum
1055 2646 1120 2706 per-

90 2712 256 2770 eodneere
249 2729 277 2770 ιιι
290 2710 396 2785 Nilum,
420 2728 475 2788 qna
490 2721 572 2788 parte
596 2712 633 2770 ad
648 2713 734 2772 Delta
754 2713 859 2772 dietum
879 2712 1015 2786 decurrit,
1037 2709 1162 2773 exuar·

124 2792 155 2852 bl
168 2792 195 2851 D
210 2811 344 2891 passuum
361 2794 531 2884 intervallo,
554 2796 632 2872 qnod
650 2797 724 2854 iuter
738 2793 843 2854 flumen
860 2801 889 2852 et
901 2792 1027 2852 Rubrum
1041 2811 1119 2852 mare

124 2878 262 2950 interest,
291 2876 397 2954 primns
425 2864 547 2935 omnium
576 2877 720 2936 Sesostris
740 2875 867 2953 Aegypti
893 2893 946 2933 rex
972 2876 1119 2950 cogitavit,

124 2974 193 3016 mox
210 2957 316 3016 Darius
335 2957 504 3032 Persarum,
526 2959 630 3016 deinde
652 2959 834 3017 Ptolemaeus
855 2974 999 3054 sequens,
1022 2959 1069 3033 qni
1092 2966 1121 3016 et

125 3040 205 3098 duxit
224 3039 332 3098 iossam
352 3038 499 3098 latitudine
520 3039 626 3116 pedum
642 3038 681 3115 C,
704 3039 851 3098 altitudine
865 3037 961 3113 XL,
952 3057 981 3097 ιιι
996 3039 1120 3114 longitu-

1 3147 20 3188 ι
90 3135 117 3176 aa
126 3121 222 3182 dinem
247 3120 384 3180 xxxvu
408 3119 486 3178 bil)
516 3138 652 3197 passuum
683 3138 774 3198 nsque
807 3121 843 3179 ad
867 3119 966 3180 Fontis
995 3138 1117 3180 amaros

126 3203 201 3264 ultra
215 3204 354 3262 deterruit
369 3202 558 3261 inundationis
575 3211 682 3277 metus,
706 3201 871 3262 excelsiore
891 3203 982 3262 tribus
999 3203 1100 3262 enbitis
1111 3213 1161 3269 166

125 3283 226 3345 Rubro
243 3287 312 3345 mari
333 3293 473 3362 oonperto
489 3301 573 3362 quam
589 3293 667 3344 terra
685 3282 822 3361 Aegypti.
865 3285 953 3362 aliqui
980 3301 1036 3344 ιιοιι
1058 3291 1120 3344 eam

125 3367 257 3429 adierunt
276 3385 406 3443 oausam,
429 3368 482 3426 sed
507 3384 544 3426 ne
566 3367 683 3427 inmisso
704 3369 773 3427 mari
795 3377 1027 3447 corrumperetur
1047 3384 1120 3446 aqua
