2542 3842
173 153 235 220 m
529 165 835 214 c.1>u1u1ascuuo1
959 147 961 153 '

142 325 288 400 sdsdnis,
312 325 337 383 si
355 339 415 382 aon
437 329 502 381 suni
521 321 595 382 lraeo
614 321 720 382 sddiss.
749 318 968 396 Unguentoruss
987 319 1186 397 expeditissi-

171 429 246 471 sruur
268 408 322 468 luit
340 407 533 486 primumque,
558 414 588 464 ut
602 403 761 466 verisimile
782 412 842 478 ast,
863 404 971 478 ebryo
987 413 1019 463 et
1037 403 1185 463 hulenino

53 520 56 525 ·
141 499 170 540 ¹²·
189 494 276 568 oleo,
293 493 330 551 de
346 491 451 570 quilius
465 507 553 568 suprs
567 487 700 548 diximus.
734 489 858 547 inoresis
873 488 979 548 deinde
992 486 1186 548 llendesinrn

130 541 318 652 :Serranus
333 575 440 649 resina,
455 590 561 648 ururre,
576 574 727 650 magisque
741 574 893 632 etiamnum
905 573 1044 650 metopio.
1074 572 1183 632 oleum

172 663 286 723 hoeest
305 657 467 736 amygdalis
484 658 586 717 maris
607 673 779 734 expressum
797 657 826 714 iu
846 657 1002 734 Aegypto,
1023 656 1070 715 eui
1092 656 1201 718 addi-s

172 747 244 807 dere
259 744 457 822 omphacium,
474 741 704 815 osrdanrornunr,
719 742 848 815 iunoum,
865 740 1020 839 calamum,
1034 739 1114 814 mel,
1134 742 1180 838 pi-

144 824 1181 987 ⁹tiioih'tlohithdiiotd::titi-‚iiiiii

173 995 423 1056 insetussissimis
445 1011 529 1068 esse,
556 993 634 1071 qnod
655 1001 770 1052 constat
791 992 861 1051 oleo
885 1001 1014 1066 myrteo,
1048 992 1179 1066 oalamo,

173 1093 333 1159 euprasso,
350 1093 459 1155 sppso,
477 1078 618 1152 lentiaeo,
639 1077 706 1136 noli
725 1078 837 1153 granati
852 1079 974 1135 eortiee.
1004 1075 1057 1135 sed
1080 1076 1206 1137 diseio
1239 1110 1240 1159 p

172 1173 240 1243 geta
249 1177 383 1223 resume
395 1171 542 1239 ungrsense
553 1161 727 1221 crediderim
740 1177 820 1234 rosa,
837 1178 912 1238 quas
922 1161 1052 1238 pluruma
1064 1159 1178 1238 ubique
1239 1172 1240 1175 ’

172 1248 307 1326 gignitur.
336 1247 435 1324 itaque
462 1246 675 1325 simplicissime
699 1245 812 1305 rhodini
837 1246 960 1304 mixtura
978 1244 1026 1304 diu
1048 1243 1107 1304 luit
1128 1245 1176 1304 ad·

174 1333 240 1392 ditis
264 1327 434 1408 orpheo,
465 1330 539 1390 dore
564 1331 670 1404 rodae,
697 1330 833 1404 osooiuo,
856 1327 1017 1410 cinnabari,
1048 1327 1176 1402 salerno,

130 1428 164 1480 10
174 1413 277 1491 nelle,
298 1415 401 1489 iunoo,
425 1413 493 1474 selis
508 1414 582 1473 llore
596 1423 647 1473 aot
665 1413 808 1487 anchusa,
828 1414 906 1472 rino.
937 1410 1037 1472 similis
1051 1414 1131 1471 ratio
1148 1422 1177 1472 et

171 1502 200 1560 in
221 1497 341 1558 erooino
362 1498 463 1558 additis
487 1495 651 1573 eiueberi,
676 1497 820 1573 enolrusa,
845 1497 924 1555 rino.
965 1495 1066 1556 similis
1091 1507 1124 1556 et
1148 1500 1201 1556 ino

172 1581 374 1664 sampsuehino
397 1581 531 1642 admixtis
550 1582 722 1660 omphacio,
744 1581 866 1641 ealsmo.
903 1590 1050 1658 optumum
1072 1580 1134 1640 hoe
1147 1584 1175 1640 in

172 1663 286 1743 Cypro,
301 1663 462 1740 Mytilenis,
482 1664 531 1724 ubi
544 1667 675 1744 pluruma
691 1664 891 1743 sampsoelrus.
914 1667 1071 1724 remeentar
1086 1674 1119 1724 et
1131 1667 1174 1722 r'r

171 1751 245 1810 liora
258 1761 368 1824 penora
384 1747 448 1807 olei·
458 1757 564 1824 myrto,
578 1750 670 1823 lanso,
685 1747 790 1826 quihus
803 1748 917 1808 additur
926 1748 1173 1827 sampsuchinum,

170 1831 278 1906 lilium,
293 1831 391 1890 fenum
405 1830 568 1906 draeonm,
586 1849 698 1906 murra,
714 1833 810 1908 eusie,
825 1833 961 1908 nerdum,
977 1833 1096 1906 iuneus,
1111 1835 1171 1892 oin·

129 1928 162 1980 11
175 1929 343 1976 namomurn.
378 1933 397 1974 e
417 1917 499 1977 malis
516 1932 633 1994 quoque
652 1917 785 1989 cotoneis
804 1919 835 1976 et
857 1917 996 1976 strutheis
1013 1917 1045 1976 iit
1063 1917 1205 1991 oleurn,so

128 2007 239 2062 semet
259 1995 405 2075 dleomns,
432 2000 581 2076 melinum,
603 2000 683 2080 qnod
706 2002 736 2059 in
753 2009 898 2078 unguente
915 2003 1018 2061 nands
1039 2001 1172 2060 admixtis

156 2078 342 2161 omphacio,
366 2087 504 2162 opprino,
528 2087 689 2160 sesamino,
712 2085 860 2160 balsema,
882 2086 986 2161 iuneo,
1002 2088 1097 2159 oasia,
1122 2085 1173 2144 ira·

170 2163 306 2226 breuno.
342 2169 474 2228 Snsiuurn
494 2171 691 2229 sennheimuns
715 2172 837 2228 omnium
855 2178 911 2228 est.
942 2178 1056 2229 mustei
1077 2186 1118 2227 ex
1132 2169 1172 2227 li·

170 2249 233 2323 liis,
256 2247 407 2325 balanino,
433 2253 562 2328 salmo,
578 2254 686 2328 melle,
708 2242 904 2327 oinnsr'nesao,
932 2268 1037 2327 moso,
1064 2266 1167 2311 mum.

128 2343 162 2396 ls
173 2342 203 2392 st
220 2334 296 2394 idem
311 2337 461 2412 oyprinurn
479 2351 518 2394 ex
538 2351 632 2414 oypro
645 2346 677 2396 es
690 2335 844 2416 ornplseio
862 2345 893 2395 et
905 2337 1105 2410 easdamomo,
1120 2350 1206 2394 enus

170 2415 265 2493 lauro,
292 2418 460 2495 aspalatho,
486 2419 661 2480 habrotono.
687 2421 777 2500 sliqui
799 2430 829 2480 st
849 2423 878 2480 in
898 2423 1046 2499 cyprinum
1063 2419 1175 2478 addant

171 2509 201 2559 et
213 2510 336 2560 murrum
346 2510 376 2560 et
392 2517 541 2578 penaeenr.
574 2504 630 2564 hoo
646 2513 791 2582 optumum
802 2504 927 2579 Sidone,
943 2521 1011 2564 mox
1018 2504 1173 2578 Aegypto,
1187 2543 1194 2553 κ

170 2585 194 2642 si
211 2597 269 2642 oon
278 2583 402 2644 ¹addetur
411 2589 589 2646 sereniano
602 2587 708 2647 oleum.
729 2589 812 2647 durat
825 2597 856 2646 ss
869 2588 1063 2666 quadriennio.
1085 2588 1177 2644 enei·

128 2675 163 2730 13
173 2672 249 2725 satur
261 2665 451 2730 eidssmoroo.
484 2670 617 2729 'telinum
635 2672 672 2729 its
692 2669 810 2730 exoleo
825 2674 956 2747 recensi,
979 2671 1098 2748 eypirs,
1118 2687 1178 2746 es-

136 2747 139 2752 ’
169 2750 262 2824 lanso,
278 2752 426 2827 meliloto,
452 2749 519 2812 leno
539 2753 790 2827 Graeoo,roelle,
813 2771 911 2827 maro,
935 2769 1080 2830 amaedeo.
1111 2751 1207 2814 lsoess

170 2832 259 2893 malta
286 2845 349 2896 eras
379 2836 601 2896 oelaherrirnunr
626 2837 776 2896 lleonndri
802 2846 908 2915 poetae
936 2837 1040 2897 eomiei
1063 2844 1176 2896 seinse

169 2925 273 2994 postes
295 2922 441 2980 mooessit
459 2929 581 2998 propter
601 2921 724 2998 gloriosa
743 2919 921 2998 appellasses
941 2919 1114 2995 megalium,
1137 2938 1178 2980 ex

169 3000 237 3060 oleo
249 3001 563 3079 helenium-italorum,
582 3003 710 3079 oalesso,
726 3005 827 3079 iouoo,
845 3003 1063 3079 xylobalsamo,
1079 3005 1176 3080 ousia,

169 3086 275 3144 resina.
314 3085 396 3146 huius
419 3089 588 3166 proprietas
616 3098 647 3147 ut
667 3086 822 3147 ventiletur
842 3090 871 3146 irs
893 3087 1050 3167 ooqsondo
1074 3087 1204 3148 donee·

128 3165 283 3228 lodesinut
297 3168 390 3233 olere.
412 3184 512 3230 nrrsos
532 3172 735 3248 redigentem
752 3172 877 3231 odorem
896 3187 979 3231 sunm
993 3174 1079 3250 sepis.
1108 3173 1212 3236 Sin-ss

169 3252 229 3332 guli
245 3264 362 3332 quoqne
380 3256 441 3314 snei
457 3255 565 3316 nobilia
579 3265 723 3332 urguente
737 3257 860 3316 radant:
885 3258 913 3316 io
927 3257 1026 3334 primis
1039 3255 1177 3317 mulehu-

168 3335 277 3408 slrrusn,
298 3343 403 3414 possea
422 3339 474 3397 iris
488 3337 606 3413 illyrios
623 3349 654 3399 at
667 3339 812 3414 oynhena
827 3351 992 3414 amaracus,
1014 3337 1178 3400 herharura

169 3423 299 3494 utraque.
335 3429 428 3497 psoeo
446 3415 493 3480 iris
512 3429 542 3481 es
563 3423 621 3482 aiis
639 3423 687 3482 aid
702 3425 842 3499 inissent,
865 3426 913 3502 qni
933 3424 1065 3502 pluruma
1081 3423 1177 3484 siser
