2542 3842
81 231 84 239 ,
156 168 198 230 at
369 148 372 157 ⁴
498 176 527 225 c.
544 176 641 225 rurus
657 165 807 224 saccum
898 246 907 253 ἱ

156 332 308 413 apolectos
321 332 571 411 particulatimque
594 342 752 393 consectae
766 334 794 392 in
808 350 917 411 genera
933 330 1082 406 cybiorum
1095 332 1152 401 dlo-

177 419 324 475 ertiuntor.
403 442 406 450 <
640 454 644 460 ·

113 436 174 563 hilp
219 500 303 579 (ta.)
327 500 449 560 Piscium
462 518 554 577 genus
572 518 658 561 omre
669 502 826 581 praecipua
839 501 988 560 celeritate
1000 498 1153 578 adolescit,
1192 535 1197 545 ·

155 602 286 643 maxume
307 585 335 643 iu
358 583 457 643 Ponto.
491 600 578 646 causa
601 586 750 646 multitudo
773 586 894 645 amnium
908 583 1008 643 'dulcis
1029 584 1152 644 inierea-

156 669 224 726 tium
247 684 346 744 aquas.
377 670 477 728 amiam
494 668 599 729 vocant
620 671 700 729 cuius
724 673 930 728 incrementum
952 667 1072 744 siugulis
1092 668 1179 727 die-s

156 751 209 809 bus
225 752 412 829 intellegitur.
444 768 507 811 cum
528 754 642 828 thynnis
662 753 736 813 haec
756 760 785 811 et
807 751 975 830 pelamydes
992 753 1021 809 iu
1035 752 1153 811 Pontum

156 836 190 894 ad
204 836 333 895 dulciora
351 831 575 913 pabula'iatraut
590 839 732 913 gregatim
750 838 960 914 suis'quaequc
975 834 1109 911 ducibus,
1124 844 1155 894 et

156 920 238 996 primi
257 921 378 978 omnium
391 919 527 994 scombri,
547 921 650 1000 quibus
673 930 718 979 est
740 923 768 978 iu
786 936 860 998 aqua
882 919 1035 996 sulpureus
1056 918 1153 993 color,

158 1010 239 1062 extra
260 1005 309 1080 qui
326 1005 443 1063 ceteris.
478 1003 633 1082 Hispaniae
651 1006 776 1064 cetarias
791 1003 821 1062 hi
838 1003 954 1081 replent
967 1002 1082 1077 thynnis
1097 1019 1153 1061 nou

157 1087 383 1146 commeantibus.
1162 1098 1185 1139 ιι

114 1177 149 1231 50
219 1170 303 1249 (20.)
330 1171 389 1230 Sed
413 1172 441 1229 iu
464 1171 582 1231 Pontum
604 1171 681 1232 nulla
697 1173 782 1231 intrat
802 1171 895 1231 bestia
916 1170 1044 1248 piscibus
1065 1169 1152 1229 male·

156 1254 209 1314 lica
228 1262 345 1333 praeter
360 1254 466 1314 vitulos
483 1266 513 1315 et
526 1272 634 1334 parvos·
648 1255 811 1333 delphinos.
841 1255 939 1328 thynni
954 1255 1077 1314 dextera
1092 1254 1154 1332 ripa

155 1340 269 1412 intrant,
288 1346 395 1397 exeunt
414 1339 506 1400 laeva.
539 1340 568 1398 id
590 1340 725 1399 accidere
743 1342 945 1413 existumatur,
969 1339 1034 1437 quia
1050 1337 1160 1414 dextro

156 1420 242 1481 oculo
258 1422 323 1498 plus
339 1433 457 1511 cernant
468 1432 591 1503 utroque
603 1433 703 1482 natura
714 1423 823 1482 hebeti.
840 1420 928 1481 Est
908 1440 936 1480 ιιι
952 1422 1053 1499 euripo
1066 1421 1159 1481 Thra*

157 1506 192 1563 cii
213 1504 335 1581 Bospori
353 1498 411 1583 quc
432 1507 585 1582 Propontis
603 1506 715 1565 Euxino
737 1508 886 1582 iungitur
877 1524 905 1564 ιιι
919 1506 992 1603 ipsis
1006 1504 1150 1582 Europam
1162 1519 1187 1558 ιι

155 1587 310 1663 Asiamque
333 1590 494 1666 separantis
522 1590 591 1650 ireti
615 1591 756 1665 augustiis
780 1606 878 1648 saxum
904 1590 966 1647 miri
990 1589 1153 1649 candorisa

155 1670 228 1728 vado
239 1669 274 1727 ad
286 1682 392 1730 summa
405 1672 592 1749 perlucens,
582 1682 661 1732 auxta
676 1670 913 1731 Chalcedonam
903 1688 932 1729 m
944 1671 1037 1731 latere
1053 1672 1150 1731 Asine.

154 1753 237 1811 huius
265 1753 406 1831 adspectu
435 1764 558 1833 repente
582 1756 675 1814 territi
702 1772 818 1833 semper
843 1754 995 1814 adversum
1023 1755 1155 1830 Byzantii

155 1838 386 1935 promontorium
402 1854 439 1896 ex
461 1856 495 1899 ea
518 1853 604 1898 causa
624 1839 800 1938 appellatum
820 1838 901 1898 aurei
917 1853 1022 1896 coruus
1038 1839 1154 1915 praeci·

112 1919 205 1996 51piti
221 1926 321 1996 petunt
338 1922 460 1998 agroino
487 1924 584 2001 itaque
600 1924 691 1982 omnis
709 1931 826 2001 captura
839 1922 968 1996 Byzantii
991 1928 1035 1979 est
1049 1938 1186 1998 maguam

118 1999 348 2063 Chalcedonis
365 2007 518 2083 paenuria,
545 2020 571 2066 m
586 2005 719 2085 passibus
735 2007 820 2067 medii
840 2004 1029 2065 iutcrllueutis
1046 2007 1153 2095 euripi.

155 2088 343 2164 opperiuntur
360 2100 453 2150 autem
472 2091 613 2169 aquilonis
628 2091 735 2164 ilatum,
752 2100 784 2149 ιιι
798 2090 928 2149 secundo
944 2090 1030 2148 lluctu
1046 2089 1155 2148 exeant

154 2186 171 2227 e
186 2170 287 2248 Ponto,
304 2190 359 2233 nec
373 2176 428 2233 nisi
442 2176 581 2235 intrantes
595 2184 707 2254 portum
719 2136 846 2249 anautfi
861 2174 1020 2251 capiuntur.
1052 2171 1154 2231 bruma

153 2270 211 2313 mon
225 2266 374 2331 vagantur.
391 2258 562 2336 ubicumque
579 2258 755 2360 deprehepsi
770 2276 863 2336 usque
878 2257 914 2317 ad
926 2258 1149 2357 aequinoctium,

154 2336 193 2395 ibi
208 2338 369 2400 hibernant
403 2341 493 2400 lidem
512 2356 604 2420 saepe
626 2345 741 2419 navigia
768 2341 843 2400 velis
855 2342 960 2400 euntia
980 2342 1149 2399 comitantes
1159 2356 1188 2395 aa

152 2422 222 2479 mira
245 2423 366 2498 quadam
389 2422 540 2483 dulcedine
563 2444 617 2502 per
636 2426 746 2503 aliquot
766 2425 900 2485 horarum
920 2425 1013 2502 spatia
1038 2432 1068 2482 et
1084 2440 1151 2510 pas·
1199 2464 1201 2467 -

153 2522 233 2561 suum
248 2504 324 2562 milia
350 2522 365 2563 a
383 2506 587 2582 gubernaculis
603 2516 770 2585 spectantur
791 2527 828 2567 ue
848 2508 971 2568 tridente
993 2508 1132 2588 quidem
1121 2524 1153 2564 ιιι
1251 2551 1252 2566 ι

27 2648 32 2655 ,
154 2602 206 2644 ecs
222 2588 337 2663 saeptus
360 2590 435 2649 lacto
457 2592 558 2649 territi.
590 2592 703 2688 quidam
729 2608 782 2650 eos
803 2594 852 2669 qui
868 2592 925 2650 hcc
944 2591 1090 2680 ethvuuis
1107 2588 1152 2648 ia·
1251 2589 1252 2594 ’

49 2701 53 2713 ·
110 2670 232 2729 saciant
257 2674 402 2770 pompilos
421 2680 533 2733 vocant
564 2673 667 2733 blulti'
660 2694 687 2732 ru
710 2674 885 2751 Propontide
906 2640 1057 2750 aestivant,
1075 2674 1152 2733 Pon-

151 2758 209 2808 tum
227 2768 283 2811 ncu
294 2757 407 2816 intrant.
437 2759 505 2817 item
522 2758 631 2833 soleae,
650 2776 712 2816 cum
724 2758 857 2817 rhombi
848 2768 963 2818 mtrent.
979 2778 1036 2819 nec
1050 2758 1191 2836 saepiaac

142 2840 208 2908 est,
231 2854 293 2897 cum
309 2839 412 2917 lolligo
430 2843 599 2918 reperiatur.
633 2842 794 2902 saxatilium
808 2842 908 2902 turdus
929 2842 1084 2901 etmerula
1101 2842 1153 2901 de·

152 2924 227 2995 sunt,
251 2923 324 2981 siout
348 2926 516 3001 conchylia,
536 2942 599 2985 cum
615 2936 732 2985 ostreae
747 2926 899 2986 abundent.
937 2929 1031 2985 omnia
1054 2935 1154 2985 autem

151 2998 309 3064 hibernant
323 3008 350 3065 ln
374 3010 506 3084 Aegaeo
535 3011 697 3069 intrantium
719 3010 838 3069 Pontum
860 3010 916 3070 soli
937 3026 994 3068 uon
1019 3017 1153 3069 remeant

126 3086 332 3163 'trichiae-2·
347 3091 485 3151 Graecis
482 3094 557 3152 enirn
572 3094 600 3151 iu
615 3094 764 3171 plerisque
782 3095 944 3153 nominibus
959 3096 999 3153 uti
1015 3112 1067 3171 par
1082 3096 1151 3168 erit,
1251 3151 1252 3154 ,

151 3171 263 3245 quando
280 3173 343 3232 aliis
355 3182 441 3252 atque
458 3178 520 3235 aliis
535 3178 653 3236 eosdem
666 3177 772 3236 diversi
785 3176 974 3255 appellavere
985 3184 1190 3251 tractus-,as
1251 3219 1252 3228 .

108 3254 205 3311 53sed
227 3254 254 3311 hi
279 3256 365 3315 soli'
356 3276 384 3316 ιιι
397 3258 520 3317 Histrum
551 3278 661 3320 amnem
683 3260 816 3336 subeunt,
834 3278 871 3320 ex
892 3277 928 3319 eo
951 3261 1153 3319 subterraneis

150 3334 212 3391 eius
229 3340 341 3397 venis'
332 3358 360 3397 tu
382 3341 573 3401 Hadriaticum
591 3359 668 3401 mare
684 3306 826 3416 delirant,
849 3346 947 3421 itaque
974 3353 1003 3402 et
1019 3343 1081 3401 illic
1099 3343 1151 3401 de·

146 3418 322 3480 scandentes
342 3440 397 3484 uec
412 3439 544 3501 umquam
559 3426 714 3484 subeuntes
729 3445 747 3485 e
761 3428 843 3487 mari
848 3430 985 3487 visuntur.
1012 3425 1150 3502 Thyamo-
