2542 3842
171 163 230 224 190
500 173 530 223 G.
545 174 642 251 anr
657 173 806 222 saeuum

169 327 245 387 tibus
269 328 328 386 suis
351 327 451 386 exciso
475 345 530 386 cen
550 326 646 404 lapide
668 333 843 386 construunt.
875 325 921 385 hb
936 325 980 385 his
997 325 1033 386 ad
1048 324 1161 403 Trogo-

170 410 252 484 dytas
272 409 383 485 hiberni
404 427 527 470 occasus
548 409 636 488 plaga
658 407 767 489 dierum
786 406 841 468 Vll
865 409 936 484 iter,
965 426 1029 468 curn
1056 408 1162 486 quibus

169 494 362 552 conmercium
378 511 509 570 gemmae
526 501 632 552 tantum
654 508 736 569 quarn
752 490 954 550 carbunculum
970 509 1107 550 vocamus
1124 509 1162 552 ex

128 574 323 652 35Aethiopia
337 578 480 635 invectae.
518 575 675 654 Intervenit
693 575 729 633 ad
752 573 920 633 solitudines
936 573 1054 634 Africae
1072 591 1161 651 supra
1218 612 1222 620 .

168 660 306 718 minorem
326 659 433 732 Syrtim
455 658 546 718 dictas
566 673 652 715 versa
670 656 825 731 Phazania,
849 656 898 715 ubi
919 665 1034 733 gentem
1053 656 1183 720 Phanas

169 743 295 817 nioruna,
317 740 453 818 urbisque
469 739 575 799 Alelen
589 747 619 796 et
633 735 766 798 Gillibam
781 737 962 815 subegimus,
982 741 1050 798 item
1066 736 1160 814 Cyda·

169 841 286 884 nume
312 825 433 900 regione
459 821 608 883 Sabratae.
647 819 694 879 Ab
722 819 765 879 his
789 837 871 879 nrons
897 821 986 898 longo
1011 823 1105 901 spatio
1132 824 1161 881 in

169 925 304 968 occasum
319 906 355 965 ab
372 914 436 964 ortu
450 904 540 963 tendit
554 902 628 962 Ater
641 903 748 961 nostris
764 902 872 978 dictus,
889 921 905 962 a
922 913 1039 979 natura,
1057 905 1159 966 adusto

128 991 267 1056 adsimilis
283 998 330 1048 aut
345 987 416 1047 solis
431 1004 606 1064 repercussu
621 1001 758 1046 accenso.
782 986 856 1046 ultra
872 1004 935 1046 eura
950 988 1076 1063 deserta,
1091 1005 1161 1048 mox

169 1075 278 1149 Talgae
299 1070 435 1149 oppidum
457 1067 670 1145 Garamantum,
691 1071 816 1146 itemque
832 1069 938 1128 Debris
959 1069 1060 1130 adfuso
1078 1071 1197 1134 iontem

168 1175 186 1217 a
201 1156 295 1215 medio
311 1155 358 1214 die
376 1153 412 1212 ad
428 1154 549 1214 mediam
562 1160 678 1212 noctem
693 1153 775 1230 aquis
789 1152 966 1212 ferventibus
982 1154 1160 1232 totidemque

169 1240 248 1298 horis
271 1237 306 1297 ad
324 1237 447 1296 medium
470 1237 545 1298 diem
568 1235 743 1312 rigentibus,
769 1235 1013 1314 clarissimumque
1038 1235 1160 1297 Garama

170 1331 256 1399 caput
271 1320 479 1394 Garamantum,
499 1321 592 1379 omnia
609 1319 695 1379 armis
710 1315 846 1378 Romanis
862 1328 996 1398 superata
1011 1328 1070 1379 eta
1087 1318 1159 1379 Gor·

169 1405 248 1466 nelio
264 1402 354 1462 Balbo
370 1402 555 1480 triumphata,
573 1403 654 1461 unius
668 1403 789 1460 omnium
805 1419 889 1461 curru
905 1411 1026 1461 externo
1042 1406 1074 1462 et
1090 1401 1159 1475 Qui·

168 1489 263 1549 ritium
284 1487 345 1544 iure
366 1485 482 1544 donato.
509 1485 617 1562 quippe
640 1483 765 1544 Gadibus
787 1486 885 1561 genito
908 1486 1008 1545 civitas
1028 1484 1193 1546 Romanam

171 1588 234 1632 cnm
255 1567 345 1628 Ralbo
368 1569 477 1627 maiore
499 1576 602 1645 patruo
623 1566 689 1627 data
709 1575 764 1626 est.
794 1566 831 1628 Mt
854 1568 911 1629 hoc
932 1570 1048 1644 mirum,
1069 1586 1158 1646 supra

170 1655 245 1715 dicta
259 1650 365 1728 oppida
380 1651 416 1708 ab
432 1667 468 1708 eo
485 1659 569 1728 capta
584 1659 717 1709 auctores
733 1659 850 1710 nostros
864 1652 1043 1730 prodidisse,
1062 1653 1158 1729 ipsum

169 1738 198 1795 in
218 1732 359 1810 triumpho
378 1740 495 1810 praeter
512 1730 666 1807 Gydamum
689 1742 718 1792 ct
732 1733 881 1794 Garamam
905 1736 1025 1793 omniurn
1040 1733 1159 1794 aliarum

168 1818 294 1895 gentium
308 1815 475 1893 urbiumque
490 1817 603 1876 nomina
622 1834 657 1876 aa
677 1817 829 1877 simulacra
850 1818 982 1891 duxissa,
1005 1834 1079 1895 quae
1094 1818 1158 1876 iere

126 1902 226 1967 sthoc
244 1899 358 1959 ordine:
381 1897 538 1972 Tabudium
553 1900 705 1977 oppidum,
721 1900 827 1960 Niteris
844 1902 937 1976 natio,
953 1899 1193 1976 Nigligemellaao

169 1982 321 2061 oppidum,
341 1980 481 2041 Bubeium
498 1984 575 2042 n'atio
589 1983 639 2041 uel
654 1983 805 2060 oppidum,
827 1981 917 2064 Enipi
928 1985 1020 2058 natio,
1037 1981 1157 2041 Thuben

168 2065 321 2145 oppidum,
341 2081 423 2123 mons
438 2066 551 2125 nomine
568 2064 674 2142 Niger,
695 2063 834 2125 Nitibrum
849 2065 948 2144 Rapsa
964 2065 1086 2142 oppida,
1106 2062 1157 2125 Di·

168 2166 252 2208 scera
269 2149 366 2220 natio,
385 2146 474 2207 Decri
489 2150 642 2228 oppidum,
667 2149 770 2210 dumea
787 2148 950 2224 Nathabur,
972 2148 1157 2225 Thapsagum

169 2229 321 2309 oppidum,
336 2228 466 2308 Nannagi
482 2235 577 2307 natio,
594 2232 666 2291 Boin
682 2233 832 2310 oppidum,
848 2232 927 2308 Pege
943 2232 1087 2309 oppidum,
1104 2230 1156 2288 llu-

167 2331 233 2374 men
243 2313 471 2386 Dasibari-mox
485 2317 590 2392 oppida
606 2316 739 2373 continua
755 2315 902 2388 Raraoum,
917 2313 1037 2389 Buluba,
1050 2313 1154 2388 Alasit,
1165 2324 1192 2366 ²⁵

167 2396 258 2470 Galia,
271 2395 361 2468 Ralla,
373 2394 508 2468 Maxalla,
522 2394 647 2468 Gizama,
659 2412 741 2454 mons
754 2394 821 2468 Gyri
832 2396 860 2452 in
872 2412 928 2470 quo
939 2413 1066 2471 garamas
1075 2396 1157 2455 nasci

124 2478 261 2542 38titnlus
279 2477 449 2553 praecessit.
483 2474 530 2534 hd
551 2476 734 2536 Garamantas
759 2477 815 2533 iter
833 2476 1038 2553 inexplicabile
1063 2476 1157 2536 adhuc

167 2560 219 2620 luit
233 2555 391 2618 latronibus
406 2558 500 2632 gentis
515 2557 578 2616 eius
594 2566 702 2634 puteos
719 2558 784 2635 (qui
809 2566 873 2615 sunt
892 2573 948 2617 non
970 2559 1027 2618 alte
1043 2558 1155 2618 fodien-

167 2643 211 2717 di,
233 2643 258 2700 si
273 2640 403 2701 locorum
418 2640 517 2699 notitia
531 2640 620 2719 adsit)
638 2639 752 2699 harenis
774 2639 979 2716 operientibus.
1012 2656 1155 2718 proxumo

164 2723 255 2799 bello,
272 2722 349 2802 quod
361 2740 424 2782 curn
436 2721 597 2782 Oeensibus
611 2740 734 2798 gessere
749 2722 835 2780 initiis
849 2719 1020 2800 Vespasiani
1032 2725 1154 2802 impera·
1164 2741 1191 2782 ao

166 2806 252 2881 toris,
270 2806 458 2882 conpendium
474 2807 539 2864 viae
555 2804 696 2883 quatridui
712 2804 922 2884 deprehensum
942 2814 996 2865 est.
1027 2806 1083 2866 hoa
1099 2808 1155 2866 iter
1243 2851 1246 2860 .

164 2897 285 2949 vocatur
304 2886 424 2948 Praeter
443 2897 529 2966 caput
548 2889 621 2948 saxi.
657 2887 735 2948 Finis
754 2885 930 2963 Cyrenaicus
951 2887 1155 2950 Catabathmus

165 2970 341 3049 appellatur,
358 2973 501 3050 ‘oppidum
517 2980 546 3031 et
557 2971 641 3031 vallis
655 2981 775 3050 repente
793 2987 932 3031 convexa.
961 2972 996 3031 ad
1016 2990 1080 3032 eum
1095 2980 1152 3030 ter·

163 3055 267 3112 minum
284 3051 443 3128 Cyrenaica
458 3053 557 3116 Alrica
571 3071 587 3113 a
602 3054 680 3129 Syrti
694 3056 802 3115 minore
816 3055 853 3119 ῑῐ.
867 3052 917 3112 LX
930 3053 960 3114 M
974 3071 1108 3132 passuum
1124 3055 1152 3112 in

164 3135 369 3212 longitudinem
383 3145 476 3213 patet,
493 3138 522 3196 in
540 3137 715 3198 latitudinem
730 3154 786 3215 qua
801 3139 945 3213 cognitum
960 3147 1005 3197 est
1019 3134 1132 3197 buco.
1161 3149 1187 3191 tt

122 3226 158 3281 39
226 3219 254 3279 6.
278 3218 339 3295 (6.)
363 3217 444 3289 Quae
467 3221 597 3298 sequitur
616 3221 700 3298 regio
722 3219 859 3281 Mareotis
879 3219 967 3294 Libya
988 3219 1151 3298 appellatur

164 3300 301 3376 Aegypto
328 3302 513 3360 contermina.
549 3312 648 3361 tenent
673 3301 877 3379 Marmaridae,
909 3303 1149 3377 Adyrmachidae,

164 3380 230 3441 dein
244 3379 401 3442 Mareotae.
418 3399 551 3446 mensura
565 3402 582 3445 a
596 3382 782 3447 Catabathmo
795 3385 992 3446 Paraetonium
1005 3381 1151 3446 LXXXV}
