2542 3842
159 129 221 190 204
476 137 506 188 c.
523 138 618 188 nuru
638 138 785 188 saeuum

159 305 316 372 tarractes,
331 295 408 355 iuxta
423 312 507 373 quem
515 293 659 371 Lyrnesus
673 305 704 355 st
717 294 815 372 Olbia,
831 291 985 373 ultimaque
1002 295 1063 356 eius
1078 311 1149 357 orae

161 379 300 441 Phaselis.

119 471 153 526 07
245 461 328 540 (27.)
348 461 476 522 Iunctum
499 479 577 523 mare
601 453 718 537 Lycium
742 470 786 522 cst
806 480 936 542 gensque
951 460 1052 537 lycia,
1074 462 1150 523 unde

160 553 260 605 vastos
275 547 352 605 sinus
368 546 476 606 Taurus
497 564 585 611 mous¹
599 546 634 605 ab
649 545 719 606 Hois
733 547 851 610 veniens
867 546 997 606 litoribus
1013 543 1149 607 Chelido-

160 631 208 688 nio
225 631 420 707 promontorio
441 630 630 705 disterminat,
651 631 794 688 inmensus
813 632 877 709 ipse
900 639 929 689 et
943 631 1172 692 innumerarums

141 714 287 790 ¹gentium
307 712 430 788 arbiter,
457 712 558 772 dextro
579 713 672 772 latere
693 713 940 791 septentrionalis,
968 712 1016 773 nbi
1031 710 1151 793 primum

162 796 197 857 ab
219 796 317 858 Indico
339 797 409 855 mari
430 797 576 872 exsurgit,
603 794 689 853 laevo
713 796 885 855 meridianus
906 805 934 855 ct
953 797 989 857 ad
1014 813 1150 856 occasum

162 881 282 941 tendens
294 880 472 957 mediamque
488 877 647 938 distrahens
662 877 778 954 Asiam,
799 879 853 939 nisi
868 880 1040 958 opprimenti
1055 888 1149 940 terras

161 972 349 1024 occurrerent
364 959 461 1022 maria.
492 961 585 1021 resilit
600 979 671 1038 ergo
689 962 724 1022 ad
742 965 968 1040 septentriones,
995 963 1149 1042 flexusque

41 1116 48 1130 .
159 1049 316 1107 inmensum
329 1048 384 1105 iter
399 1046 526 1124 quaerit,
546 1045 625 1105 velut
647 1045 682 1104 de
699 1045 834 1106 industria
856 1064 950 1105 rerum
964 1055 1063 1105 natura
1081 1046 1147 1106 sub·
1159 1067 1185 1107 ro

159 1131 227 1191 inde
248 1147 374 1210 aequora
396 1124 578 1209 opponente,
599 1129 666 1188 binc
687 1130 884 1205 Phoenicium,
908 1129 972 1189 binc
990 1129 1148 1206 Ponticum,
1255 1189 1258 1204 ,

161 1215 240 1275 illinc
267 1213 401 1292 Caspium
428 1223 457 1273 et
482 1212 654 1288 Hyrcanium
681 1223 837 1292 contraque
859 1212 1012 1273 Maeotium
1044 1213 1147 1273 lacum.

119 1307 312 1378 9810rquetur
331 1299 427 1377 itaquo
452 1297 578 1358 conlisus
595 1298 669 1356 inter
687 1296 760 1356 hacc
781 1297 922 1372 claustra,
945 1305 1086 1356 ettamen
1106 1297 1148 1355 vi·

162 1392 225 1442 otor
245 1381 392 1440 flexuosus
410 1381 505 1441 evadit
524 1399 615 1460 usque
638 1379 673 1440 ad
694 1389 814 1457 cognata
827 1380 999 1459 Ripaeorum
1015 1381 1149 1439 montium

150 1467 243 1543 juga,
263 1467 423 1524 numerosis
445 1463 604 1523 nominibus
626 1471 656 1522 et
678 1466 760 1522 novis
782 1481 960 1542 quacumque
988 1463 1093 1524 incedit
1107 1465 1148 1522 in·
1159 1485 1185 1526 15

161 1551 266 1626 signis,
288 1547 380 1608 lmaus
396 1549 484 1627 prima
500 1556 582 1626 parte
595 1540 705 1621 dictus,
723 1564 790 1606 mox
804 1547 920 1624 Edigis,
943 1546 1147 1625 Paropanisus,

163 1631 290 1707 Circius,
308 1630 485 1706 Cambadcs,
501 1627 825 1706 Pariades,Choatras,
843 1628 970 1706 Oreges,
988 1629 1147 1706 Oroandes,

160 1715 306 1792 Nypctos,
324 1714 449 1789 Taurus,
469 1722 553 1792 atque
568 1713 617 1773 ubi
632 1732 665 1772 se
681 1731 795 1792 quoque
815 1722 971 1792 exsuperat
991 1711 1148 1792 Caucasus,

161 1797 210 1857 ubi
230 1797 347 1857 brachia
373 1797 474 1856 emittit
494 1796 615 1857 subinde
636 1798 786 1875 temptanti
807 1797 894 1857 maria
915 1797 1014 1856 similis
1042 1798 1147 1874 Sarpe-

120 1881 234 1955 99don,
251 1878 441 1956 Coracesius,
463 1877 589 1957 Cragus,
605 1881 764 1965 iterumque
787 1879 911 1956 Taurus,
937 1882 1020 1941 etiam
1035 1878 1083 1939 ubi
1097 1880 1184 1939 doro

161 1964 245 2024 hiscit
259 1982 349 2042 seque
365 1963 479 2042 populis
501 1965 593 2042 aperit
616 1972 762 2042 portarum
780 1973 874 2024 tamen
888 1967 1002 2025 nomine
1014 1965 1149 2022 unitatem

161 2047 215 2106 sibi
229 2050 375 2109 vindicans
393 2066 466 2128 quae
483 2046 571 2107 aliubi
581 2047 735 2108 Armeniae
753 2047 839 2108 aliubi
856 2046 979 2126 Caspiae
1001 2046 1086 2106 aliubi
1101 2043 1147 2104 Ci-

161 2131 246 2192 liciae
260 2141 407 2193 vocantur.
435 2133 600 2211 quinetiam
615 2133 789 2207 confractus,
805 2133 945 2210 effugiens
960 2147 1074 2209 quoque
1090 2146 1147 2191 ma·

100 2214 103 2219 ’
160 2216 221 2293 ria,
242 2216 378 2296 plurumis
399 2234 431 2274 sc
452 2217 578 2293 gentium
600 2214 759 2275 nominibus
774 2216 841 2275 hinc
857 2225 889 2300 et¹
906 2215 984 2274 illinc
1004 2213 1108 2292 inplet,
1131 2229 1147 2270 a

162 2297 262 2360 dextra
284 2299 459 2374 Hyrcanius,
483 2296 620 2377 Caspios,
643 2319 658 2358 a
679 2299 761 2359 laeva
780 2298 947 2372 Pariedrus,
971 2295 1182 2372 Hoschicus,ss

160 2382 365 2459 Amazonicus,
384 2379 562 2457 Coraxicus,
579 2381 730 2462 Scythicus
745 2378 925 2457 appellatus,
941 2379 969 2437 in
986 2380 1147 2438 universum

160 2482 230 2523 vero
247 2464 357 2524 Graece
374 2461 540 2521 Ceraunios.

120 2559 171 2611 100
254 2544 336 2624 (28.)
356 2544 387 2603 ln
408 2544 495 2620 Lycia
513 2545 598 2620 igitur
618 2561 634 2602 a
656 2542 851 2623 promontorio
873 2543 934 2601 eius
950 2543 1084 2620 oppidum
1102 2545 1146 2602 Si·

161 2647 259 2704 mena,
283 2646 364 2690 mons
380 2626 529 2688 Chimaera
545 2625 675 2689 noctibus
691 2626 833 2702 flagrans,
859 2623 1062 2703 Hephaestiam
1078 2625 1146 2684 civi·

72 2708 76 2727 ¹
160 2723 203 2773 tas
224 2722 252 2773 et
270 2713 332 2791 ipsa
356 2729 446 2791 saepe
467 2708 650 2787 flagrantibus
668 2709 752 2787 iugis.
793 2707 926 2786 oppidum
949 2707 1086 2787 Olympus
1106 2708 1182 2773 ibiao

160 2796 228 2872 fuit,
256 2815 330 2856 nunc
351 2805 416 2856 sunt
439 2803 569 2855 montana
592 2792 706 2869 Gagae,
744 2787 914 2868 Corydalla,
944 2790 1144 2870 Rhodiopolis.

160 2881 237 2941 iuxta
256 2897 334 2940 mare
354 2879 466 2955 Limyra
489 2895 552 2937 cum
571 2894 652 2935 amne
667 2877 694 2935 in
710 2895 794 2954 quem
809 2875 976 2951 Arycandus
992 2875 1099 2953 inlluit,
1117 2886 1146 2936 et

160 2981 241 3022 mons
256 2963 427 3037 blasycitus,
453 2961 559 3020 Andria
580 2961 696 3034 civitas,
718 2959 816 3035 llyra,
840 2959 946 3037 oppida
967 2959 1097 3037 Aperrae
1116 2968 1145 3018 et

159 3045 343 3124 Antiphellos
358 3063 431 3123 quae
449 3043 588 3122 quondam
609 3042 755 3119 Habesos,
775 3051 859 3119 atquc
880 3044 908 3100 in
928 3061 1047 3102 recessu
1061 3041 1144 3102 Phel-

160 3129 215 3188 los.
245 3130 310 3188 dein
320 3128 409 3202 Pyrra
423 3129 547 3206 itemque
562 3124 690 3187 Xanthus
705 3144 721 3185 a
736 3127 804 3185 mari
818 3123 872 3184 XV
885 3121 914 3184 M
929 3143 1077 3203 passuum,
1093 3125 1143 3184 llu-
1153 3147 1178 3190 m

159 3229 281 3290 menque
298 3211 402 3270 eodem
414 3212 536 3270 nomine.
571 3210 674 3269 deinde
690 3209 805 3285 Patara,
830 3225 902 3287 quae
921 3210 998 3285 prius
1012 3208 1142 3284 Pataros,

119 3307 168 3360 101
180 3303 208 3354 et
221 3298 250 3354 in
265 3301 360 3354 monte
376 3293 501 3367 Sidyma,
518 3293 741 3370 promontorium
756 3290 875 3368 Cragus.
904 3290 983 3350 Ultra
1001 3292 1143 3368 passinus

159 3379 258 3457 priori.
298 3376 337 3436 ibi
357 3375 458 3436 Pinara
485 3383 610 3454 atquae
635 3374 750 3450 Lyciam
777 3375 836 3434 linit
857 3373 1017 3434 Telmesus.
1056 3369 1145 3448 Lycia
