2542 3842
197 163 257 225 284
305 153 310 162 '
546 178 576 225 c.
589 179 684 225 rnrar
699 177 849 225 suonam

196 331 408 410 supellectilem
431 331 555 409 ligneam
577 348 611 391 ac
634 351 704 394 vasa
729 330 827 393 hutilia
849 333 876 390 in
897 333 961 410 quis
984 331 1080 390 licum
1105 334 1220 393 aridam

181 413 286 474 libeat
302 416 472 490 adservare,
488 425 536 474 aut
550 417 575 475 si
589 415 658 477 lolia
674 417 819 495 bacasque
834 416 862 474 in
876 416 966 492 virgis
982 417 1076 489 myrti
1094 417 1218 476 aliudve

196 497 273 580 qnod
295 517 386 576 genus
410 499 512 558 simile.
544 510 691 578 postremo
713 502 789 578 ligna
809 507 955 559 macerata
978 517 1109 560 amurca
1135 503 1217 560 nullo

195 583 263 642 lumi
285 584 382 643 taedio
404 584 516 643 ardere.
547 582 647 644 Oleam
670 587 695 643 si
717 584 867 644 lambendo
888 599 977 660 capra
993 583 1104 660 lingna
1122 588 1215 644 conti·

195 665 269 746 gerit
289 665 498 746 depaveritque
521 670 612 748 primo
631 671 807 746 germinatu,
830 667 1021 727 sterilescere
1037 671 1159 729 auctor
1174 680 1231 728 ests

195 747 231 810 bl.
249 749 352 810 Varro.
383 749 572 811 Et'hactenus
589 752 624 811 de
641 751 707 811 olea
724 762 810 830 atqne
825 751 904 811 oleo.

152 842 187 897 35
258 835 287 894 9.
312 835 374 913 (9.)
398 833 513 914 Reliqui
528 834 663 894 arborum
678 835 787 896 fruetus
800 836 849 894 vix
864 835 967 913 specie
982 834 1143 914 figurave,
1160 854 1210 896 nor

195 917 281 978 modo
298 917 450 998 saporibus
467 919 600 1000 sucisque
616 921 722 979 totiens
737 920 887 999 permixtis
903 926 990 997 atque
1009 919 1128 997 insitis,
1146 939 1208 980 enn-

194 1003 298 1062 merari
318 1012 435 1082 queunt.

203 1077 208 1092 ‘
258 1086 305 1146 to.
330 1085 541 1146 Grandissimus
562 1082 655 1166 'pineis
670 1087 791 1147 nucibus
808 1087 1008 1163 altissimeque
1025 1101 1227 1168 suspensuss

194 1169 269 1230 intus
286 1169 371 1230 exilis
384 1171 506 1230 nucleos
521 1171 660 1230 lacunatis
676 1170 794 1231 includit
805 1173 895 1246 toris,
919 1170 1046 1228 vestitos
1070 1171 1136 1231 alia
1154 1172 1205 1230 ier·

178 1255 301 1331 ‘rupinis
318 1249 423 1329 tunica,
442 1255 512 1314 mira
526 1263 644 1314 naturae
660 1273 728 1314 cura
744 1255 870 1314 molliter
887 1255 995 1313 semina
1012 1255 1204 1315 conlocandi.

194 1337 292 1397 harum
316 1329 407 1415 gentis
431 1339 551 1398 alterum
571 1341 731 1398 terentinae
754 1340 850 1417 digitis
865 1337 961 1415 fragili
974 1334 1136 1415 putamine
1152 1341 1204 1399 ari·

153 1430 187 1485 36
196 1439 300 1500 umque
317 1421 393 1482 lurto
409 1421 563 1482 inarbore.
586 1431 614 1481 et
630 1425 743 1482 tertium
760 1423 875 1502 sappini
888 1424 1003 1500 spicea
1020 1424 1142 1499 sativa,
1160 1441 1203 1482 nu·

195 1503 324 1566 oleorum
340 1516 405 1566 cute
419 1509 515 1566 verius
528 1523 611 1584 quam
629 1509 773 1585 putamine
789 1507 863 1586 adeo
877 1506 958 1566 molli
976 1515 1005 1564 ut
1020 1502 1113 1568 simul
1128 1524 1224 1568 man-s

92 1643 98 1650 .
194 1589 285 1650 datur.
319 1600 448 1670 quartum
463 1591 571 1668 pitydia
586 1601 692 1650 vocant
712 1591 897 1669 epinastris,
917 1589 1074 1666 singularis
1092 1593 1204 1651 remedi

195 1673 334 1734 adversus
351 1677 449 1733 tussim
466 1676 494 1732 in
509 1674 596 1733 melle
613 1672 744 1734 decbctis
760 1675 881 1734 nucleis.
913 1673 1029 1733 Taurini
1046 1677 1203 1753 aquicelus

196 1765 312 1817 uocant.
342 1757 430 1816 Pinea
446 1773 553 1817 corona
569 1759 698 1817 victores
713 1760 789 1836 apud
804 1757 938 1817 isthmum
955 1769 1144 1818 coronantur.

152 1849 185 1905 37
255 1841 286 1900 9.
311 1835 395 1919 (ill.)
419 1839 474 1899 llis
498 1857 636 1919 proxuma
660 1843 845 1920 amplitudine
866 1842 939 1901 mala
961 1856 1039 1920 qnae
1059 1854 1199 1902 mannus
1229 1868 1231 1877 ¹

195 1931 318 1984 cotonea
335 1932 364 1982 et
381 1922 484 1985 Graeci
507 1925 656 1999 sydonaea
679 1943 716 1984 ex
732 1923 819 1987 Orcta
834 1926 926 1985 insula
938 1926 1076 1987 advecta.
1102 1928 1229 1988 incur-a

193 2017 276 2068 vatos
297 2007 412 2068 trahunt
426 2021 522 2069 ramos
537 2010 749 2089 prohibentque
764 2009 902 2070 crescere
918 2018 1081 2088 parentem.
1117 2011 1201 2089 plura

194 2109 293 2153 eorum
315 2111 424 2170 genera
435 2116 447 2154 :·
464 2093 648 2168 chrysomela
670 2095 804 2155 incisuris
827 2094 959 2153 distincta
975 2093 1083 2154 colore
1099 2095 1139 2155 ad
1155 2114 1201 2156 an-

193 2195 254 2237 rnm
281 2177 434 2252 inclinato,
467 2177 516 2256 qui
539 2177 687 2237 candidior
706 2179 845 2238 nostratia
870 2180 1074 2254 cognominat,
1101 2182 1200 2241 odoris

150 2261 445 2340 aspraestantissmt.
476 2269 520 2320 est
545 2271 573 2320 et
588 2261 789 2340 Neapolitanis
810 2280 879 2321 suns
894 2263 998 2320 honos.
1030 2264 1150 2324 minora
1166 2283 1200 2324 ex

194 2343 296 2404 eudem
311 2361 421 2422 genere
438 2343 566 2404 struthea
582 2347 731 2405 odoratius
744 2346 873 2420 uibrant,
893 2347 1021 2404 serotino
1040 2358 1224 2424 proventus

193 2429 333 2506 praecoci
353 2443 424 2485 vero
447 2423 567 2487 mustea.
601 2429 738 2488 strutheis
756 2437 851 2489 antem
868 2439 992 2489 cotonea
1007 2430 1098 2492 insitu
1115 2447 1200 2493 suun

134 2543 142 2570 t
193 2530 285 2589 genus
306 2511 407 2570 iecere
427 2509 616 2588 Muluianum,
640 2530 714 2590 quae
737 2511 861 2573 sola‘ex
878 2513 923 2572 his
945 2513 994 2572 vel
1010 2515 1108 2576 cruda
1125 2535 1198 2575 nan-

193 2597 311 2668 duntnr,
339 2595 395 2653 iam
424 2605 453 2654 et
474 2596 600 2655 virorum
623 2597 798 2657 salutatoriis
827 2595 970 2656 cubilibus
999 2599 1132 2675 inclusa,
1160 2601 1199 2659 si·

192 2677 327 2737 molitoris
343 2681 469 2739 nottinm
485 2681 611 2738 consciis
626 2681 759 2757 inposita.
791 2689 855 2738 sunt
870 2688 1024 2757 praeterea
1041 2701 1138 2760 parva
1152 2685 1200 2744 sil·

193 2761 318 2838 vestris,
339 2781 354 2822 a
371 2763 507 2822 strutheis
524 2765 783 2840 odoratissima,‘in
798 2762 934 2842 saepibus
948 2770 1115 2828 nascentia.
1207 2791 1223 2832 s

150 2855 184 2908 39
232 2859 241 2872 “
259 2845 343 2926 (11.)
362 2845 437 2905 blala
454 2847 646 2925 appellamus,
664 2865 834 2927 quamquam
849 2848 958 2908 diversi
971 2852 1117 2927 generis,
1133 2853 1200 2912 Per·

131 2936 135 2939 “
193 2929 253 2990 sica
276 2939 305 2990 et
325 2937 461 3008 granata,
486 2944 559 3010 quae
582 2933 610 2990 in
625 2931 739 2991 Punicis
762 2931 914 2992 arboribus
936 2949 1040 2991 novem
1056 2953 1202 3010 generum

150 3009 268 3087 lladicta
287 3024 360 3072 sunt.
390 3014 434 3074 his
458 3018 557 3074 acinus
577 3015 763 3076 subcontice
780 3017 871 3090 intus,
887 3015 945 3074 illis
960 3016 1071 3093 lignum
1087 3021 1119 3080 in
1136 3031 1201 3081 cot·

143 3097 151 3124 *
193 3113 276 3174 pore.
307 3092 364 3156 nec‘
380 3115 438 3157 non
457 3106 486 3157 et
508 3100 650 3178 quaedam
671 3119 687 3160 e
710 3101 780 3178 piris
795 3099 908 3159 libralia
931 3100 1202 3184 appellataarnpli-

193 3181 319 3239 tudinem
346 3181 403 3240 sibi
426 3182 563 3258 ponderis
592 3185 707 3242 nomine
742 3184 887 3243 adserunt.
927 3184 975 3257 12.
1011 3181 1229 3250 SedePersiat

194 3278 293 3321 corum
313 3263 407 3342 palma
431 3264 583 3324 duracinis.
615 3268 760 3326 nahonnm
775 3266 883 3327 habent
904 3285 1069 3345 cognomen
1085 3271 1205 3333 Gallica

151 3351 186 3404 40
197 3348 225 3402 et
242 3343 380 3405 Asiatica.
408 3356 475 3425 post
490 3356 651 3407 autumnum
661 3358 877 3426 maturescunt,
897 3359 1007 3411 aestate
1024 3360 1204 3431 praecocia,

192 3423 265 3484 intra
276 3439 349 3487 xxx
360 3442 450 3486 annos
465 3439 584 3506 reperta
600 3440 629 3489 et
643 3434 736 3508 primo
747 3433 873 3493 denariis
885 3435 997 3512 singula
1008 3441 1203 3500 venumdata.
