2542 3842
319 166 401 215 unu.
417 166 507 216 mrsu.
524 124 699 217 nusi-t.
715 157 850 235 (6—11.)
1059 156 1118 216 159

119 317 264 397 Dipsium·
278 316 387 397 Argos.
418 314 518 398 portus
546 320 738 396 Schoenitas,
765 321 844 379 sinus
867 320 1024 381 Saronicus
1050 321 1118 381 olim

121 419 231 479 querno
250 420 370 462 nemore
392 404 557 480 redimitus,
583 404 658 464 unde
678 421 783 463 nomen
804 404 843 462 ita
858 402 980 465 Graecia
1002 406 1117 483 antiqua

121 485 288 563 appellante
311 503 458 563 quercum.
488 488 517 545 in
541 504 577 547 eo
601 486 778 563 Epidaurum
799 485 937 565 oppidum
957 486 1117 566 Aesculapi

119 567 243 628 delubro
263 569 400 644 celebre,
425 570 575 646 Spiraeum
590 570 830 648 promontorium,
841 566 953 646 >portus
967 569 1118 630 Anthedus

99 660 149 712 net
163 650 349 729 Bucephalus
370 660 400 710 et
422 670 493 729 quas
514 670 601 729 supra
623 653 787 712 dixeramus
809 649 997 727 Cenchreae,
1019 653 1116 714 isthmi
1127 668 1149 704 ιο

122 752 189 812 pars
205 735 296 793 altera
312 751 375 794 cum
391 733 512 795 delubro
527 735 655 813 Neptuni
670 734 928 813 quinquennalibus
947 735 1055 794 incluto
1075 736 1116 795 lu·

122 817 175 876 dis.
192 815 248 877 'lot
258 817 336 876 sinus
346 817 542 894 Peloponnesi
554 835 633 878 oram
646 818 800 894 lancinant,
812 827 856 879 tot
864 818 953 877 maria
966 817 1118 894 adiuuant,
1126 831 1161 885 19

121 900 294 977 siquidema
311 902 508 979 septentrione
521 901 629 962 lonium
645 902 788 979 inrumpit,
804 901 841 961 ab
852 900 1007 962 occidente
1019 901 1119 960 Siculo

93 1015 95 1019 ·
121 983 262 1060 pulsatur,
278 999 295 1041 a
311 984 431 1043 meridie
444 981 562 1044 Cretico
577 993 726 1061 urguetur,
743 983 780 1044 ab
797 987 910 1044 oriente
925 982 1046 1043 brumali
1059 981 1118 1043 Ae·

90 1082 210 1142 rogaeo,
227 1065 388 1125 oboriente
404 1067 549 1129 solstitiali
566 1066 681 1141 Myrtoo
700 1067 778 1146 quod
789 1066 965 1145 aMegarico
977 1067 1120 1146 incipieus

123 1149 186 1208 sinu
203 1157 291 1209 totam
306 1148 422 1208 Atticen
437 1150 536 1209 adluit.

183 1233 213 1293 6.
233 1231 547 1310 (admoderamen
569 1233 631 1291 eins
646 1230 772 1293 Arcadia
793 1250 925 1293 maxume
945 1241 1026 1291 tenet
1039 1232 1161 1296 andi-20

124 1333 181 1394 que
197 1333 213 1375 a
227 1316 298 1374 mari
312 1323 434 1390 remota,
450 1317 529 1375 initio
541 1314 715 1391 Drymodes,
732 1333 799 1375 mox
812 1315 944 1391 Pelasgis
959 1315 1116 1394 appellata.

124 1398 239 1476 Oppida
254 1400 315 1458 eius
330 1397 470 1475 Psophis,
491 1396 649 1473 Mantinea,
672 1398 886 1477 Stymphalum,
904 1398 1019 1474 Tegea,
1037 1397 1117 1456 Anti·

91 1496 236 1557 ragonea,
265 1479 492 1557 Orchomenum,
518 1481 680 1555 Pheneum,
703 1481 860 1542 Palantium
883 1482 957 1540 uude
981 1480 1118 1561 Palatium

124 1564 245 1639 Romae,
261 1561 466 1640 Megalepolis,
483 1562 626 1639 Gortyna,
638 1562 805 1639 Bucolium,
819 1562 959 1638 carnion,
972 1563 1117 1636 Parrasie‚

125 1646 281 1724 Tbelpusa,
297 1644 460 1721 Melaenae,
475 1646 600 1722 lleraea,
615 1645 716 1721 Pylae,
731 1646 861 1721 Pallene,
876 1646 987 1723 Agnae,
1002 1644 1116 1723 Epium,

126 1726 310 1804 Cynaethae,
332 1727 467 1806 lepreon
488 1728 650 1803 Arcadiae,
672 1728 870 1804 Parthenium,
892 1728 983 1804 Alea,
1005 1726 1116 1802 Methy-

125 1812 226 1886 drium,
241 1810 361 1888 Enispe,
379 1810 538 1885 Macistum,
556 1811 682 1888 Lampia,
702 1809 861 1888 Clitorium,
878 1809 1018 1871 Cleonae.
1043 1812 1118 1869 inter

89 1913 114 1954 ao
124 1912 198 1972 quae
214 1894 270 1953 duo
283 1894 390 1972 oppida
405 1896 487 1970 regio
499 1894 610 1954 Nemea
625 1903 670 1953 est
681 1893 865 1954 Bembinadia
875 1895 1012 1954 vocitata.
1035 1892 1158 1952 Mon-21

122 1986 169 2035 tes
184 1978 213 2035 in
227 1974 353 2037 Arcadia
367 1975 477 2036 Pholoe
494 1996 557 2036 oum
573 1977 693 2055 oppido,
709 1977 778 2036 item
792 1973 926 2051 Cyllene,
942 1976 1074 2051 Lycaeus
1090 1976 1118 2034 in

125 2076 182 2136 quo
194 2058 300 2133 Lycaei
311 2057 388 2117 loris
401 2059 559 2134 delubrum,
571 2059 730 2132 Maenalus,
743 2058 924 2132 Artemisius,
937 2058 1116 2132 Parthenius,

121 2142 276 2219 bampeus,
292 2140 443 2216 Nonacris,
459 2150 634 2218 praeterque
645 2140 792 2215 ignobiles
806 2147 884 2197 octo.
911 2156 1011 2197 amnes
1019 2136 1118 2196 ladon

124 2242 140 2282 e
159 2223 311 2303 paludibus
331 2224 456 2298 Phenei,
481 2220 671 2296 Erymanthus
694 2227 824 2280 emente
846 2220 974 2279 eiusdem
997 2220 1118 2277 nominis

85 2328 111 2365 aa
123 2307 151 2364 iu
166 2306 311 2383 Alpheum
328 2306 467 2365 defluens.
500 2305 642 2382 Reliquae
659 2305 790 2363 civitates
806 2303 835 2360 iu
851 2301 961 2362 Achaia
977 2299 1159 2361 dicendam

121 2385 301 2466 Aliphiraei,
323 2387 472 2461 Abeatae,
495 2387 677 2463 Pyrgenses,
701 2385 894 2459 Paroreatae,
915 2383 1116 2460 Paragenitae,

121 2470 257 2545 Tortuui,
272 2469 424 2547 ·l'ypanei‚
448 2470 588 2543 Phriusii,
613 2467 782 2527 Tritienses.
811 2467 971 2528 Universae
987 2465 1117 2525 Achaiae

120 2552 285 2611 libertatem
300 2551 440 2612 Domitius
451 2552 530 2611 Nero
547 2552 634 2612 dedit.
661 2550 882 2629 Peloponnesus
893 2552 926 2609 ‘iu
942 2548 1117 2609 latitudinem

121 2652 137 2691 a
154 2636 353 2711 promontorio
368 2632 481 2694 Maleae
499 2633 535 2693 ad
556 2634 694 2710 oppidum
709 2632 834 2709 Aegium
849 2630 1025 2691 Corinthiaci
1039 2631 1117 2697 sinus

84 2713 200 2774 aoOXG
217 2714 247 2774 M
270 2733 348 2793 pass.
365 2725 459 2792 patet,
484 2724 513 2775 at
536 2718 564 2775 in
578 2723 774 2774 transversum
788 2715 826 2773 ab
840 2713 926 2771 Elide
941 2712 1118 2788 Epidaurum

121 2795 229 2857 CXXV
244 2796 288 2871 M,
310 2797 346 2857 ab
369 2797 500 2874 Olympia
520 2798 618 2873 Argos
643 2815 697 2874 per
717 2793 870 2855 Arcadiam
884 2791 1001 2853 lmvltl
1015 2792 1053 2865 bl,
1081 2791 1117 2849 ab
1191 2805 1194 2810 ·

121 2878 226 2938 eodem
246 2880 313 2939 loeo
336 2881 372 2939 ad
395 2879 494 2953 Pylum
514 2879 569 2937 iam
594 2880 672 2937 dicta
688 2894 822 2935 mensura
838 2884 893 2934 est.
919 2875 1053 2933 universa
1068 2892 1116 2932 au·
1128 2888 1149 2922 u

120 2970 189 3035 tem,
206 2962 286 3020 velut
304 2970 443 3038 pensante
459 2976 615 3038 aequorum
632 2960 764 3017 incursus
779 2965 888 3030 natura,
904 2957 933 3013 in
950 2964 1062 3013 montes
1077 2952 1118 3013 v1

119 3050 207 3119 atque
223 3041 301 3101 LXX
318 3043 477 3102 extollitur.

81 3136 111 3177 ³⁶
184 3126 213 3183 7.
234 3125 317 3203 (11.)
337 3124 384 3184 Ab
399 3124 497 3183 lsthmi
519 3122 660 3199 augustiis
676 3118 776 3179 llellas
793 3118 892 3197 incipit
906 3118 1013 3178 nostris
1029 3116 1161 3181 Grae-23

122 3205 167 3266 oia
189 3207 357 3283 appellata·
383 3205 415 3263 ln
436 3223 471 3264 ea
492 3206 582 3284 prima
605 3202 703 3261 Attice
725 3201 879 3279 antiquitus
903 3202 978 3261 Acte
1001 3208 1114 3259 vocata.

119 3285 242 3363 Attingit
253 3288 389 3347 ls'tlrmum
404 3296 487 3364 parte
506 3288 550 3345 sui
565 3301 640 3363 quae
654 3283 818 3361 appellatur
832 3284 959 3361 Megaris
973 3301 990 3341 a
1002 3282 1117 3341 colonia

118 3367 255 3447 Megara,
285 3388 301 3430 e
322 3368 444 3445 regione
466 3367 615 3445 Pagarum.
638 3366 702 3425 duo
727 3366 802 3426 haec
819 3367 925 3445 oppida
945 3370 1118 3424 excurrente
