2542 3842
166 166 225 227 446
510 172 541 219 o.
561 172 658 221 rnrur
677 169 826 221 saeuum
863 215 867 224 ,

164 327 223 389 edit
247 344 312 393 ora.
353 324 463 389 Trlbuit
485 325 542 387 boc
564 327 657 387 svium
676 329 779 403 qenai
798 334 899 387 natura
918 326 1162 391 art-fecundiores

163 420 262 473 essent
275 410 397 487 fugaces
414 426 509 469 earam
525 426 608 487 qaam
623 410 725 469 lortes.
754 409 883 487 pluruma
897 412 1009 489 pariunt
1029 414 1160 474 strntlro-

163 494 275 571 cameli,
289 493 426 571 gallinae,
442 492 587 571 perdices,
600 492 664 566 soli.
692 490 791 553 Goitus
805 494 907 554 avibus
923 495 1034 560 duobus
1049 496 1159 574 modis,

163 579 267 639 lentina
284 578 452 638 considente
466 575 541 635 lrurni
552 577 620 637 utin
630 577 757 653 gallinis,
768 586 818 636 aut
830 587 923 638 stante
937 588 968 638 ut
983 580 1013 637 in
1022 580 1157 655 gruibus.

125 671 173 725 144
241 660 323 741 (74.)
348 659 472 721 Ovorum
492 659 547 721 alia
566 669 631 719 sunt
647 660 784 735 candida,
805 669 836 719 ut
855 661 1006 738 columbis,
1031 664 1182 741 perdici-s

88 739 93 751 '
163 746 227 820 bus,
243 745 298 805 alia
317 744 439 823 pallida,
464 752 492 803 ιιι
507 744 657 822 aquaticis,
677 744 734 803 alia
751 745 864 822 punctis
886 745 1029 821 distincta,
1045 757 1156 807 utine·

163 829 331 904 leagridum,
347 828 401 887 alia
417 826 495 885 rubri
515 825 641 901 coloris,
665 835 696 886 ut
710 826 871 905 phasianis,
890 828 1047 890 cenchridi.
1078 832 1156 891 intus

162 921 255 971 autem
276 930 359 975 omne
382 927 468 971 ouom
489 909 638 969 volucrum
659 910 783 986 bicolor,
826 912 977 989 aquaticis.
991 913 1060 973 lutei
1088 914 1157 993 plus

162 1014 255 1073 quamx
264 996 332 1071 albi,
348 994 435 1071 idque
448 995 540 1071 ipsum
557 994 649 1069 magis
662 993 784 1054 luridum
797 1012 881 1071 quam
889 997 1005 1057 ceteris.
1032 1000 1155 1075 piscinas

121 1087 249 1142 ltouuus
266 1078 359 1153 color,
375 1079 404 1136 in
418 1094 477 1157 quo
499 1077 566 1137 nihil
582 1077 706 1139 candidi.
735 1079 828 1139 avium
846 1095 902 1137 ova
923 1097 961 1139 er
981 1079 1082 1140 calore
1095 1082 1192 1144 ira-ao

161 1161 240 1239 giba,
257 1162 432 1240 serpentium
448 1180 485 1221 ex
498 1163 608 1239 frigore
624 1162 711 1237 lenta,
730 1163 850 1238 piscium
865 1180 902 1221 ex
916 1162 1029 1239 liquore
1043 1165 1153 1225 mollia.

157 1245 475 1325 -aquatilium'rotunda,
497 1245 607 1321 reliqua
622 1245 686 1305 iere
706 1246 824 1322 fastigio
839 1247 1022 1306 cacuminata.
1047 1258 1155 1308 exeunt

162 1349 178 1389 a
192 1330 392 1391 rotundissima
407 1331 451 1389 sui
466 1338 558 1408 parte,
574 1328 640 1389 duro
655 1330 810 1407 pariuntur,
830 1328 909 1389 rnolll
924 1332 1077 1407 putamine,
1098 1332 1154 1391 sed

162 1415 291 1492 protinus
316 1414 504 1486 durescente,
534 1412 763 1489 quibuscumque.
784 1423 932 1488 emergunt
960 1414 1152 1491 portionibus.

161 1516 235 1575 quac
251 1496 375 1572 oblonga
393 1499 449 1557 siut
466 1512 519 1555 ova
537 1496 673 1570 gratioris
688 1497 802 1571 saporis
818 1505 898 1573 putat
914 1495 1049 1556 lloratius
1067 1497 1152 1559 Flac·
1164 1521 1189 1561 m

100 1598 108 1611 “
162 1582 222 1639 cu's.
238 1580 369 1647 laminam
382 1579 467 1640 edunt
477 1595 550 1655 quae
559 1577 726 1637 rotundiora
734 1580 899 1653 gignuntur,
910 1578 1023 1656 reliqua
1033 1599 1153 1642 marem.

161 1662 310 1723 umbilicus
327 1664 389 1721 ovis
412 1662 590 1721 acacumine
613 1661 706 1733 inest,
728 1678 782 1719 ceu
804 1669 883 1735 gnua
906 1661 1034 1721 mninens
1055 1666 1085 1723 in
1100 1683 1154 1742 pa·
1252 1710 1253 1713 ,

162 1746 272 1803 tamine.
553 1778 554 1785 ι
874 1791 877 1798 ,

119 1837 168 1891 146
237 1823 286 1885 53.
311 1822 456 1897 Quaedam
473 1825 549 1883 omui
565 1833 696 1902 tempore
712 1835 828 1900 coeunt,
850 1834 879 1885 ut
894 1824 1037 1901 gallinae,
1052 1836 1083 1885 et
1101 1848 1155 1904 pa·

159 1910 232 1969 riunt
253 1917 454 1987 praeterquam
477 1906 588 1969 duobus
609 1908 755 1968 mensibus
777 1908 877 1985 hiemis
898 1906 1082 1968 brumalibus.
1113 1929 1189 1973 exso

159 1993 193 2051 iis
212 1992 350 2053 iuvencae
367 1992 448 2071 plura
464 2001 683 2070 quamveteres,
694 1991 747 2051 sed
757 1994 876 2066 minora,
889 2002 918 2051 ct
931 1992 959 2050 iu
974 1991 1079 2051 eodem
1090 1992 1154 2053 leta
1193 2036 1203 2054 .

160 2078 250 2154 prima
267 2095 300 2140 ac
322 2077 485 2143 norissima.
516 2084 561 2135 est
584 2086 679 2137 autern
705 2084 782 2137 lanta
802 2076 962 2137 fecunditas
986 2084 1017 2133 ιιι
1037 2076 1154 2154 aliquae

44 2179 53 2197 ι
160 2170 188 2219 et
204 2178 351 2238 sexagena
366 2162 488 2239 pariant,
509 2159 623 2238 aliquae
638 2159 756 2234 cotidie,
771 2159 885 2237 aliquae
901 2159 945 2219 bis
962 2158 1019 2233 die,
1035 2159 1150 2238 aliquae
1252 2189 1253 2246 3

118 2246 204 2307 latio
219 2254 324 2307 launum
341 2254 372 2303 ut
388 2244 492 2305 effetae
505 2245 669 2303 moriantur.
689 2242 839 2304 Hadrianis
854 2242 916 2303 laus
929 2260 1069 2302 marauna.
1095 2242 1146 2303 Co·
1252 2257 1254 2310 ι

68 2388 73 2394 ,
162 2328 275 2390 lumbae
293 2328 412 2387 deciens
428 2344 500 2385 anuo
517 2328 639 2403 pariunt,
665 2327 805 2404 quaedam
819 2336 849 2386 et
861 2326 1029 2400 undeciens,
1050 2328 1079 2385 in
1093 2325 1182 2386 Aeas

159 2422 249 2491 gypto
265 2427 336 2468 vero
359 2412 444 2469 etiam
459 2409 579 2469 brumali
594 2426 703 2471 mense.
741 2409 905 2469 hirundines
927 2418 958 2467 et
975 2410 1104 2469 merulae
1118 2416 1148 2467 et

159 2492 285 2572 palumbi
301 2501 330 2550 et
347 2500 470 2553 turtures
489 2492 533 2553 bis
548 2510 622 2551 anno
638 2494 766 2569 pariunt,
789 2492 908 2553 ceterae
930 2510 1001 2552 aves
1022 2493 1085 2552 iere
1100 2509 1146 2548 se·
1252 2501 1253 2524 ¹

158 2576 224 2635 mel.
254 2574 328 2635 turdi
346 2576 374 2633 in
396 2576 588 2635 cacuminibus
612 2574 747 2635 arborum
772 2576 833 2635 luto
856 2576 1033 2642 uidlllcautes
1053 2590 1147 2651 paene

102 2714 103 2722 ,
160 2659 331 2734 contextim,
346 2661 377 2720 lu
391 2676 512 2719 secessu
534 2667 682 2734 generant.
712 2658 738 2717 Α
761 2660 838 2719 coitu
860 2659 962 2721 diebus
977 2659 1076 2719 decem
1092 2674 1149 2715 ova

157 2748 351 2802 maturescunt
372 2743 400 2801 in
419 2751 512 2813 utero.
542 2744 655 2802 vexatis
676 2751 770 2802 autem
795 2742 921 2818 gallinae
946 2752 977 2802 et
999 2740 1184 2805 columbasso

117 2834 169 2889 148
178 2825 263 2901 pinna
278 2824 377 2887 evolsa
394 2826 487 2887 aliave
503 2826 587 2885 simili
602 2826 702 2888 iniuria
718 2827 831 2886 diutius.
854 2825 990 2887 Omnibus
1011 2828 1076 2885 ovis
1090 2842 1150 2883 me

159 2908 205 2969 dio
222 2909 314 2971 vitelli
334 2927 422 2987 parva
435 2912 509 2969 inest
528 2910 607 2969 velut
624 2911 780 2986 sanguinea
801 2917 897 2987 gutta,
920 2909 997 2987 quod
1015 2927 1083 2968 esse
1098 2924 1150 2967 cor

161 2994 252 3053 avium
266 2994 451 3069 existumant,
475 2995 594 3072 primum
610 2996 638 3053 iu
654 2996 729 3053 omni
743 3011 867 3072 corpore
891 2994 919 3053 id
936 2994 1017 3069 gigni
1032 2995 1148 3070 opinan-

160 3085 213 3139 tes.
240 3079 273 3137 ,in
293 3092 349 3135 ovo
369 3085 448 3135 certe
470 3088 550 3154 gutta
566 3096 600 3150 ea
626 3078 693 3137 salit
712 3078 898 3156 palpitatque.
931 3079 1025 3154 ipsum
1048 3074 1149 3136 animal

161 3178 198 3219 ex
212 3159 278 3219 albo
294 3158 407 3236 liquore
426 3163 472 3220 ovi
490 3171 669 3239 corporatur.
699 3161 781 3221 cibus
797 3162 859 3221 eius
876 3164 904 3220 in
914 3160 997 3221 luteo
1013 3170 1067 3219 est.
1089 3176 1184 3219 ora-ac
1209 3229 1216 3241 ‚

159 3243 241 3301 nibus
258 3243 332 3301 intus
349 3252 434 3319 caput
450 3246 539 3303 malus
556 3254 616 3303 loto
633 3262 769 3322 corpore,
791 3244 868 3304 oculi
884 3246 1035 3321 conpressi
1050 3245 1147 3321 capite

158 3327 292 3396 maiores.
325 3327 507 3385 increscente
529 3326 609 3403 pullo
633 3328 740 3387 candor
761 3330 790 3387 in
810 3328 932 3387 medium
948 3328 1084 3400 vertitur,
1107 3326 1148 3386 lu·

118 3414 253 3469 149teum
277 3406 519 3469 circumfunditur.
549 3419 580 3471 ut
598 3411 736 3472 vicesimo
752 3413 797 3472 dle
812 3420 963 3471 moueatur
975 3427 1072 3485 orom,
1094 3411 1166 3481 iarn
