2542 3842
174 164 232 227 148
431 244 433 252 Α
547 136 860 225 o.au1n1sauuan1
948 214 954 221 .

172 335 330 391 carentem.
360 330 406 389 cui
423 337 591 405 argumento
609 330 692 389 adest
713 331 850 410 oppidum
869 326 947 387 iuxta
962 324 1167 387 industriave-

170 420 247 473 tusto
263 413 376 472 nomine
392 412 651 489 Bodincomagum,
667 412 717 472 ubi
732 414 891 492 praecipua
905 410 1024 469 altitudo
1040 410 1148 487 incipit.

130 504 180 561 123
244 496 291 555 17.
308 495 390 575 (21.)
408 495 610 573 Transpadana
625 496 788 575 appellatur
803 495 840 555 ab
856 511 893 555 eo
907 494 991 570 regio
1006 493 1167 567 undecima,

170 585 230 641 tota
247 578 276 638 in
299 579 528 655 mediterraneo,
552 580 598 638 cui
618 581 707 639 maria
730 588 832 640 cuneta
853 578 1001 654 fructu-qao
1043 575 1111 635 lveo
1126 575 1167 634 iir-
1262 629 1263 636 ,

169 670 290 740 portat(
307 660 420 740 Oppida
441 660 508 719 Vibi
531 662 643 736 lorum,
667 662 811 739 Segusio,
836 660 968 720 coloniae
994 658 1030 719 ab
1112 658 1190 716 inme

170 744 315 804 radicibus
330 744 460 821 Augusta
478 743 674 819 Taurinorum,
691 745 757 804 iude
772 743 928 821 navigabili
943 742 1038 817 Pado,
1054 742 1169 818 antiqua

169 826 302 903 Ligurum
318 827 419 906 stirpe,
436 825 502 885 dein
517 826 700 885 Salassorum
716 825 846 903 Augusta
860 824 1008 885 Praetoria
1024 825 1101 884 iuxta
1115 842 1167 899 ge-

169 912 259 969 minas
278 909 394 986 Alpium
414 909 502 983 ioris,
528 906 628 968 Graias
653 917 740 987 atque
755 908 897 983 Peninus,
913 939 955 954 -·
975 906 1019 965 bis
1041 906 1167 979 Poenos,

170 992 254 1053 Grais
268 986 424 1062 lle'rculem
445 992 584 1051 transisse
606 1000 781 1067 memorant,
796 1023 839 1039 --
863 990 1000 1070 oppidum
1021 988 1168 1067 Eporedia

170 1074 319 1148 Sibyllinis
337 1091 353 1135 a
369 1074 478 1154 populo
495 1073 625 1135 Romano
642 1076 787 1136 conditum
803 1076 898 1135 iussis.
922 1073 1078 1151 eporedias
1094 1071 1167 1132 Galli
1179 1091 1204 1130 m

128 1166 181 1222 124
191 1157 286 1216 bonos
302 1175 441 1235 equorum
457 1158 615 1218 domitores
629 1168 745 1219 vocant.
771 1158 928 1219 Vercellae
940 1156 1113 1217 Libiciorum
1131 1172 1169 1213 ex

168 1239 306 1301 Salluviis
321 1249 414 1318 ortae,
430 1240 554 1303 Novaria
570 1242 882 1317 exVertaconracoris,
897 1241 1105 1300 Vocontiorum
1116 1237 1167 1296 bo-

170 1324 276 1401 dieque
297 1340 392 1401 pago,
416 1342 473 1384 non
494 1326 539 1403 (ut
557 1324 629 1386 Cato
648 1327 814 1404 existumat)
835 1324 984 1400 Ligurum,
1006 1340 1044 1381 ex
1065 1320 1168 1399 quibus
1265 1393 1267 1399 γ

169 1405 258 1465 Laevi
275 1415 304 1465 et
318 1405 420 1466 lilariei
437 1408 595 1468 condidere
611 1408 738 1467 Ticinum
753 1425 811 1467 nou
826 1406 929 1485 procul
946 1424 962 1465 a
977 1405 1072 1480 Pado,
1095 1405 1169 1462 sicut
1265 1447 1266 1452 η

168 1488 222 1550 Boi
238 1486 444 1565 Transalpibus
469 1490 594 1566 proiecti
609 1490 736 1549 Laudem
751 1490 935 1567 Pompeiam,
956 1486 1093 1546 insubres
1107 1485 1168 1546 ble-
1179 1505 1205 1546 rs

169 1570 323 1631 diolanum.
355 1568 528 1631 Orobiorum
552 1572 651 1650 stirpis
668 1589 735 1631 esse
755 1569 873 1631 Comum
894 1580 980 1647 atque
995 1570 1169 1644 Bergomum

170 1662 200 1712 et
227 1651 316 1711 Licini
344 1651 449 1713 Forum
474 1654 584 1732 aliquot
617 1654 695 1715 circa
723 1654 849 1733 populos
878 1660 979 1711 auctor
1010 1659 1055 1710 est
1083 1649 1167 1725 Cato,
1266 1655 1267 1662 ’

170 1734 223 1795 sed
247 1735 387 1810 originem
408 1736 503 1811 gentis
525 1738 662 1813 ignorare
683 1755 716 1796 se
738 1739 860 1812 latetur,
884 1752 970 1813 quam
990 1734 1078 1793 docet
1095 1731 1168 1791 Cor-

169 1816 262 1876 nelius
283 1816 451 1878 Alexander
470 1827 560 1877 ortam
581 1817 733 1879 aGraecia
754 1819 991 1896 interpretatione
1017 1816 1102 1876 etiam
1115 1833 1167 1875 no-

29 1972 32 1977 ,
129 1910 179 1963 125
190 1898 272 1958 minis
285 1900 371 1959 vitam
387 1901 415 1959 in
429 1901 571 1961 montibus
588 1901 762 1977 degentium.
788 1900 821 1962 ln
832 1900 888 1960 boe
903 1899 958 1959 situ
968 1900 1073 1958 interiit
1085 1900 1166 1977 oppi·
1177 1918 1205 1959 ao

171 1982 236 2041 dum
258 1979 431 2043 Orobiorum
445 1982 550 2059 Parra,
575 1984 652 2044 unde
674 1983 864 2061 Bergomates
886 1980 958 2043 Cato
984 1982 1055 2041 dixit
1076 1991 1168 2055 ortos,

169 2063 321 2125 etiamnum
336 2066 478 2143 prodente
489 2085 521 2126 se
536 2066 621 2126 altius
636 2084 720 2145 quam
730 2067 900 2126 fortunatius
911 2067 1004 2126 situm.
1030 2065 1169 2135 interiere

95 2210 97 2215 7
129 2166 164 2202 ιιι
173 2156 202 2205 et
224 2145 376 2224 Caturiges
398 2148 547 2209 lusubrum
569 2150 689 2209 exsules
712 2159 741 2209 et
763 2151 852 2229 Spina
872 2166 959 2227 supra
981 2149 1075 2224 dicta,
1101 2148 1170 2206 item

125 2298 127 2303 .
169 2227 298 2307 Melpum
318 2234 466 2309 opulentia
489 2235 692 2312 praecipuum,
714 2234 791 2312 quod
812 2233 848 2293 ab
863 2231 1032 2298 insubribus
1054 2238 1083 2290 et
1099 2229 1169 2289 Bois

171 2320 201 2371 et
216 2312 378 2373 Senonibus
396 2315 522 2375 deletum
538 2333 606 2375 esse
623 2334 660 2375 eo
673 2316 720 2376 die
735 2333 793 2394 quo
806 2313 942 2375 Camillus
952 2314 1044 2373 Veios
1055 2312 1205 2392 ceperitaa

127 2444 131 2451 .
170 2392 272 2469 Nepos
289 2393 441 2453 Cornelius
456 2397 581 2455 tradidit.

129 2481 180 2536 126
245 2474 292 2533 18.
311 2474 393 2554 (22.)
411 2476 548 2553 Sequitur
568 2478 689 2537 decuma
705 2477 789 2553 regio
803 2476 903 2536 ltaliae
918 2475 1082 2534 Hadriatico
1097 2480 1169 2537 mari

171 2556 312 2632 adposita,
331 2559 411 2615 cuius
426 2556 560 2631 Venetia,
578 2557 682 2617 fluvius
697 2559 766 2618 Silis
781 2576 819 2618 ex
835 2557 977 2616 montibus
992 2555 1167 2630 Taruisanis,

171 2638 309 2716 oppidum
323 2637 463 2713 Altinum,
487 2638 592 2698 llumen
607 2638 757 2719 Liquentia
780 2658 818 2699 ex
833 2639 975 2698 montibus
990 2637 1168 2715 Opiterginis

171 2728 201 2779 et
218 2729 318 2797 portus
333 2721 437 2780 eodem
452 2721 577 2796 nomine,
594 2722 709 2780 colonia
726 2719 906 2797 Concordia,
923 2721 1038 2780 domina
1054 2727 1084 2777 et
1100 2737 1167 2798 por·
1178 2736 1206 2779 co

170 2810 216 2861 tus
231 2802 393 2879 Reatinum,
409 2802 598 2863 Tiliaventum
612 2805 704 2864 maius
717 2804 878 2882 minusque,
894 2803 1026 2863 Anaxuru
1041 2819 1098 2880 quo
1109 2802 1167 2863 Va·

171 2901 266 2945 ramus
282 2885 396 2960 deduit,
412 2885 500 2961 Alsa,
521 2884 623 2946 Natiso
641 2904 705 2946 cum
721 2886 830 2962 Turro,
858 2886 1055 2963 praefluentes
1077 2882 1166 2962 Aqui·

128 2971 179 3028 127
187 2966 273 3027 leiam
293 2967 436 3027 coloniam
456 2967 510 3027 XV
524 2967 554 3029 Μ
575 2986 654 3046 pass.
676 2970 780 3029 amari
796 2970 887 3028 sitam.
919 2966 1078 3027 carnorum
1092 2965 1167 3025 baec

169 3049 252 3122 regio
270 3050 422 3126 iunctaque
439 3046 592 3126 lapydum,
615 3050 705 3110 amnis
721 3050 870 3125 Timavos,
897 3050 1047 3110 castellum
1067 3047 1167 3107 nobile

170 3130 236 3187 vino
252 3130 402 3204 Pucinum,
420 3130 608 3207 Tergestinus
622 3135 720 3207 sinus,
739 3134 854 3191 colonia
872 3132 1027 3207 Tergeste,
1043 3128 1202 3189 XXXlIlto

170 3210 200 3269 Μ
215 3227 291 3287 pass.
309 3210 344 3271 ab
360 3211 504 3288 Aquileia.
537 3213 609 3272 ultra
632 3232 717 3292 quam
731 3213 772 3273 Vl
787 3213 816 3273 Μ
833 3233 911 3293 pass.
928 3213 1043 3272 Formio
1064 3212 1172 3285 amnis,

171 3292 207 3352 ab
222 3292 359 3354 Ravenna
375 3291 586 3354 CLXXXVllll
599 3294 629 3353 Μ
644 3313 733 3372 pass,
750 3298 860 3355 anticas
875 3305 978 3355 auctae
993 3294 1092 3353 ltaliae
1107 3301 1165 3351 ter-

170 3376 276 3450 minus,
299 3392 374 3434 nuuc
394 3391 466 3458 vero
487 3374 628 3453 Histriae,
653 3395 737 3455 quam
760 3381 988 3455 cognominatam
1011 3392 1027 3434 a
1052 3374 1166 3435 domine
