2542 3842
159 164 217 229 132
531 176 561 226 c.
578 179 673 226 enum
693 177 841 227 recount

155 340 268 393 meante
283 330 426 409 Rhegium
441 331 577 410 oppidum
594 332 622 391 in
636 350 736 393 umero
752 332 815 393 eius
830 332 931 406 situm,
953 348 970 392 a
985 348 1043 409 quo
1059 330 1151 393 veluti

154 418 280 477 cervicIs
297 416 395 493 incipit
410 414 520 491 llexus,
546 418 667 477 deciens
688 426 809 477 centena
832 424 861 475 et
874 416 975 492 viginti
988 415 1067 475 milia
1083 432 1150 493 pas·

156 518 251 574 snum,
274 498 420 578 maritoque
444 500 567 577 amplinr
581 518 715 561 mensura
730 500 815 561 lieret
829 498 973 559 Lacinium
987 516 1099 577 usque,
1121 496 1150 557 ui

113 584 218 649 Attalis
233 582 388 661 obliquitas
404 585 431 643 in
447 584 519 644 latus
536 584 649 660 digredi
663 585 821 645 rideretur.
845 582 976 644 Latitudo
992 582 1055 641 eius
1070 582 1150 641 varia

155 676 209 726 est.
237 664 366 726 CCCCX
376 667 482 725 milium
494 668 568 725 inter
587 666 643 727 duo
658 670 748 729 marla
766 666 887 727 inferum
899 675 930 727 et
940 683 1075 744 superum
1091 682 1173 733 amr

153 752 255 829 nisque
270 750 374 809 Varum
389 759 476 827 atque
488 748 611 809 Arsiam.
634 750 729 811 medIa
744 759 839 810 autem
852 750 945 809 ferme
958 750 1036 809 clrca
1049 748 1149 809 urbem

153 833 272 893 Romam
287 834 324 893 ab
340 834 414 891 ostio
433 833 533 892 Aterni
552 834 641 893 amnis
656 834 684 891 in
700 832 892 892 Hadriaticum
911 850 990 891 mare
1008 832 1149 892 induentis

153 918 190 978 ad
207 918 341 977 'liberius
363 917 436 975 ostia
452 913 615 990 CXXXVI,
639 924 670 975 et
691 914 778 994 paulo
801 916 894 975 minus
914 913 1050 975 aCastro
1072 932 1148 976 novo

121 1010 128 1019 “
153 1000 307 1060 Hadriatici
322 998 408 1056 maris
419 998 530 1057 Alsium
546 999 582 1059 ad
593 998 717 1059 Tuscum
732 1016 853 1079 aequor,
870 998 945 1059 haud
961 997 1021 1058 ullo
1036 1000 1065 1058 in
1080 1000 1149 1060 Ioco
1222 990 1225 1000 ’

154 1081 202 1143 CC
219 1081 396 1143 latitudInem
416 1083 574 1147 excedens.
606 1084 759 1145 uniuersae
783 1093 879 1143 autem
900 1082 1022 1144 ambitus
1037 1101 1054 1143 a
1068 1082 1186 1149 Varorc

58 1233 60 1241 ,
110 1175 144 1229 45
153 1167 189 1227 ad
210 1164 324 1227 Arsiam
346 1166 415 1233 ᾗ.
443 1166 544 1227 XLVII
565 1168 642 1228 milia
663 1185 799 1247 passuum
812 1167 912 1228 eflicit.
944 1166 1071 1226 Abesta
1093 1169 1148 1227 clr-

154 1250 291 1311 cmndatis
308 1254 394 1311 terris
415 1250 521 1312 Histria
541 1270 576 1311 ac
590 1251 724 1313 Liburnia
750 1250 920 1329 quibusdam
935 1250 1010 1309 Iocis
1026 1259 1148 1311 centena

152 1333 182 1393 ll
193 1352 282 1411 pass,
298 1334 437 1412 ab¹Epiro
450 1345 478 1395 et
490 1335 607 1409 Illyrico
619 1335 651 1409 L,
669 1336 706 1395 ab
717 1334 817 1395 Africa
828 1336 918 1393 minus
931 1330 991 1409 CC,
1007 1342 1037 1392 nt
1047 1343 1148 1393 auctor

153 1427 198 1477 est
212 1416 249 1475 Ill.
265 1415 370 1491 Varro,
387 1418 423 1475 ab
441 1418 571 1477 Sardinia
583 1417 663 1477 CXX
673 1418 718 1492 ll„
733 1417 770 1476 ab
784 1417 883 1476 Sicilia
897 1416 970 1491 nto,
988 1414 1147 1491 aCorcyra

151 1502 241 1561 mInus
256 1497 370 1573 LXXX,
387 1498 422 1559 ab
439 1498 501 1558 Issa
516 1498 546 1558 L.
579 1498 690 1557 Incedit
705 1517 760 1577 per
776 1500 864 1557 maria
882 1499 957 1558 caeli
974 1500 1095 1575 regione
1111 1501 1147 1560 ad
1158 1522 1183 1563 rs

152 1584 300 1644 meridiem
312 1584 444 1660 quidem,
464 1581 533 1657 sed,
558 1582 582 1641 si
595 1582 660 1658 quis
676 1581 705 1641 id
721 1581 851 1657 diligenti
865 1581 1021 1643 subtilitate
1037 1584 1145 1656 engat,
1188 1656 1193 1661 .

109 1670 226 1730 46inter
249 1675 359 1725 sextam
383 1666 484 1725 horam
510 1666 688 1743 primamque
709 1664 876 1726 brumalem.
908 1663 992 1723 Nunc
1013 1662 1147 1723 ambitum

152 1752 214 1810 eius
228 1748 365 1826 urbIsque
383 1748 627 1822 enumerabimus,
647 1766 703 1826 qua
719 1750 746 1808 in
761 1767 795 1808 re
810 1747 937 1826 praefari
950 1748 1146 1807 necessarium

153 1840 197 1892 est
213 1840 359 1891 auctorem
373 1848 427 1890 nos
443 1832 538 1891 divom
552 1831 712 1907 Augustum
728 1840 889 1907 secuturos,
908 1832 1145 1908 descrIptionem·

152 1933 208 1992 que
225 1914 261 1973 ab
280 1931 316 1974 eo
338 1916 443 1975 luctam
457 1914 556 1975 Italiae
579 1916 668 1975 totius
688 1916 717 1975 in
737 1916 875 1991 regiones
891 1914 948 1990 XI,
970 1914 1024 1974 sed
1045 1915 1180 1978 ordinem

152 2015 188 2056 eo
206 1999 254 2076 qni
269 1998 382 2059 litorum
398 1998 556 2060 tractabat
576 1998 687 2060 urbium
702 2000 817 2078 quidem
831 2000 993 2059 vicinitates
1015 1999 1146 2059 oratione

151 2082 249 2160 utique
264 2098 465 2162 praepropera
481 2084 591 2143 servari
605 2100 664 2143 non
679 2100 781 2162 posse,
798 2084 896 2161 itaque
910 2083 1048 2143 interiore
1064 2092 1146 2161 parte

151 2165 342 2243 digestionem
359 2169 388 2227 ln
409 2168 519 2227 litteras
540 2168 669 2228 eiusdem
693 2185 749 2228 nos
773 2176 942 2243 secuturos,
969 2167 1146 2228 coloniarum

151 2252 295 2313 mentione
310 2252 420 2327 sIgnuta
442 2269 513 2329 quas
531 2252 581 2312 ille
597 2252 626 2311 iu
641 2269 679 2311 eo
694 2252 820 2329 prodidit
836 2268 965 2311 numero.
996 2269 1051 2310 nec
1074 2251 1160 2309 situs.

153 2336 339 2412 originesque
356 2336 493 2411 persequi
508 2335 594 2395 facile
611 2342 656 2393 est
669 2334 803 2411 Ingaunis
817 2334 970 2410 Liguribus
988 2334 1034 2409 (ut
1051 2333 1179 2394 cetarias

153 2418 330 2493 omittantur)
348 2433 419 2490 agro
437 2416 554 2475 triciens
571 2417 648 2475 dato.

110 2510 144 2565 47
215 2498 276 2574 (7.)
293 2496 380 2572 Igitur
395 2497 431 2556 ab
451 2514 532 2557 amne
549 2497 627 2557 Varo
643 2496 751 2557 Nicaea
770 2516 786 2557 a
801 2496 1030 2556 Massiliensibus
1046 2498 1144 2557 condi-

153 2593 227 2657 tum,
246 2580 356 2645 ,fluvius
370 2579 454 2656 Palo,
480 2579 574 2657 Alpes
593 2580 751 2658 populique
767 2579 887 2657 Inalpini
912 2580 1006 2641 multis
1026 2583 1144 2640 nomini·

152 2668 222 2740 bus,
247 2664 300 2725 sed
321 2682 450 2723 maxume
473 2660 623 2741 Capillati,
652 2664 761 2741 oppido
780 2663 995 2723 vediantiorum
1021 2666 1145 2724 civitatis

154 2748 313 2823 Cemenilo,
330 2757 429 2826 portus
445 2746 578 2807 Herculis
593 2746 738 2821 Monoeci,
763 2745 908 2823 Ligustina
923 2765 982 2808 nra.
1009 2746 1143 2824 Ligurum
1153 2770 1180 2813 cn

153 2830 337 2893 celeberrimi
349 2832 421 2896 ultra
432 2830 516 2909 Alpis
528 2830 659 2905 Salluvii,
670 2830 811 2905 lliciates,
824 2829 938 2904 Oxubii,
951 2832 1021 2891 citra
1032 2831 1146 2891 Veneni

152 2914 264 2975 Esturis
274 2916 338 2990 orti,
353 2914 505 2991 Vagienni,
518 2914 656 2990 Statielli,
667 2914 805 2988 Binbelli,
817 2913 944 2991 lllagelli,
962 2913 1145 2990 Caburiates,

154 2996 358 3074 Casmenates,
374 2998 535 3059 Velleiates
547 3007 575 3057 et
590 3014 710 3078 quorum
724 2999 831 3075 oppida
842 2998 871 3056 in
881 3016 932 3061 ora
948 3016 1088 3077 proxume
1103 2998 1144 3058 di-

109 3093 261 3147 tacemus.
293 3080 412 3142 Flumen
427 3081 708 3160 Rutuba,·oppidum
724 3081 831 3141 Album
845 3080 1020 3157 Intimilium,
1036 3083 1144 3142 llnmen

152 3163 273 3238 Illerula,
291 3165 426 3241 oppidum
442 3166 548 3226 Album
561 3164 727 3241 Ingaunum,
746 3174 847 3243 portus
861 3164 971 3227 Vadam
986 3166 1142 3239 Sabatium,
1152 3182 1178 3225 ss

151 3248 256 3307 llumen
267 3246 425 3321 Porcifera,
442 3250 579 3327 oppidum
590 3248 699 3323 Genua,
714 3248 818 3309 durius
833 3242 946 3324 Fertor,
960 3247 1140 3328 portusllel·

152 3331 246 3408 phinni,
264 3329 387 3405 'IIgullia
404 3331 488 3406 intus,
507 3341 536 3391 et
552 3334 677 3408 Segesta
693 3330 895 3409 TIgulliorum,
914 3333 1018 3392 dunen
1032 3330 1140 3405 lisera,

150 3413 282 3491 Liguriae
298 3413 371 3475 linis.
402 3412 428 3473 A
449 3423 534 3493 tergo
548 3424 649 3477 autem
673 3416 921 3495 supradictorum
942 3416 1064 3475 omnium
1083 3418 1141 3493 Ap-
