2542 3842
189 197 249 262 258
377 177 379 184 ¹
531 214 561 262 c.
578 214 675 260 rnmn
689 211 839 259 succuum
864 253 868 260 .

191 364 378 442 coccolobin,
393 365 451 426 boc
465 364 576 427 melior.
607 365 661 426 sed
677 377 706 426 et
720 376 835 427 aunmra
850 365 950 424 transit
963 365 993 424 in
1006 363 1138 425 dulcem
1157 385 1211 426 ve-

189 457 311 526 tustate,
326 459 358 510 et
373 463 447 528 quae
460 449 553 510 dulcis
568 449 621 510 init
630 451 661 509 in
674 451 878 510 austeritatem.
905 457 973 508 tunc
986 445 1113 509 Albano
1133 451 1209 509 vino

189 533 374 594 aemulantur.
398 534 514 596 tradunt
535 535 652 595 vesicae
666 533 742 592 vitiis
756 533 936 593 utilissimum
956 550 995 590 ex
1014 533 1062 592 lnin
1082 543 1207 611 potum

147 627 180 684 tl
191 615 325 678 Alboelic
340 618 455 678 summis
472 616 623 678 arboribus
638 617 762 678 fertilior
779 625 840 692 est,
864 615 971 675 visulla
982 615 1058 674 imin
1096 635 1205 696 qnam

190 699 291 762 obrem
310 702 389 762 cirea
418 701 534 762 eaedem
555 710 638 762 satae
663 700 831 760 diversitate
851 708 972 759 numne
994 699 1223 778 locupletando

190 783 372 846 hominumn
398 803 416 846 e
439 786 529 862 nigris
552 783 757 864 appellavere,
784 784 884 844 iustius
913 783 1042 842 sobrium
1072 783 1200 858 dicturi,

189 870 350 934 inveterato
377 871 535 948 praecipue
561 867 818 931 commendabilem
844 868 920 926 vino·
934 867 989 926 sed
1011 865 1134 928 viribus
1161 870 1199 928 in·

148 962 182 1016 32
193 953 324 1028 noxium,
345 951 487 1032 siquidem
502 953 696 1012 temulentiam
712 952 775 1012 sola
787 969 845 1010 non
860 951 939 1012 iacit
963 951 1017 1029 [nl
1040 949 1199 1012 Fertilitas

190 1035 372 1098 commendat
401 1043 514 1098 ceteras
543 1037 761 1116 principemque
784 1034 1001 1096 helvennaca
1042 1035 1106 1096 duo
1136 1039 1199 1096 eins

189 1138 313 1198 genera:
343 1120 449 1197 maior,
472 1134 555 1200 ιῐιιιιιι
570 1120 686 1200 quidum
701 1120 832 1197 longam,
852 1120 945 1180 minor
958 1135 1046 1197 qnam
1059 1136 1219 1182 marcumo

190 1203 354 1284 appellant,
375 1221 433 1264 uon
454 1211 510 1266 tam
525 1204 676 1265 becedam
694 1204 745 1264 sed
760 1205 918 1280 gratiorem
932 1195 1045 1262 haustu.
1079 1204 1197 1264 discer-

189 1291 263 1348 nitur
279 1287 349 1348 lolio
364 1289 522 1365 circinato,
537 1302 636 1348 verum
653 1297 774 1365 utraque
787 1287 916 1364 gracilis.
946 1286 1046 1346 luceas
1060 1288 1197 1348 subdere

190 1371 235 1434 luis
251 1373 466 1448 necessarium,
491 1372 598 1451 alioqui
617 1372 778 1432 ubertatem
794 1385 874 1430 sum
887 1385 945 1430 nnn
958 1369 1102 1434 tolerant.
1137 1392 1196 1432 ma·

147 1457 286 1522 ttritimo
309 1453 415 1518 adflatu
435 1456 578 1533 gandent,
601 1457 718 1516 roseida
741 1454 842 1518 odere.
876 1453 954 1514 nulia
973 1454 1077 1514 uitium
1102 1459 1196 1516 minus

188 1537 298 1600 ltaliam
319 1548 411 1617 amat,
432 1557 515 1614 rara,
541 1555 648 1619 parua,
668 1548 841 1618 putrescens
860 1539 891 1597 in
909 1545 961 1611 et,
980 1537 1049 1596 uiuo
1070 1555 1218 1618 quoquere

190 1624 267 1702 quod
288 1625 389 1700 genuit
408 1631 547 1684 aestatem
567 1641 625 1684 nou
640 1641 836 1700 exsuperans,
857 1639 914 1682 nec
928 1620 986 1681 alia
1000 1639 1108 1684 mauro
1126 1625 1193 1684 solo

189 1705 364 1766 familiarior.
393 1703 569 1782 Graecinus,
592 1707 641 1785 qui
661 1706 769 1783 alioqui
790 1704 956 1766 Cornelium
970 1703 1094 1766 Celsum
1115 1717 1191 1767 tran·

189 1788 328 1932 {illle
344 1781 800 1952 illitlllitlitttlt
811 1787 1112 1936 “litt‘iltdt
1130 1791 1189 1933 :ti

188 1953 314 2031 absumi,
335 1955 361 2016 sl
384 1973 441 2018 non
464 1958 649 2036 praepinguis
665 1945 726 2018 'soli
741 1957 860 2017 ubertas
875 1956 1089 2018 lassescentem
1105 1959 1219 2019 susti-m

188 2048 264 2102 neat.
293 2035 492 2102 carbunculari
506 2051 642 2119 negatur,
658 2058 761 2118 magna
773 2041 857 2116 dote,
875 2041 900 2099 si
913 2057 1014 2100 rerum
1029 2051 1077 2102 est
1093 2043 1191 2122 aliqua

145 2125 219 2189 etin
240 2124 299 2182 vite
324 2127 408 2187 caelo
424 2142 480 2184 non
501 2141 568 2186 esse
590 2127 643 2185 ius.
671 2125 723 2204 [6.]
751 2125 871 2186 Acetum
885 2124 942 2184 lert
956 2126 1090 2203 spionia,
1108 2145 1193 2206 quam

189 2204 301 2287 quidam
327 2209 456 2288 spineam
482 2218 603 2284 vocant,
636 2210 819 2286 autumnique
846 2207 985 2269 imbribus
1009 2209 1189 2286 pinguescit.

189 2290 341 2369 quinimmo
355 2289 468 2352 nebulis
482 2310 537 2352 une
551 2293 651 2367 alitur,
669 2291 707 2352 ob
721 2293 750 2353 id
762 2291 921 2352 Ravennati
933 2308 1006 2368 agro
1017 2294 1189 2370 peculiaris.
1227 2316 1228 2333 ι

187 2373 384 2436 Vermneularn
403 2376 477 2434 inter
497 2385 614 2452 optume
634 2375 855 2438 deflorescentis
873 2383 903 2435 et
924 2375 993 2436 ollis
1008 2379 1213 2453 apnssimsuu

189 2453 326 2536 Campani
341 2457 449 2518 malunt
470 2459 613 2521 surculam
627 2475 754 2535 vocare,
781 2459 830 2520 alii
845 2459 1011 2537 scapulam,
1031 2459 1193 2522 lamacine

187 2531 390 2616 numinianum,
411 2541 505 2604 nullas
520 2543 589 2602 viris
604 2543 737 2622 proprias
752 2541 922 2617 habentem,
942 2542 998 2602 sed
1014 2552 1103 2606 totam
1121 2563 1190 2622 per·

188 2625 253 2685 inde
273 2639 307 2682 ao
326 2624 421 2686 solum
436 2626 552 2702 valeat,
574 2625 749 2686 surrentinis
766 2633 862 2685 tamen
876 2626 1083 2690 efficacissima
1100 2631 1192 2689 testis

144 2716 179 2772 35
193 2707 324 2766 Vesuvio
335 2717 428 2770 tenus.
452 2707 492 2770 ibi
504 2709 578 2769 enim
592 2707 774 2786 llurpentina
785 2728 802 2768 e
814 2709 1089 2788 Siciliapotiscima,
1106 2731 1192 2792 quau

187 2789 390 2869 Pompeianam
404 2792 492 2872 aliqui
506 2802 627 2868 vocent,
643 2791 723 2854 latio
738 2792 849 2854 demum
864 2793 1009 2867 feracem,
1026 2797 1108 2857 sicut
1124 2797 1213 2859 hor-a

188 2874 272 2936 conia
291 2876 320 2934 iu
339 2871 495 2954 Campania
516 2885 633 2938 tautum.
666 2877 818 2938 ediverso
840 2895 978 2938 aroeraca
991 2877 1136 2956 Vergilio
1151 2902 1190 2943 ar·

186 2958 255 3034 gitis
272 2957 349 3020 dicta
360 2957 438 3020 ultro
452 2960 545 3020 solam
563 2960 665 3020 laetius
683 2961 767 3036 iacit,
782 2962 846 3038 ipsa
861 2970 960 3023 contra
975 2961 1083 3022 imbris
1098 2975 1131 3026 et
1148 2986 1190 3026 se·

186 3050 300 3103 nectam
311 3041 482 3118 fortissima,
498 3045 565 3116 nmo
577 3044 694 3122 quidem
707 3045 756 3104 vix
767 3061 858 3104 annua
872 3040 911 3104 ac'
922 3045 1041 3104 vilitatis
1062 3048 1190 3111 cibariae

187 3124 240 3185 sed
251 3125 383 3185 ubertate
395 3127 562 3205 praecipua.
579 3127 697 3188 'l'olerat
708 3136 739 3187 ct
750 3145 841 3188 annos
850 3129 976 3202 mettica,
986 3139 1098 3192 contra
1106 3151 1190 3194 omne

186 3205 266 3268 sidus
281 3207 449 3288 firmissima,
464 3210 548 3286 nigro
560 3211 660 3285 acino,
678 3211 751 3270 vinis
763 3213 791 3272 in
801 3220 946 3274 vetustate
956 3210 1216 3278 miesoentibus.³⁵

144 3294 179 3351 ³6
252 3289 280 3349 3.
298 3290 350 3367 [7.]
365 3288 403 3350 lit
418 3289 556 3352 hacteuus
569 3293 685 3370 publiea
700 3303 901 3371 suutqenera,
917 3303 1018 3354 cetera
1032 3302 1192 3376 reqionum

187 3369 375 3450 locorumque
391 3382 438 3432 aut
453 3391 490 3432 ex
507 3373 552 3433 his
567 3373 642 3434 inter
657 3394 690 3436 se
705 3377 901 3441 insita-mixta.
924 3377 1070 3456 siqnidem
1086 3381 1192 3447 Tuscis

187 3452 342 3528 peculiaris
370 3463 415 3514 est
437 3453 576 3516 Tudernis
605 3466 691 3534 atque
719 3460 869 3520 etiamnum
895 3459 1131 3535 Florentiaeiu
1159 3473 1192 3530 iis
