2542 3842
285 183 367 232 aar.
384 182 477 231 uisu.
492 182 568 232 vm.
584 177 686 233 t-lo
704 170 839 248 (7—10.)
1049 170 1091 230 t't

90 343 183 404 nistro
198 339 316 400 lemine.
344 337 384 397 itu
398 335 529 415 pendens
542 336 664 399 alterum
681 336 822 415 poplitem
833 336 935 396 dextra
950 335 1046 397 caedit
1057 354 1092 396 ac

92 432 250 506 praeacuta
269 422 387 501 bipenni
406 420 464 481 laoc
484 438 571 481 crure
584 421 697 481 tardato
713 420 883 499 profugiens
906 420 1024 481 alterius
1039 436 1091 498 po·

93 510 171 589 plitis
192 523 299 567 neruos
320 504 402 579 ierit,
426 513 530 564 ennom
552 505 716 582 praeceleri
741 493 912 587 pernicitale
936 521 1090 581 peragens.
1132 519 1134 523 ’

93 594 141 653 alii
158 593 264 651 tutiore
279 606 401 665 genere,
417 588 471 648 sed
485 590 579 666 magis
591 588 700 665 laliaci,
726 588 850 665 ingentis
867 605 950 647 arcus
966 589 1092 647 intentos

69 676 223 752 ndefigunt
238 674 314 733 humi
329 673 455 748 longius.
488 672 544 733 lro‘s
566 674 716 751 praecipui
739 671 847 731 viribus
868 673 987 732 iuuenes
1003 672 1091 731 conti·

93 770 178 835 nent⁷
202 758 251 819 alii
272 757 368 817 conixi
388 757 452 834 pari
473 766 576 817 conatu
597 757 772 817 contendunt
793 772 827 815 ac
843 756 1092 833 praetereuntibus

94 846 263 922 sagittarum
273 838 417 900 venabula
425 840 556 918 infigunt,
567 855 635 900 mox
648 841 793 917 sanguinis
802 840 935 916 uestigiis
946 848 1091 899 secuntur.

87 985 90 991 .
159 927 189 988 9.
209 925 272 1005 (9.)
292 924 519 1003 Elephantorum
534 926 653 1001 generis
670 924 793 983 feminae
812 923 901 982 multo
916 923 1092 1001 pavidiores.
1102 926 1135 983 27

95 1012 245 1073 domantur
264 1018 359 1069 antem
382 1007 473 1068 rabidi
494 1009 570 1069 lamo
585 1018 615 1067 et
635 1008 824 1082 verberibus,
847 1006 1010 1085 elephantis
1031 1008 1093 1066 aliis

60 1121 85 1161 sn
95 1096 220 1155 admotis
240 1094 287 1171 qui
309 1092 523 1152 tumultuantem
549 1093 659 1153 catenis
677 1100 842 1152 coerceant.
878 1100 907 1151 et
927 1092 999 1161 alias
1017 1088 1095 1151 circa

96 1180 191 1239 coitus
212 1194 342 1237 maxume
364 1175 520 1237 efferantur
541 1186 570 1235 et
592 1175 705 1237 stabula
725 1175 858 1235 ludorum
871 1174 1005 1234 dentibus
1020 1183 1093 1233 ster·

94 1271 173 1323 nunt.
203 1267 381 1342 quapropter
407 1270 508 1321 arcent
529 1278 595 1319 cosa
611 1262 687 1319 coitu
712 1259 937 1337 feminarumque
958 1259 1096 1337 pecuaria

96 1355 246 1425 separant,
274 1361 348 1422 quae
375 1342 444 1404 haut
468 1343 525 1404 alio
548 1344 635 1403 modo
661 1362 745 1423 quam
772 1352 963 1403 armentorum
977 1341 1093 1401 habent.

98 1431 196 1491 domiti
218 1427 339 1489 militant
354 1435 383 1486 et
399 1429 485 1485 turris
501 1436 674 1487 armatorum
697 1428 725 1485 iu
741 1426 952 1500 dominicium,
980 1442 1095 1502 magna·

65 1534 157 1593 unque
180 1519 323 1591 exparte
356 1512 475 1571 orientis
500 1511 578 1572 bella
603 1512 765 1571 coniciunt
797 1518 983 1589 prosternunt
1004 1510 1094 1582 acies,

98 1605 250 1677 proterunt
275 1604 410 1655 armatos.
450 1595 536 1655 iidem
564 1596 687 1655 minumo
714 1596 773 1653 suis
805 1594 929 1655 stridore
953 1601 1096 1652 terrentur

97 1680 300 1759 volneratique
318 1688 347 1739 et
362 1680 452 1739 territi
464 1688 544 1739 retro
559 1696 677 1758 semper
693 1678 798 1739 cedunt
819 1678 887 1739 hant
905 1678 1016 1737 minore
1031 1693 1095 1755 par·

97 1767 166 1826 tium
188 1781 303 1825 suarum
324 1762 463 1841 pernicie.
496 1762 622 1825 Indicum
645 1763 737 1823 dirici
760 1772 866 1840 pavent
889 1778 946 1821 nec
966 1760 1096 1821 contueri

98 1848 215 1923 audent,
237 1864 301 1907 nam
316 1856 346 1905 et
359 1848 449 1907 maior
463 1845 568 1907 Indicis
582 1843 748 1925 magnitudo
764 1856 818 1905 est.

62 1959 90 2004 20
165 1931 211 1991 10.
230 1930 314 2009 (10.)
335 1929 445 1989 Decem
461 1933 541 1990 annis
552 1940 670 2008 gestare
682 1932 709 1989 in
722 1939 803 1989 utero
815 1930 921 2005 volgus
933 1929 1139 2002 existumetis

98 2012 276 2076 Aristoteles
292 2012 418 2088 biennio,
435 2032 490 2074 nec
501 2015 623 2091 amplius
634 2032 720 2091 quam
732 2013 823 2071 semel
836 2015 957 2088 gignere
970 2009 1097 2089 plurisve
1110 2016 1111 2021 ’

99 2117 184 2179 mam
208 2095 354 2174 singulos,
384 2099 484 2157 uiuere
505 2098 625 2157 ducenis
642 2099 721 2155 aunis
746 2106 774 2155 et
796 2096 934 2173 quosdam
960 2096 1097 2153 trecenis.

98 2187 214 2243 inuenta
226 2198 353 2241 eoruma
368 2182 551 2257 sexagesimo
563 2182 670 2281 incipit.
689 2178 817 2239 Gaudent
830 2177 1101 2238 amnibnsmexumo

100 2277 131 2328 et
149 2267 227 2327 circa
242 2264 345 2325 duvios
360 2273 515 2341 vagantur,
532 2282 596 2323 cum
621 2264 747 2339 alioquin
764 2280 834 2323 nare
855 2270 976 2339 propter
990 2263 1097 2337 magni·

64 2351 228 2415 uetudinem
254 2349 387 2425 corporis
416 2365 473 2407 non
503 2349 623 2425 possint.
656 2346 740 2405 iidem
771 2346 889 2423 lrigoris
915 2346 1102 2423 inpatientes.

85 2450 262 2498 smaxnmum
276 2431 333 2491 hoc
348 2431 461 2492 malum.
485 2432 716 2507 inflationemque
731 2440 762 2491 et
777 2430 947 2509 profluvium
969 2429 1026 2489 alui
1043 2444 1102 2487 nec
1204 2430 1212 2449 ⁸

6 2544 9 2551 ·
101 2517 159 2579 alia
174 2515 339 2575 morbomm
356 2533 466 2592 genera
487 2516 618 2575 sentiunt.
654 2516 712 2574 olei
727 2524 796 2593 potu
818 2514 876 2575 tela
891 2532 966 2591 quae
982 2510 1104 2591 corpori·

102 2617 203 2661 eorum
223 2599 391 2676 inhaereant
417 2600 554 2659 decidere
575 2600 702 2672 invenio,
723 2617 739 2658 a
755 2599 860 2657 sudore
875 2606 970 2655 autem
984 2596 1098 2657 lucilius

102 2684 327 2746 adhaerescere.
360 2693 389 2742 et
412 2693 517 2743 terram
539 2682 636 2746 edisse
655 2683 699 2743 his
717 2682 862 2743 tabificum
882 2688 942 2752 est,
965 2682 1018 2739 nisi
1034 2688 1141 2743 sae-ao
1218 2714 1221 2737 .

64 2771 169 2848 30pius
188 2765 330 2827 mandant.
361 2767 502 2827 devorant
523 2776 617 2827 autem
639 2771 668 2825 et
689 2765 811 2844 lapides.
843 2773 961 2822 truncos
985 2765 1100 2839 quidem

101 2852 267 2930 gratissimo
282 2851 311 2909 in
328 2849 424 2909 cibatu
440 2850 555 2911 habent.
588 2850 696 2927 palmas
719 2849 901 2909 excelsiores
923 2846 1017 2905 fronte
1031 2860 1098 2922 pro-

102 2945 242 3010 sternunt,
260 2943 347 3012 atque
362 2934 401 2993 ita
414 2935 565 2996 iacentium
579 2932 729 2991 absumunt
740 2932 873 2991 fructum.
888 2928 1021 2989 mandunt
1036 2945 1099 3005 ore,

103 3021 214 3099 spirant
225 3027 255 3079 et
267 3017 367 3077 bibunt
382 3016 594 3094 odoranturque
607 3016 674 3075 haut
686 3016 835 3093 inproprie
846 3012 991 3092 appellata
1005 3028 1098 3071 mann.
1194 3057 1203 3079 .

103 3103 276 3164 Animalinm
298 3117 429 3161 maxume
451 3102 541 3161 odere
557 3117 675 3173 murem,
701 3108 730 3158 et
746 3099 769 3157 si
785 3096 920 3175 pabulum
934 3098 962 3155 in
980 3112 1101 3174 praese·

67 3188 153 3271 ³g,pio
169 3188 293 3264 positum
309 3185 409 3261 attingi
426 3182 463 3244 ali
477 3201 514 3243 eo
529 3184 630 3243 videre
644 3183 798 3243 fastidiunt.
819 3182 974 3241 cruciatum
991 3181 1020 3238 in
1031 3188 1100 3257 potu

104 3288 264 3331 maxumum
279 3270 404 3329 sentiunt
417 3268 518 3328 hausta
532 3268 678 3342 hirudines
690 3284 775 3343 quam
789 3266 992 3341 sanguisugam
1008 3263 1099 3338 volgo

106 3355 244 3431 coepisse
260 3352 402 3431 appellari
420 3352 549 3412 adverto.
586 3351 659 3411 haec
674 3346 723 3413 ubi
745 3351 861 3427 inipso
882 3350 991 3409 animae
1008 3346 1102 3406 canali

106 3456 140 3499 se
157 3438 229 3514 lixit,
244 3435 425 3497 intolerando
440 3425 536 3496 adlicit
551 3433 663 3495 dolore.
682 3434 869 3496 Durissimunr
885 3433 973 3493 dorso
990 3439 1144 3507 tergendo
