2542 3842
164 158 206 219 46
509 167 540 214 c.
558 168 652 215 rursu
669 166 818 214 saeuum

166 326 337 383 iacerentur.
367 338 498 398 magnrun
510 330 541 380 et
561 323 589 379 in
603 322 696 381 altero
718 320 883 380 miraculum
899 319 952 379 luit
967 336 1022 379 uno
1039 320 1095 380 ictu
1113 337 1163 380 oc-

163 410 239 481 ciso,
256 406 343 484 pilum
366 414 460 464 autem
482 405 536 463 sub
551 405 639 464 oculo
657 406 788 464 adactum
803 406 831 463 in
842 403 939 465 vitalia
955 405 1058 482 capitis
1073 422 1162 464 vene·

91 535 94 539 -
123 502 155 555 21
168 501 219 552 rat.
247 491 374 548 universi
389 490 568 567 eruptionem
583 496 774 567 temptavere,
787 505 845 547 uon
860 488 922 547 sinc
937 489 1092 549 vexatione
1109 505 1163 567 po·

167 574 237 652 puli,
249 574 432 632 circumdetis
449 571 565 631 clathris
580 572 694 631 ierreis.
718 588 773 650 qua
788 572 825 631 de
841 589 927 632 causa
943 570 1053 631 Caesar
1071 572 1162 631 dicta-

166 668 212 716 tor
229 666 332 734 postea
347 656 439 714 simile
460 656 658 733 spectaculum
681 657 807 716 editurus
827 656 934 733 euripis
954 655 1090 715 harenam
1107 657 1189 718 cir-s

166 742 326 814 cumdedit,
349 757 422 817 quos
443 738 523 797 Nero
545 741 683 817 princeps
705 739 818 797 sustulit
842 740 930 817 equiti
953 739 1018 799 loca
1041 738 1161 798 addens.

167 824 218 883 sed
235 824 399 901 Pompeiani
415 824 519 881 amissa
535 823 623 899 lugae
638 840 690 900 spe
708 822 935 882 misericordiam
953 821 1033 899 volgi
1048 824 1162 882 inenar-

166 908 248 967 rabili
268 907 365 966 babitu
384 915 559 983 quaerentes
582 907 786 984 supplicavere
821 906 943 984 quadam
964 922 1032 965 sese
1054 906 1161 965 lamen-

166 993 273 1051 tatione
295 990 531 1067 complorantes,
528 998 613 1048 tauto
632 990 732 1069 populi
747 988 850 1049 dolore
866 997 896 1048 ut
911 988 1046 1049 oblitus'
1038 1008 1161 1087 nupera·
1252 1026 1253 1077 ,

67 1125 78 1146 ,
166 1077 237 1134 toris
252 1092 287 1135 ac
305 1074 514 1133 munificentiae
530 1073 633 1133 honori
655 1091 706 1133 suo
724 1074 885 1152 exquisitae
907 1072 979 1133 dens
1009 1074 1160 1133 universus
1174 1088 1197 1129 ro
1252 1086 1253 1109 ³

167 1166 357 1233 consurgeret
374 1144 510 1235 dirasque
524 1156 661 1235 Pompeio
683 1174 753 1235 quas
769 1157 818 1217 ille
837 1173 905 1215 mox
926 1156 1003 1215 luit
995 1156 1161 1234 mprecare-

124 1252 222 1303 titur
266 1258 435 1319 pugnavere
459 1252 488 1300 et
509 1238 629 1300 Caesari
656 1240 788 1301 dictatori
812 1242 897 1300 tertio
924 1240 1074 1299 consulatu
1098 1242 1162 1298 eius
1216 1258 1218 1263 ·

165 1326 383 1404 viginti-contra
404 1326 518 1402 pedites
535 1326 724 1403 quingentos,
746 1326 904 1401 iterumque
927 1324 1047 1383 totidem
1069 1324 1161 1383 turriti

59 1435 64 1446 1
166 1430 229 1469 cnm
248 1409 405 1483 sexagenis
429 1408 693 1487 propugnatoribus
715 1408 819 1468 eodem
844 1424 901 1484 quo
924 1410 1021 1485 priore
1042 1424 1160 1467 numero

167 1494 293 1573 peditum
312 1501 342 1550 et
357 1493 419 1568 pari
437 1493 562 1573 equitum
585 1510 623 1551 ex
644 1492 767 1551 adverso
785 1491 953 1565 dimicante,
978 1501 1081 1569 postea
1104 1492 1195 1552 sin-15

166 1578 225 1654 guli
240 1575 417 1651 principibus
434 1566 555 1634 claudio
576 1584 606 1634 et
619 1574 752 1633 Neroni
743 1592 771 1633 rn
788 1576 1030 1633 consummatione
1051 1567 1161 1653 gladia·

123 1673 157 1725 23
168 1672 270 1719 torum
301 1656 394 1733 lpsius
409 1658 537 1733 animalis
553 1666 629 1717 tanta
644 1666 774 1717 narratur
787 1658 937 1716 clementia
956 1667 1054 1717 contra
1069 1660 1163 1717 minus

165 1740 278 1801 validos
291 1742 346 1797 ut
337 1758 365 1797 rn
380 1758 473 1816 grege
488 1726 629 1818 pecudum
651 1741 830 1800 occurrentia
852 1757 934 1799 manu
950 1740 1106 1817 dimoveat,
1125 1760 1162 1800 ne

167 1824 243 1903 quod
259 1831 373 1900 opterat
387 1824 552 1902 inprudens
578 1842 633 1884 nec
648 1826 702 1883 nisi
723 1824 850 1883 lacessiti
872 1832 978 1882 nocent
993 1824 1080 1901 idque
1097 1842 1163 1883 cum

166 1908 307 1983 gregatim
331 1923 448 1984 semper
475 1906 635 1982 ambulent,
668 1910 791 1967 minume
812 1926 850 1967 ex
871 1906 1001 1967 omnibus
1023 1906 1160 1985 solivagi.
1171 1926 1194 1967 ao

167 1992 294 2067 equitatu
312 1991 496 2049 circumventi
512 1991 639 2051 infirmus
655 2000 702 2062 aut
716 1993 812 2051 lessus
827 1991 1064 2051 volneratosve'
1056 2008 1084 2049 ru
1101 2010 1162 2051 rne-

166 2076 242 2134 dium
263 2090 366 2150 agmen
377 2075 529 2153 recipiunt,
547 2092 581 2135 ac
596 2076 698 2135 velut
688 2078 811 2154 imperio
833 2085 880 2137 aut
894 2076 1005 2135 ratione
1020 2092 1073 2151 per
1088 2077 1163 2135 vicis

167 2158 333 2222 subeuntes.

123 2253 158 2305 it
226 2242 256 2302 8.
284 2241 347 2320 (8.)
371 2242 454 2339 (lepti
485 2243 637 2302 celerrime
661 2214 841 2303 mitificantur
871 2243 973 2303 hordei
998 2258 1079 2301 suco.
1112 2258 1161 2299 ca·

165 2328 278 2403 piantur
299 2334 393 2383 autem
414 2327 443 2382 in
462 2324 540 2384 lndia
558 2343 642 2385 unum
665 2345 702 2385 cx
719 2327 832 2387 domitis
847 2336 953 2403 agente
973 2334 1089 2385 rectore
1110 2326 1198 2401 quiae

166 2407 378 2485 deprehensum
394 2406 551 2466 solitarium
568 2410 736 2468 abactumve
759 2428 774 2468 a
790 2427 882 2488 grege
904 2410 1041 2469 verberet
1057 2409 1162 2484 lerum,

166 2507 223 2569 quo
239 2488 359 2563 fatigato
376 2491 575 2549 transcendit
566 2511 594 2550 rn
608 2510 672 2549 eum
694 2510 748 2551 nec
765 2510 850 2552 secus
879 2510 913 2551 ac
931 2493 1058 2571 priorem
1073 2493 1162 2568 regit.

165 2572 265 2631 Africa
281 2569 376 2631 foveis
391 2573 486 2651 capit,
508 2575 623 2651 inques
639 2574 790 2634 deerrante
807 2576 903 2654 aliquo
919 2577 1048 2654 protinus
1069 2578 1163 2635 ceteri

165 2664 325 2730 congerant
339 2674 445 2732 ramos,
458 2655 542 2716 molis
557 2659 724 2733 devolvunt,
736 2669 865 2736 aggeres
878 2668 1054 2735 construunt,
1070 2660 1162 2719 omui·
1252 2668 1253 2747 l

122 2749 223 2815 itque
245 2756 308 2816 ope
323 2751 464 2801 conantur
484 2741 647 2801 extrahere.
687 2752 752 2801 ante
774 2743 927 2804 domitandi
949 2744 1042 2821 gratia
1069 2761 1160 2822 reges
1172 2763 1195 2804 co
1252 2748 1253 2809 l

166 2824 291 2897 equitatu
308 2825 478 2921 cogebant
469 2826 616 2885 invallem
631 2827 832 2886 manufactam
849 2838 878 2887 et
895 2829 983 2904 longo
1000 2836 1093 2887 tractu
1108 2828 1162 2887 lal·
1252 2810 1253 2877 i

133 2904 268 2980 lacem,
287 2908 368 2965 cuius
382 2910 509 2969 inclusos
526 2910 596 2987 ripis
616 2910 762 3009 fossisque
784 2910 859 2971 fame
879 2911 1040 2971 domabant.
1075 2930 1162 2988 argu-

163 3000 287 3049 mentum
310 3000 373 3050 erat
387 3011 481 3052 ramus
503 2994 618 3052 bomine
641 2996 808 3072 porrigente
831 2993 989 3054 clementer
1009 3004 1161 3073 acceptus.

164 3091 239 3132 mune
254 3071 379 3133 dentium
394 3092 482 3136 causa
497 3076 590 3154 pedes
606 3094 706 3136 eorum
725 3078 883 3137 iaculantur
904 3078 1030 3175 alioquin
1048 3078 1162 3137 mollis-

122 3159 264 3218 hommes
298 3155 484 3235 Trogodytae
500 3162 667 3220 contermini
679 3159 868 3239 Aethiopiae,
889 3162 935 3238 qui
955 3160 1011 3219 hoc
1027 3161 1092 3219 solo
1110 3180 1161 3220 ve·
1172 3184 1195 3225 os

164 3249 230 3298 natu
245 3239 369 3314 aluntur,
387 3245 565 3319 propinquas
576 3245 671 3302 itineri
693 3261 791 3303 eorum
807 3244 1003 3305 conscendunt
1024 3244 1161 3305 arbores.

164 3322 230 3381 inde
245 3325 333 3381 totius
350 3327 469 3400 agminis
485 3327 667 3385 novissimum
689 3328 830 3403 speculati
852 3336 994 3387 extremas
1020 3329 1048 3385 in
1067 3330 1162 3391 clunis
1252 3374 1253 3385 ,

165 3403 312 3476 desiliunt.
345 3404 431 3465 laeva
444 3406 669 3483 deprehenditur
685 3410 784 3483 cauda,
803 3411 894 3487 pedes
916 3414 1055 3489 stipantur
1077 3416 1106 3472 in
1122 3416 1161 3473 si·
