2542 3842
163 179 205 240 60
511 188 540 235 o.
559 188 656 235 rann
671 187 820 235 sacurem

162 364 247 404 unum
263 344 395 421 quamdiu
412 343 490 402 vivat
504 361 640 403 crescere
667 342 848 403 arbitrantur.
880 344 949 401 vivit
962 352 1057 403 autern
1072 342 1154 421 longo

161 438 304 489 temore.
335 479 338 486 .

119 525 153 578 95
221 447 323 591 Ῑὲ39.)Ι
334 510 426 571 llaior
441 511 589 572 altitudine
601 513 628 569 in
641 511 744 570 eodem
758 506 825 571 Nilo
838 511 923 571 belua
937 512 1155 590 hippopotamus

162 598 268 671 editur,
285 597 397 673 ungulis
415 596 488 655 binis
504 596 606 674 quales
621 594 724 670 bubus,
741 597 828 655 dorso
846 598 912 675 equi
929 606 958 655 et
975 596 1039 657 iuba
1057 606 1085 655 et
1100 597 1155 656 bin·

160 685 231 757 nitu,
249 690 346 740 rostro
363 682 482 754 resimo,
500 680 589 739 cauda
605 689 635 738 et
659 680 791 740 dentibus
815 697 949 758 aprorum
968 681 1086 741 aduncis
1108 681 1174 740 sads

161 768 252 827 minus
267 767 373 840 noxiis,
385 766 511 841 tergoris
521 765 556 823 ad
569 774 649 823 scuta
662 765 822 843 galeasque
835 764 1062 843 inpenetrabilis,
1077 783 1155 843 prae·

161 860 292 929 terquam
315 852 339 908 si
356 866 456 909 umore
480 849 621 907 madeant.
653 846 817 927 depascitur
835 859 953 926 segetes
969 849 1156 909 destinatione

163 944 239 1010 ante,
257 943 288 994 ut
309 933 418 1008 ierunt,
442 933 644 993 determinatas
660 934 687 991 in
712 934 786 993 diern
810 941 839 991 et
863 952 900 993 ex
914 951 985 1011 agro
1002 933 1156 993 ferentibus

161 1020 303 1095 vestigiis,
320 1036 356 1077 ne
372 1034 447 1096 quae
465 1020 622 1076 revertenti
636 1018 757 1077 insidiae
773 1027 977 1095 conparentur.

68 1120 77 1133 ⁸
120 1115 153 1169 96
225 1104 274 1163 26.
293 1104 376 1181 (40.)
394 1102 503 1162 Primus
520 1120 583 1160 eum
595 1110 623 1159 et
638 1104 763 1180 quinque
780 1088 945 1161 crocodilos
957 1100 1066 1161 Rornae
1081 1102 1154 1161 aedi-
1169 1116 1189 1155 1⁰

162 1188 249 1248 litatis
265 1205 334 1245 suae
351 1186 424 1245 ludis
440 1184 478 1245 lt.
490 1187 617 1245 Scaurus
632 1187 807 1264 temporario
824 1188 925 1264 euripo
942 1185 1076 1245 ostendit.
1092 1184 1157 1264 Hip·

162 1282 334 1351 popotamus
348 1274 377 1329 in
393 1270 514 1348 quadam
529 1270 661 1329 medendi
677 1279 760 1349 parte
782 1272 864 1329 etiam
888 1273 1025 1347 magister
1041 1272 1156 1330 exstitit.

162 1356 280 1415 adsidua
294 1372 417 1433 namque
435 1356 569 1414 satietate
581 1354 688 1413 obesus
711 1356 771 1413 exit
787 1356 815 1412 in
833 1355 899 1413 litus
916 1355 1042 1413 recentis
1057 1354 1157 1413 haran·
1198 1368 1202 1381 ⁸

162 1440 255 1499 dinum
273 1456 408 1498 caesuras
425 1438 603 1517 speculatum
618 1448 704 1515 atque
726 1438 774 1495 ubi
793 1440 985 1497 acutissimum
1002 1438 1081 1497 videt
1097 1442 1158 1498 stir-

161 1541 227 1602 pem
244 1524 398 1598 inprimens
418 1540 524 1598 corpus
542 1540 644 1581 venam
667 1522 805 1600 quandam
822 1524 849 1581 in
866 1540 948 1581 crure
970 1522 1102 1581 voluerat
1120 1532 1157 1582 at·
1170 1533 1193 1573 1⁵

77 1676 85 1693 .
162 1625 218 1684 que
235 1608 272 1664 ita
295 1605 437 1682 prolluvio
455 1608 600 1681 sanguinis
620 1606 778 1664 morbidum
801 1606 871 1664 alias
888 1623 994 1683 corpus
1022 1616 1161 1667 exonerat

162 1700 191 1749 et
205 1689 318 1767 plagam
339 1689 406 1747 limo
421 1706 520 1746 rursus
536 1689 662 1749 obducit.

119 1784 153 1840 97
225 1770 274 1830 27.
293 1773 376 1850 (41.)
400 1772 499 1830 Simile
520 1772 652 1849 quiddam
674 1782 702 1831 et
717 1773 845 1831 volucris
860 1773 886 1830 in
905 1772 1005 1831 eadem
1021 1773 1161 1852 Aegypto
1252 1778 1253 1857 l

161 1857 340 1929 monstravit,
358 1873 432 1934 quae
447 1865 568 1914 vocatur
582 1856 652 1931 ibis,
664 1858 750 1915 rostri
766 1857 927 1915 aduncitate
947 1874 999 1933 per
1015 1874 1078 1915 eam
1096 1876 1162 1934 par·
1253 1893 1254 1949 p

161 1949 219 1998 tem
234 1958 268 1998 se
284 1940 421 2017 perlaens
442 1956 497 2018 qua
519 1940 601 2000 reddi
629 1940 758 2021 ciborum
782 1957 870 2001 onera
893 1950 1023 1999 maxume
1045 1940 1195 2002 salubrem

162 2033 215 2083 est
247 2022 309 2083 Nec
323 2024 396 2084 haec
411 2024 474 2084 sola
489 2026 572 2083 mutis
589 2025 757 2084 animalibus
772 2034 889 2101 reperta
906 2034 969 2083 sunt
985 2027 1048 2084 usui
1066 2024 1162 2085 lutura

163 2108 317 2167 ethomini.
335 2109 505 2168 dictamnum
519 2109 639 2168 herbam
658 2108 841 2169 extrahendis
858 2110 969 2185 sagittis
989 2110 1068 2167 cervi
1080 2126 1160 2168 mon-

75 2246 80 2258 ,
153 2202 293 2279 'stravere
316 2196 449 2271 percussi
474 2210 511 2253 eo
538 2193 597 2252 telo
615 2204 756 2272 pastuque
782 2193 965 2253 berbaeeius
991 2193 1097 2252 electo.
1121 2228 1159 2238 —

162 2277 248 2336 iidem
264 2279 396 2355 percussi
413 2278 615 2354 aphalangio,
640 2278 715 2355 qaod
739 2286 782 2336 est
804 2279 901 2337 aranei
916 2295 1025 2354 genus,
1047 2286 1095 2337 aut
1108 2277 1158 2335 ali-

162 2378 218 2439 quo
235 2359 318 2420 simili
344 2376 466 2417 cancros
488 2361 601 2420 edendo
620 2362 674 2419 sibi
695 2362 858 2421 medentur.
874 2394 915 2405 -
936 2371 981 2421 est
994 2370 1023 2419 et
1044 2363 1079 2421 ad
1098 2378 1197 2419 ser-25

161 2447 287 2524 pontium
301 2444 374 2500 ictus
386 2445 554 2520 praecipua,
573 2462 626 2521 qua
645 2463 677 2503 se
693 2445 793 2503 lacerti
810 2447 941 2521 quotiens
956 2462 1017 2504 curn
1030 2444 1073 2503 his
1092 2462 1161 2503 con-

118 2542 152 2595 98
164 2543 283 2589 seruere
299 2543 421 2603 pugnam
441 2527 583 2586 volnerati
608 2529 750 2587 refovent.
777 2527 966 2587 chelidoniam
988 2530 1059 2587 visui
1085 2529 1162 2587 salu-

160 2611 313 2672 berrimam
339 2610 504 2670 hirundines
530 2620 728 2670 monstravere
756 2615 868 2671 vexatis
897 2612 1040 2689 pullorum
1066 2612 1163 2671 oculis

160 2696 210 2755 illa
233 2694 393 2753 medentes.
425 2695 540 2754 testudo
564 2696 676 2754 cunilae
699 2712 783 2773 quam
805 2695 939 2755 bubulam
954 2705 1060 2755 vocant
1075 2704 1163 2773 pastu

159 2778 230 2836 viris
245 2787 345 2838 contra
361 2780 505 2857 serpentis
525 2779 651 2852 refovet,
673 2780 793 2839 mustela
811 2789 873 2839 ruta
888 2781 915 2838 in
937 2782 1053 2839 murium
1070 2798 1162 2841 vena·
1174 2792 1200 2833 3⁰

161 2871 217 2920 tam
242 2880 305 2920 cum
328 2864 363 2920 iis
381 2863 563 2923 dimicatione
579 2874 724 2943 conserta.
755 2865 866 2923 ciconia
882 2866 1020 2941 origano,
1050 2864 1184 2923 hedera'

160 2946 223 3023 apri
245 2946 274 3004 in
296 2946 405 3007 morbis
422 2947 477 3007 sibi
499 2948 650 3007 medentur
669 2957 698 3007 et
715 2965 838 3007 cancros
858 2948 1006 3007 vescendo
1028 2966 1165 3007 maxume

117 3031 232 3091 99mari
256 3026 377 3089 eiectos.
407 3033 510 3107 anguis
537 3031 658 3091 hiberno
681 3034 735 3097 situ
759 3031 921 3091 membrana
947 3033 1080 3109 corporis
1109 3031 1165 3091 ob·

160 3113 244 3173 docta
266 3112 385 3173 ianiculi
401 3132 471 3173 suco
494 3117 714 3193 inpedimentum
735 3116 805 3174 illud
822 3118 899 3174 exuit
915 3116 1079 3193 nitidusque
1095 3134 1165 3175 ver-

159 3207 216 3256 nat.
234 3197 324 3265 xexuit
341 3206 464 3257 autema
482 3203 575 3277 capite
589 3202 719 3279 primum,
737 3218 791 3258 nec
808 3199 933 3258 celerius
946 3217 1029 3276 qnam
1041 3216 1098 3257 uno
1113 3201 1202 3259 dieas

160 3290 190 3339 et
207 3289 310 3362 nocte,
327 3281 475 3357 replicans
496 3293 525 3340 ut
541 3284 685 3343 extrahat
705 3283 887 3343 membranae
911 3284 986 3360 qnod
1009 3282 1097 3342 luerit
1118 3285 1163 3342 in·

159 3372 214 3421 tus.
230 3364 306 3421 idem
322 3363 441 3422 hiberna
459 3364 568 3423 latebra
585 3370 647 3424 visu
665 3367 818 3425 obscurato
836 3368 979 3427 maratbro
998 3366 1109 3426 herbae
1124 3385 1162 3427 se

159 3445 303 3503 adfricans
321 3446 424 3503 oculos
442 3450 570 3521 inunguit
585 3467 619 3507 ac
639 3450 768 3525 refovet,
797 3451 822 3507 si
848 3468 919 3509 vero
944 3468 1079 3528 squamae
1103 3448 1159 3510 ob-
