2542 3842
202 101 263 162 266
543 112 573 159 o.
588 113 683 160 enno
702 111 850 160 succum

201 277 267 328 aute
285 268 475 328 maturitatem
492 267 651 344 decerptae
666 268 810 324 siccantur
826 267 886 324 acri
904 265 987 340 sole,
1004 275 1056 325 ter
1074 267 1131 326 die
1152 285 1215 325 ver·

201 361 281 412 satae
303 351 510 430 pertriduum,
533 359 636 428 quarto
660 350 870 427 exprimuntur,
892 348 960 408 dein
980 350 1011 408 in
1035 351 1128 409 cadis
1153 350 1214 408 sole

154 443 192 498 78
202 438 406 495 inveterantur.
437 433 490 493 Coi
504 431 639 494 marinam
655 449 758 510 aquam
773 433 930 509 largiorem
947 435 1085 494 miscent
1101 452 1122 492 a
1138 434 1214 492 servi

198 519 276 580 iurto
292 519 405 596 origine
423 528 486 579 orta
503 519 546 576 sic
561 534 723 576 mensuram
738 514 897 594 explentia,
920 516 1013 594 idque
1033 516 1213 576 translatum

198 605 227 663 iu
245 601 340 664 alltunn
357 612 477 662 lunatam
493 601 665 662 leucocoum
678 600 851 678 appellatae.
884 601 912 658 in
933 601 1000 659 aliis
1016 610 1130 660 autem
1146 599 1226 676 gen-c

199 687 275 746 dhus
290 686 374 745 simili
387 685 472 744 modo
487 684 593 744 lactum
608 682 871 743 tethalassomenon
886 693 1014 758 vocant,
1030 685 1210 743 thalassiten

198 780 293 830 autem
315 770 391 828 vasis
407 770 491 828 musti
505 768 627 826 deiectis
643 770 671 825 in
691 785 787 841 unare,
810 783 867 845 quo
888 783 1003 844 genere
1021 785 1172 844 praecox
1187 766 1209 823 it

153 861 338 918 itvetustas.
369 869 424 911 uec
441 869 497 911 non
517 851 594 928 apud
615 867 669 909 nos
685 867 802 928 quoqne
818 847 908 909 Coum
922 852 1024 909 tinum
1046 869 1092 909 ex
1109 850 1208 910 Italico

196 937 321 998 faciendi
340 937 478 994 rationem
503 933 575 993 Cato
601 934 818 1006 demonstravit,
846 927 935 1011 super
958 942 1071 992 cetera
1095 935 1128 991 in
1152 933 1208 992 sole

196 1021 382 1100 quadriennio
393 1016 587 1078 maturandum
598 1017 790 1094 praecipiens.
805 1005 945 1076 Rhodium
953 1013 1024 1075 (loo
1037 1017 1148 1076 simile
1162 1021 1226 1087 est,t

195 1103 367 1164 Phorineum
383 1101 488 1160 salsius
501 1100 574 1160 Coo.
599 1102 691 1158 omnia
706 1100 889 1158 transmarina
900 1100 967 1159 nina
986 1109 1119 1178 septem
1136 1099 1208 1158 annis

195 1188 231 1248 ad
248 1193 418 1246 vetustatem
433 1185 555 1244 mediam
570 1185 724 1261 pervenire
738 1183 943 1240 existimantur.

148 1278 188 1332 80
257 1270 287 1328 9.
309 1267 392 1346 (11.)
418 1267 520 1326 Vinum
535 1284 619 1327 omne
630 1266 715 1326 dulce
729 1267 820 1323 minut
832 1264 996 1341 odoratum,
1012 1283 1080 1343 quo
1093 1267 1207 1324 tenuius

130 1397 133 1400 -
195 1370 232 1412 eo
248 1351 405 1411 odoratius.
435 1349 552 1410 colores
566 1351 640 1408 vinis
653 1357 801 1427 quattuor:
822 1347 920 1424 albus,
938 1349 1065 1424 iulvos,
1093 1349 1207 1425 sangui·

194 1455 282 1511 neus,
304 1434 396 1510 niger.
426 1433 562 1494 Psithium
585 1442 614 1491 et
633 1431 870 1508 melampsithium
892 1433 974 1509 passi
995 1449 1125 1510 genera
1149 1439 1225 1490 cunti

194 1538 247 1582 suo
265 1535 387 1597 sapore,
411 1533 468 1576 non
489 1517 562 1590 vini,
587 1515 751 1589 Scylaelitas
771 1531 843 1574 vero
861 1515 945 1595 mulsi
968 1516 999 1574 in
1018 1515 1147 1576 Galatia
1164 1531 1206 1572 na·

193 1621 295 1677 scens,
319 1609 348 1658 et
369 1600 513 1658 Aluntiunn
534 1598 562 1656 in
583 1599 691 1656 Sicilia.
726 1615 789 1656 nam
811 1598 953 1672 siraedm,
977 1599 1067 1678 quod
1091 1599 1147 1659 alii
1160 1598 1206 1656 hc·

193 1703 309 1763 pserna,
330 1683 420 1740 nostri
435 1697 534 1757 sapam
551 1680 715 1758 appellant,
738 1681 835 1756 ingeni
849 1697 906 1738 non
924 1691 1055 1741 naturae
1071 1684 1146 1760 opus
1160 1687 1205 1737 est

191 1775 285 1824 musto
301 1779 392 1840 usque
409 1761 444 1820 ud
457 1763 570 1821 tertiam
585 1779 737 1820 mensurae
755 1763 889 1827 decocto.
921 1765 1005 1841 quod
1023 1765 1079 1824 ulti
1094 1765 1201 1822 iactum

190 1847 226 1906 ad
249 1845 390 1905 dimidiam
416 1853 475 1918 est,
503 1845 645 1904 defrutum
667 1861 821 1923 vocamus,
851 1849 945 1906 omnia
967 1849 999 1905 in
1025 1846 1233 1907 adulteriorum

145 1937 178 1994 ει
193 1929 288 1988 tuellis
303 1929 477 2004 excogitata.
506 1928 559 1988 sed
572 1929 668 2006 priora
684 1945 739 1986 uva
754 1937 890 2006 terraque
904 1939 1058 1989 constant.
1086 1929 1206 1988 Passum

190 2029 207 2071 a
223 2011 340 2072 Cretico
358 2008 489 2070 Cilicium
512 2010 651 2088 probatur
667 2020 697 2069 et
711 2010 839 2070 hiricunn
856 2020 885 2070 et
905 2013 933 2069 in
946 2011 1036 2072 ltalia
1062 2011 1205 2072 finitimis·

190 2111 246 2170 que
261 2094 427 2170 provinciis.
460 2093 523 2150 lieri
539 2103 648 2152 certum
665 2103 710 2151 est
723 2111 761 2151 ex
771 2111 827 2152 uua
842 2111 925 2170 quana
937 2094 1053 2154 Graeci
1067 2094 1206 2173 psithiam

187 2184 309 2249 vocant,
331 2192 384 2234 uos
408 2176 555 2252 apianarn,
576 2177 645 2234 item
669 2176 833 2252 scripulum.
864 2177 970 2236 diutius
994 2180 1027 2236 iu
1051 2180 1120 2236 vite
1144 2176 1205 2237 sole

187 2257 297 2315 adustis
311 2266 364 2314 aut
374 2255 498 2315 ferventi
515 2254 593 2316 oleo.
628 2257 741 2335 quidam
756 2277 794 2317 ex
807 2274 990 2336 quacumque
1007 2261 1118 2339 dulci,
1143 2261 1228 2319 dnus

188 2346 362 2415 praecocta,
379 2337 455 2412 alhs,
472 2338 580 2398 iaciunt
596 2342 742 2400 siccantes
757 2342 838 2415 sole,
853 2341 1059 2420 donec‘pnulo
1077 2343 1206 2422 amplius

142 2429 178 2482 82
190 2419 331 2478 dimidium
347 2421 460 2494 pondus
475 2424 617 2496 supersit,
633 2432 789 2501 tunsasque
804 2423 911 2483 leniter
922 2427 1113 2503 exprimunt.
1143 2426 1206 2485 dein

186 2508 320 2578 quantum
342 2515 519 2579 expressere
539 2505 665 2564 adiciunt
681 2506 809 2565 vinaceis
822 2523 916 2583 aquae
927 2517 1105 2587 puteauae,
1129 2513 1205 2566 utet

185 2577 386 2676 secundarium
402 2601 517 2661 pessunt
535 2586 652 2646 iaciant.
683 2588 883 2664 drligentiores
905 2590 1012 2650 eodem
1030 2593 1133 2654 modo
1149 2591 1206 2650 sic·

184 2669 255 2719 caus
277 2665 377 2722 acinos
394 2669 519 2725 eximunt
540 2685 575 2726 ac
597 2671 660 2728 sinc
681 2673 832 2732 sarmentis
849 2673 1035 2736 madefactas
1056 2678 1138 2736 rino
1159 2682 1228 2733 exu’l

186 2741 320 2817 collecti,
351 2746 446 2806 donec
466 2751 672 2827 intumescunt,
698 2736 846 2834 prensant,
876 2768 908 2817 ct
927 2758 986 2817 hoc
1007 2775 1121 2834 genus
1144 2765 1210 2818 aute

185 2831 282 2882 cetera
309 2824 442 2904 laudant,
475 2849 510 2890 ac
536 2833 621 2894 simili
646 2837 733 2896 nnodo
749 2831 837 2917 'aqua
863 2841 961 2902 addita
985 2844 1212 2904 secundarium

133 2903 298 2998 asiaciunt.
345 2906 471 2970 illediuna
496 2914 571 2973 inter
603 2915 699 2978 dulcia
723 2922 877 3000 vinumque
904 2934 951 2984 eat
979 2925 1075 3000 quod'
1097 2921 1213 2987 Graeci

179 2984 331 3058 aigleucos
348 3001 472 3066 vocant,
495 2994 552 3053 hoc
576 3007 622 3057 est
636 3019 755 3081 semper
768 3014 900 3065 mustum.
936 3007 966 3067 id
984 2992 1097 3068 eveinit
1126 3023 1212 3076 cura,

178 3067 311 3158 quoniam
320 3067 873 3164 lervereprohihetun-—sicappellant
884 3090 1008 3150 mustiin
1016 3092 1092 3150 vinu
1107 3092 1234 3150 trans-³¹

176 3153 255 3201 ntum.
272 3177 313 3188 -—
330 3167 405 3226 ergo
420 3168 553 3233 mergunt
568 3178 585 3218 e
598 3162 664 3221 laco
680 3171 811 3242 protinus
826 3170 857 3228 ia
875 3184 951 3249 aqua
964 3171 1083 3248 cados,
1106 3172 1218 3232 donec

54 3261 57 3274 .
175 3221 417 3324 brumatranseat
430 3247 459 3296 et
474 3244 653 3302 cousuetudo
668 3248 720 3306 ilat
730 3250 855 3326 algenti.
880 3252 936 3314 Est
946 3255 1117 3316 mannam
1130 3252 1221 3316 aliud

174 3319 268 3376 geum
284 3324 348 3368 erus
366 3331 422 3389 per
437 3336 486 3392 se,
511 3322 588 3394 quod
605 3337 695 3387 vocat
714 3331 800 3391 dulce
813 3333 1016 3397 Narbonensis
1038 3338 1222 3416 provincia
