2542 3842
184 156 223 220 12
530 168 837 217 C.PL1NISEOUND1
912 141 915 145 ’

117 335 121 342 ’
179 333 243 384 rant
263 332 311 383 aut
330 325 433 399 maris,
461 322 631 402 plerumque
654 332 683 382 et
704 323 859 397 alternant,
888 322 959 381 sicut
982 320 1179 383 Gracchorum

179 416 272 467 mater
289 408 466 467 duodeciens
483 416 512 465 et
527 406 687 485 Agrippina
703 406 863 466 Germanici
878 408 1008 465 noviens.
1039 406 1102 465 aliis
1119 416 1177 465 ste·

138 492 449 567 melincotum,
471 490 534 549 aliis
552 490 643 550 semel
658 492 685 549 in
701 492 757 549 vita
774 488 856 549 datur
874 491 1005 567 gignere.
1037 491 1178 567 quaedam

179 575 408 653 comperierunt
431 583 544 651 partus,
572 574 689 653 quales,
714 572 874 651 siquando
896 574 1035 633 medicina
1057 583 1087 632 et
1110 592 1179 633 cura

179 634 295 732 vilere,
320 660 452 718 feminam
472 657 536 716 lere
561 660 689 734 gignunt.
736 657 818 717 divos
840 656 986 735 Augustus
1011 658 1040 714 in
1065 658 1202 735 reliquas

180 742 379 820 exemplorum
400 741 517 800 raritate
531 744 627 820 neptis
650 758 719 799 suae
737 749 873 819 nepotem
888 741 958 799 vidit
977 742 1103 818 genitum
1119 758 1178 819 quo

146 868 163 892 s
180 828 308 885 excessit
320 842 393 885 anno
406 824 443 883 ll.
456 825 597 900 Silanum,
614 826 663 903 qui
679 842 742 883 curn
753 823 851 884 Asiam
866 826 1011 903 optineret
1027 835 1093 903 post
1109 842 1179 883 con-

181 910 302 972 sulatum
316 909 441 968 Neronis
456 910 595 987 principis
611 910 815 984 successione,
835 924 950 967 veneno
967 910 1032 985 eius
1044 911 1178 968 interem-

140 1002 249 1072 59ptus
270 1002 324 1052 est.
356 992 391 1065 Q.
407 991 542 1051 Metellus
558 992 779 1067 Macedonicus,
807 1010 870 1053 cum
888 1010 944 1051 sex
961 992 1070 1053 liberos
1091 992 1177 1052 relin-

181 1087 300 1156 queret,
316 1077 449 1136 undecim
464 1086 588 1155 nepotes
604 1077 736 1155 reliquit,
756 1092 842 1135 nurus
860 1091 931 1135 vero
947 1094 1133 1153 generosque
1150 1086 1180 1135 et
1191 1094 1216 1134 ro

181 1164 273 1220 omnis
295 1161 342 1238 qiri
369 1178 403 1219 se
425 1162 515 1239 patris
536 1161 733 1239 appellatione
755 1160 912 1219 salutarent
934 1162 1033 1237 viginti
1055 1170 1179 1238 septem.

138 1245 213 1309 buln
227 1246 300 1304 actis
315 1254 474 1322 temporum
494 1244 550 1304 dlvi
567 1243 690 1321 Augusti
705 1246 846 1303 invenitur
860 1257 921 1302 xli.
946 1245 1096 1304 consulatu
1118 1247 1180 1303 eius

101 1369 111 1401 e
180 1328 327 1405 Lucioque
349 1327 429 1387 Sulla
450 1327 613 1404 collegae
630 1329 733 1387 d.111
751 1324 813 1386 idus
836 1326 999 1405 AprilisC.
1017 1326 1179 1405 Crispinum

180 1412 306 1471 llilarum
321 1414 492 1488 eriugenam
506 1411 596 1488 plebe
610 1411 770 1470 Faesulana
786 1428 848 1470 cum
864 1410 963 1469 liberis
978 1426 1059 1487 vm,
1075 1414 1104 1470 in
1121 1429 1178 1489 quo
1249 1426 1250 1501 q

179 1510 297 1554 numero
320 1494 395 1554 liliae
418 1496 490 1555 duae
518 1496 617 1570 luere,
638 1493 791 1571 nepotibus
814 1506 945 1567 xxvm,
968 1495 1250 1573 pronepotibus
1190 1516 1250 1555 rs

179 1592 258 1654 xrx,
280 1577 414 1654 neptibus
428 1587 508 1655 vm,
530 1578 643 1654 prolata
663 1593 769 1655 pompa
787 1595 848 1637 cum
870 1538 999 1636 omnibus
1016 1579 1084 1637 bis
1077 1597 1104 1637 m
1123 1577 1177 1638 Ca·
1249 1586 1250 1593 ’

180 1661 282 1740 pitolio
300 1661 465 1719 inmolasse.
538 1689 542 1696 >

138 1788 170 1840 61
244 1778 291 1835 14.
310 1777 391 1857 (12.)
416 1776 519 1838 Mulier
534 1786 601 1855 post
613 1778 876 1855 quinquagesimum
891 1795 991 1835 annum
1002 1794 1060 1835 non
1073 1780 1179 1857 gignit,

179 1858 328 1938 maiorque
343 1860 411 1937 pars
429 1860 649 1938 quadragesimo
667 1860 835 1938 profluvium
854 1860 980 1937 genitale
999 1860 1081 1918 sistit.
1112 1881 1180 1923 narn

179 1942 207 2001 iu
228 1944 298 2003 viris
319 1943 497 2016 Masinissam
516 1963 618 2021 regern
640 1954 706 2022 post
728 1958 871 2004 Lxxxvl.
894 1962 995 2003 annum
1016 1962 1214 2020 generassent

182 2026 269 2086 lilium
290 2046 375 2107 quem
396 2027 576 2089 bletimanum
599 2028 789 2107 appellaverit
816 2029 927 2089 clarum.
949 2036 1008 2102 est,
1036 2025 1178 2089 Catonem

137 2113 342 2173 incensorium
361 2114 541 2189 octogesimo
556 2122 661 2173 exacto
678 2132 693 2171 e
715 2112 774 2172 lilia
790 2112 888 2172 Saloni
905 2112 1017 2172 clientis
1035 2114 1088 2172 sui.
1121 2132 1178 2191 qua

181 2194 216 2255 de
232 2213 318 2257 causa
331 2198 454 2257 ‘aliorum
471 2199 532 2272 eius
547 2197 669 2257 liberum
692 2214 822 2275 propago
837 2196 972 2257 Liciniani
988 2205 1052 2254 sunt
1068 2213 1176 2273 cogno·

69 2339 71 2346 ,
179 2280 294 2353 minati
317 2281 345 2339 bi
364 2282 526 2355 Saloniani,
547 2299 584 2339 ex
605 2281 709 2360 quibus
727 2280 872 2339 Uticensis
892 2280 953 2339 luit.
985 2298 1076 2357 nuper
1093 2282 1176 2339 etiam

180 2360 211 2423 L
235 2325 357 2422 Volusio
379 2363 563 2423 Saturnino
554 2383 582 2422 ιιι
604 2362 682 2421 urbis
705 2364 893 2441 praefectura
913 2364 1055 2421 exstincto
1079 2372 1213 2428 notumcs

181 2433 230 2505 est'
250 2442 385 2504 Cornelia
400 2446 566 2523 Scipionum
584 2446 679 2523 gentis
693 2445 842 2505 Volusium
857 2448 1035 2505 Saturninum
1057 2449 1103 2523 qui
1123 2447 1178 2507 luit

181 2526 282 2587 consul
298 2528 425 2602 genitum
447 2538 514 2607 post
531 2542 615 2589 LXII
632 2547 742 2588 annum.
774 2538 803 2588 et
819 2548 911 2607 usque
927 2531 963 2590 ad
977 2544 1082 2590 Lxxv.
1101 2532 1178 2625 apud

180 2608 318 2686 ignobilis
334 2612 463 2690 vulgaris
480 2615 625 2691 reperitur
640 2615 800 2689 generatio.

139 2756 174 2810 63
211 2747 295 2806 15.
327 2746 412 2825 (13.)
448 2746 547 2806 Solum
568 2756 663 2806 autern
683 2747 785 2812 animal
804 2747 980 2807 menstruale
1003 2748 1105 2807 mulier
1121 2758 1212 2810 estes
1249 2734 1250 2769 ³

180 2830 246 2889 imle
260 2832 344 2890 unius
358 2838 442 2889 utero
463 2846 535 2909 quas
549 2832 732 2909 appellarunt
745 2832 847 2891 molas.
886 2847 919 2891 ea
940 2840 985 2890 est
998 2848 1071 2891 'earo
1088 2833 1176 2891 intor-

182 2915 254 2990 mls‚
271 2914 408 2990 inanima,
425 2914 496 2974 ferri
510 2916 596 2973 ictum
611 2925 641 2975 et
656 2916 747 2975 aciem
762 2932 913 2993 respuens.
944 2924 1074 2973 movetur
1089 2916 1176 2974 sistit-

182 3015 239 3076 que
260 3016 393 3074 menses,
419 3009 450 3059 et
470 3009 499 3058 ut
522 3007 619 3077 pertus
643 2999 714 3058 alias
735 2999 829 3058 letalis
850 2998 921 3059 alias
942 3016 996 3057 una
1017 3016 1177 3061 senescens

79 3145 83 3153 ,
180 3082 335 3160 aliquando
349 3083 563 3143 alvocitatiore
579 3084 727 3142 excidens.
765 3083 857 3142 simile
874 3082 1005 3161 quiddam
1024 3092 1053 3141 et
1066 3084 1136 3141 viris
1148 3084 1177 3142 in

180 3174 282 3224 ventre
301 3167 442 3242 gignitur,
463 3167 541 3243 quod
559 3176 665 3226 vocant
688 3169 817 3241 seimon,
841 3168 914 3225 sicut
930 3164 1024 3243 Oppio
1043 3164 1212 3244 Capitonis

139 3250 329 3325 olptaetorio
341 3250 415 3306 viro.
441 3250 493 3307 sed
508 3250 578 3310 nibil
593 3250 680 3309 facile
695 3252 856 3327 reperiatur
868 3248 1015 3308 mulierum
1032 3250 1177 3327 prolluvio

181 3332 272 3406 magis
286 3331 500 3389 monstrilicum.
527 3342 664 3391 acescunt
679 3342 854 3409 superventu
867 3342 976 3407 musta,
993 3332 1178 3393 sterilescunt
1249 3346 1250 3369 ¹

180 3421 276 3472 tactae
292 3415 403 3489 fruges,
419 3414 576 3472 moriuntur
591 3417 686 3490 insita,
712 3425 867 3475 exuruntur
878 3416 1024 3475 hortorum
1035 3418 1176 3493 germina,
1249 3414 1250 3435 ¹
