2542 3842
165 186 223 250 104
527 202 556 251 c.
577 204 674 251 unius
692 202 842 253 saeuum

161 356 227 419 mali
239 372 371 417 occasus.
386 374 460 436 quae
473 352 608 419 accidere
620 350 699 419 nullo
711 359 797 419 modo
809 371 941 439 possent,
953 360 1047 421 nisi'iu
1059 372 1160 423 centro
1191 432 1195 438 ,

162 440 215 500 sita
232 449 320 500 esset.
1192 486 1195 492 ‚

123 532 171 589 177
232 524 281 584 70.
302 516 385 603 (70.)
407 524 481 584 'l'res
497 535 590 587 autem
612 527 713 586 circuli
735 544 823 603 supra
847 528 931 587 dictis
947 531 1027 590 conia
1050 529 1159 608 inplexi

162 607 381 685 inaequalitates
396 617 557 686 temporum
572 610 742 686 distingunt,
768 611 927 671 solstitialis
942 632 958 673 a
974 623 1056 692 parte
1073 614 1159 690 signi·

161 691 216 749 leri
243 690 442 751 excelsissima
467 686 551 751 nobis
575 693 609 751 ad
631 694 887 769 septentrionalem
911 697 1025 773 plagam
1045 714 1183 771 vesanas

161 782 319 851 contraque
337 775 372 834 ad
388 775 472 834 alium
484 776 581 852 polum
595 774 743 851 brumalis,
761 778 828 835 item
844 779 941 838 medio
952 781 1059 840 ambitu
1073 780 1160 857 signi·

161 856 215 917 ieri
231 858 310 917 orbis
327 858 466 917 incedens
484 859 712 935 aequinoctialis.
1118 890 1128 903 o

223 941 306 1018 (71.)
328 940 514 1019 Reliquorum
540 958 614 1018 quae
638 942 772 1001 miramur
793 958 879 1002 causa
901 946 930 1003 in
951 947 1041 1024 ipsius
1062 954 1160 1005 terrae

161 1024 260 1101 ingura'
272 1031 326 1094 est,
344 1030 428 1100 quam
445 1024 536 1099 globo
552 1024 673 1083 similem
688 1034 793 1084 etcum
809 1044 844 1085 ea
860 1044 949 1105 aquas
963 1030 1065 1089 iisdem
1076 1030 1159 1088 intel·

160 1108 265 1183 legitur
281 1101 465 1181 argumentis.
495 1108 544 1167 Sic
561 1110 634 1167 eninr
650 1109 680 1167 iit
692 1108 765 1172 baut
789 1109 875 1169 dubie
897 1120 926 1171 ut
941 1112 1025 1172 nobis
1041 1119 1157 1191 septen·
1170 1128 1195 1169 ro

160 1189 290 1249 trionalis
306 1190 411 1267 plagae
430 1190 525 1251 sidera
543 1210 693 1270 numquam
710 1194 854 1268 occidant,
872 1205 972 1256 contra
984 1196 1159 1256 meridianae

160 1280 310 1351 numquam
327 1276 471 1350 oriantur,
494 1292 652 1355 rursusque
667 1276 741 1335 baec
759 1276 816 1335 illis
831 1294 889 1335 non
907 1287 1060 1339 cernantur
1076 1278 1160 1338 attol-

118 1365 169 1419 178
180 1357 258 1416 lente
275 1375 308 1415 se
325 1366 424 1416 contra
439 1359 551 1419 medios
563 1362 643 1419 visus
655 1369 795 1419 terrarum
808 1360 908 1435 globo.
937 1363 1161 1441 Septentriones

159 1439 323 1499 concernit
340 1438 537 1515 Trogodytice
556 1452 585 1501 et
604 1443 726 1501 conlinis
743 1442 913 1519 Aegyptus,
937 1462 994 1503 nec
1018 1461 1160 1524 canopum

159 1522 239 1585 ltalia
256 1531 284 1582 et
301 1540 386 1599 quem
401 1532 506 1581 vocant
521 1523 681 1583 Berenices
694 1526 820 1599 crinem,
836 1526 904 1584 item
920 1544 1006 1604 quem
1021 1528 1074 1586 sub
1092 1529 1160 1587 diuo
1171 1542 1197 1586 aa

65 1612 66 1615 ’
159 1614 280 1685 augusto
297 1607 540 1684 cognominavere
558 1604 693 1667 (laesuris
710 1606 843 1682 chronon,
859 1610 979 1685 insignis
993 1611 1034 1669 ihi
1046 1610 1158 1669 stellas.

159 1692 291 1767 adeoque
307 1689 458 1749 manifesto
475 1689 634 1766 adsurgens
652 1691 795 1767 fastigium
811 1701 959 1768 curvatur,
983 1701 1013 1751 ut
1028 1708 1160 1770 canopus
1229 1709 1232 1717 ·

160 1782 287 1853 quartam
299 1772 362 1833 iere
375 1782 484 1850 partem
498 1773 571 1848 signi
583 1775 664 1833 unius
677 1791 764 1851 supra
775 1784 882 1835 terram
894 1778 1021 1835 eminere
1031 1775 1159 1835 Alexan·

159 1858 238 1917 driae
256 1856 428 1915 intuentibus
449 1856 595 1931 videatur,
619 1857 722 1915 eadem
737 1875 752 1916 a
769 1856 873 1918 Rhodo
893 1867 999 1919 terram
1022 1859 1166 1937 quodam·¹
1265 1921 1267 1947 Ι

157 1939 243 1999 modo
266 1940 357 2016 ipsam
381 1940 540 2016 stringere,
565 1941 593 1997 in
608 1934 701 1999 Ponto
722 1942 837 1999 omnino
859 1959 916 2001 non
939 1952 1087 2020 cernatur,
1108 1941 1195 2002 ubiso
1265 1949 1267 2002 ζ

157 2038 288 2081 maxinme
304 2021 432 2081 sublimis
448 2024 617 2100 septentrio.
642 2023 717 2082 idem
733 2042 749 2083 a
767 2024 871 2085 Rhodo
889 2024 1083 2099 absconditur,
1099 2042 1158 2085 ma·
1265 2009 1267 2128 l

158 2106 261 2183 gisque
278 2104 484 2182 Alexandriae,
500 2107 529 2165 in
545 2106 654 2167 Arabia
669 2108 820 2167 novembri
836 2124 937 2169 mense
954 2110 1045 2187 prima
1059 2108 1159 2185 uigilia

159 2190 290 2249 occultus
306 2190 432 2262 secunda
451 2208 483 2249 se
499 2191 634 2267 ostendit,
652 2192 680 2249 in
697 2190 799 2250 bleroe
816 2190 940 2252 solstitio
954 2193 1073 2270 vesperi
1089 2208 1159 2269 pau·
1265 2131 1267 2272 Ι

158 2273 249 2351 lisper
266 2273 387 2351 adparet
401 2275 560 2352 paucisque
575 2284 641 2334 ante
657 2283 789 2334 exortum
804 2278 910 2335 arcturi
932 2276 1035 2335 diebus
1049 2275 1160 2353 pariter

116 2362 168 2420 179
180 2374 244 2415 cum
260 2356 306 2415 die
324 2359 471 2426 cernitur..
486 2354 686 2433 Navigantiom
701 2356 776 2416 haec
790 2368 921 2417 maxume
938 2376 1039 2417 cursus
1052 2360 1157 2435 depre·
1167 2374 1193 2415 os

157 2439 298 2512 bendani,
322 2438 351 2495 in
366 2437 422 2496 alia
439 2438 564 2497 adverso
581 2441 608 2495 in
624 2438 680 2498 alia
695 2456 788 2515 prono
804 2442 891 2514 mari,
913 2441 1066 2519 subitoque
1088 2457 1156 2498 con-

159 2520 266 2598 spicujs
282 2528 369 2597 atque
384 2528 413 2579 ut
431 2536 447 2578 e
465 2518 540 2579 lueto
558 2517 775 2595 emergentibus
790 2538 865 2599 quae
880 2524 908 2581 in
926 2524 1064 2583 anfractu
1079 2517 1165 2601 pilae*

51 2670 53 2675 ,
157 2604 269 2662 latuere
286 2602 439 2661 sideribus.
465 2600 568 2680 Neque
584 2604 670 2678 enim,
688 2612 719 2661 nt
733 2602 836 2663 dixere
850 2606 950 2684 aliqui,
966 2608 1086 2667 mundus
1100 2606 1158 2665 boc

158 2687 228 2765 polo
238 2684 403 2745 excelsiore
413 2686 568 2761 seattollit,
580 2696 626 2746 aut
635 2687 759 2763 undique
772 2690 1041 2750 cernerenturbaec
1050 2688 1157 2749 sidera.

157 2786 256 2828 verum
273 2768 348 2829 lraec
360 2771 462 2830 eadem
475 2765 636 2847 quibusque
654 2772 799 2848 proxumis
815 2772 980 2832 sublimiora
992 2774 1156 2847 creduntur,
1167 2792 1194 2834 ao
1265 2831 1266 2838 ,

158 2852 318 2930 eademque
331 2854 462 2913 demersa
480 2852 655 2931 longinquis,
674 2860 760 2931 utque
770 2871 847 2914 nunc
860 2849 1029 2916 sublimis‘in
1041 2857 1158 2915 deiectu
1265 2908 1267 2916 ,

157 2937 260 3013 positis
270 2936 437 2995 uideturbic
448 2945 561 3012 vertex,
575 2939 617 2996 sic
627 2937 740 2996 inillam
751 2947 847 2997 terrae
861 2939 1054 2999 devexitatem
1065 2946 1157 2998 trans·
1265 2931 1267 2962 ÷

158 3019 270 3095 gressis
284 3018 334 3077 illa
353 3037 385 3078 se
401 3020 532 3079 attollunt
547 3018 741 3079 residentibus
753 3038 826 3097 quae
838 3019 885 3079 bic
898 3022 1018 3081 excelsa
1032 3021 1157 3096 fuerant,
1265 3035 1267 3060 t

158 3100 304 3178 quodnisi
320 3100 347 3158 in
368 3102 458 3175 ligura
477 3103 554 3180 pilae
572 3102 708 3163 accidere
726 3120 783 3161 non
799 3113 910 3179 posset.

116 3191 167 3246 lito
229 3182 311 3261 (72.)
333 3181 404 3242 ldeo
421 3185 553 3245 deiectus
576 3184 647 3244 solis
667 3202 701 3245 ac
725 3185 809 3244 lunae
829 3187 1015 3263 vespertinos
1036 3187 1156 3247 orientis
1167 3210 1197 3253 as
1265 3223 1267 3229 ι

158 3266 271 3325 incolae
288 3282 344 3323 non
361 3267 500 3342 sentiunt,
529 3284 584 3327 neo
606 3266 757 3326 matutinos
779 3267 814 3326 ad
831 3286 966 3330 occasum
982 3270 1155 3344 habitantes,
1176 3286 1184 3293 ·
1265 3255 1267 3358 ξ

157 3349 331 3407 rueridianos
346 3364 418 3407 vero
435 3351 560 3425 saepius.
583 3349 681 3408 Nobili
692 3350 768 3426 apud
780 3349 910 3411 Arbilam
921 3355 1015 3429 magni
1027 3353 1156 3412 Alexan-

159 3431 201 3490 dri
215 3432 337 3491 victoria
361 3431 426 3491 luna
444 3432 591 3493 deiecisse
613 3432 708 3491 noctis
728 3434 855 3494 secunda
875 3436 948 3496 bora
969 3445 1014 3497 est
1030 3436 1157 3516 prodita,
1265 3437 1266 3514 ἶ
