2542 3842
355 198 435 243 uun.
454 196 545 244 mss.
568 198 603 245 x:
625 192 745 247 att—42.
771 186 923 264 (tt-59.)
1062 186 1116 247 141

119 360 300 429 extorqueat.
329 352 431 410 eadem
446 370 510 411 cum
525 354 670 413 devoratis
685 370 718 411 se
733 351 855 429 inplevit
871 351 1000 427 conchis,
1019 351 1118 417 calore

120 438 228 493 scennis
246 444 346 494 coctas
362 438 484 510 evomit,
502 446 587 515 atque
601 438 641 497 ita
659 453 697 495 ex
710 437 745 495 iis
766 434 915 496 esculenta
928 436 1012 511 eligit
1027 445 1118 495 testas

118 537 290 580 excernens.

179 604 230 663 41.
254 602 339 681 (57.)
362 601 520 662 villaribus
538 603 654 681 gallinis
670 611 700 663 et
714 593 1161 679 religionesinlrorresouotlld

92 687 195 747 sedito
219 702 292 760 ovo,
318 688 522 765 excutiuntque
544 704 611 747 sese
634 697 663 746 et
683 689 876 747 circumactae
896 685 1048 764 purificant
1070 694 1118 747 aut

90 760 230 831 'festuca
255 770 351 847 aliqua
374 788 441 829 sese
469 780 498 829 et
523 788 579 831 ova
605 766 736 831 lustrant.
779 769 831 831 42.
858 769 1000 831 maumas
1024 772 1118 829 avium

117 853 270 913 cardueles
285 856 425 931 imperata
444 855 566 930 iaciunt,
590 874 646 915 nec
663 871 739 914 voce
753 855 861 915 tautum
881 854 934 914 sed
950 852 1073 930 pedidus
1089 862 1119 913 et

117 954 169 997 ore
186 954 238 1014 pro
254 937 392 998 manibus.
425 936 478 997 Est
493 952 573 1017 *quae
590 939 675 999 boum
694 938 817 1014 mugitus
834 939 977 1012 imitetur,
995 938 1023 997 iu
1043 937 1117 997 Are·

41 1060 44 1065 -
117 1020 221 1080 latensi
239 1039 310 1097 agro
327 1031 425 1081 taurus
441 1022 605 1100 appellata,
629 1023 757 1101 alioquin
780 1030 946 1100 pervasit.
977 1038 1118 1099 equorum

80 1119 107 1161 ro
117 1121 233 1182 quoque
249 1105 372 1165 hinnitus
387 1106 489 1165 anthus
505 1109 619 1167 nomine
632 1105 743 1167 herbae
754 1105 861 1183 pabulo
876 1106 1003 1167 adveatu
1017 1121 1117 1165 eorum

116 1188 199 1266 pulsa
214 1190 338 1249 inritatur
352 1188 389 1249 ad
405 1189 479 1249 hunc
493 1191 608 1251 modum
624 1210 657 1249 se
672 1190 828 1252 ulciscens.

179 1271 263 1352 (58.)
301 1274 396 1351 Super
422 1276 516 1335 omnia
540 1275 678 1335 humanas
703 1290 795 1333 voces
819 1272 958 1347 reddunt,
988 1272 1160 1351 psittacilll
1245 1296 1248 1299 ·

116 1354 232 1433 quidem
246 1358 334 1417 etiam
348 1359 586 1419 sennociuantes.
619 1357 699 1418 ludia
714 1357 790 1418 hauc
805 1374 890 1417 avem
904 1357 1003 1432 mittit,
1019 1364 1116 1433 septa·

115 1454 174 1516 gea
191 1450 294 1515 vocat,
317 1440 436 1501 viridem
456 1450 518 1501 toto
542 1460 684 1521 corpore,
709 1450 814 1519 torque
834 1449 942 1501 tantum
953 1441 1073 1501 miniato
1090 1441 1118 1499 iu

80 1543 107 1583 rs
116 1524 233 1583 cervice
248 1524 418 1585 distinctam.
449 1527 641 1603 imperatores
653 1524 759 1587 salutat
772 1534 804 1586 ct
819 1542 893 1602 quae
905 1525 1011 1601 accipit
1027 1522 1117 1585 verba

116 1610 294 1685 pronuntiat,
310 1611 339 1667 in
355 1612 422 1669 vino
439 1607 597 1687 praecipue
615 1610 735 1671 lasciva.
767 1609 856 1687 capiti
871 1610 933 1669 eius
951 1608 1053 1667 duritia
1068 1626 1117 1667 ea·

115 1690 180 1751 dem
197 1708 272 1769 quae
287 1702 393 1753 rostro.
425 1693 497 1768 hoc,
514 1696 542 1753 ui
561 1712 598 1755 ea
612 1694 693 1772 loqui
712 1694 814 1766 ducit,
830 1692 929 1754 terreo
946 1691 1117 1751 verberatur

114 1774 206 1835 radic.
240 1794 296 1837 non
317 1779 404 1837 sentit
424 1778 508 1837 aliter
525 1780 609 1839 ictus.
641 1796 705 1839 cum
721 1777 855 1851 devolat,
875 1784 972 1836 rostro
988 1794 1022 1835 sc
1036 1777 1115 1835 exci-

115 1858 173 1935 pit,
190 1859 234 1919 illi
249 1861 374 1921 innititur
389 1861 589 1940 levioremque
603 1880 637 1924 se
653 1865 693 1922 ita
709 1862 813 1940 pedum
827 1860 980 1921 infirmitati
994 1860 1073 1919 lacit.

79 1959 106 1999 ιο
180 1943 264 2021 (59.)
280 1942 379 2003 Μῑιιοτ
393 1944 540 2018 nobilitas,
558 1948 624 2024 quia
640 1964 750 2007 sonex
765 1945 924 2021 longinquo
940 1945 1029 2017 venit,
1045 1943 1099 2003 sed
1109 1954 1160 2007 118

116 2028 288 2101 expressior
309 2026 471 2104 loquacitas
498 2030 600 2103 generi
626 2030 756 2107 picarum
777 2036 832 2089 est.
869 2026 1001 2086 adamant
1026 2026 1118 2085 verba

116 2125 191 2185 quac
206 2108 372 2186 loquantur,
388 2126 443 2169 uec
458 2110 573 2171 ducunt
588 2120 695 2170 tantun
712 2110 766 2170 sed
781 2108 916 2185 diligunt,
932 2110 1117 2171 meditantes·

115 2208 172 2269 que
195 2192 269 2252 intra
291 2202 383 2253 semet
398 2210 468 2255 cura
488 2203 575 2271 atque
591 2194 769 2272 cogitatione
791 2195 978 2253 intentionem
994 2210 1052 2251 non
1067 2210 1116 2252 oc·

115 2274 232 2334 cultant.
269 2284 381 2337 constat
402 2279 491 2355 emori
513 2279 604 2337 victas
620 2277 791 2339 difficultate
806 2276 890 2337 verbi
903 2294 955 2352 ac,
971 2277 1028 2336 uisi
1049 2276 1116 2336 sub·
1225 2350 1230 2362 ι

79 2358 181 2419 atinde
196 2358 298 2419 eadem
322 2360 450 2437 audiant,
472 2364 609 2423 memoria
624 2362 702 2434 falli,
725 2362 952 2440 quaerentisque
974 2360 1074 2419 mirum
1089 2355 1124 2419 in¹

69 2502 81 2517 ‚
114 2442 228 2504 modum
244 2443 377 2519 hilarari,
395 2446 418 2503 si
432 2447 544 2505 interim
557 2445 698 2507 audierint
712 2446 741 2505 id
752 2445 882 2505 verbum.
916 2462 972 2504 nec
987 2442 1117 2521 volgaris

114 2528 149 2585 iis
161 2526 262 2602 forna,
274 2530 405 2606 quamvis
417 2546 473 2589 non
486 2530 652 2607 spectanda.
683 2530 754 2589 satis
769 2530 827 2589 illis
839 2530 957 2589 decoris
972 2529 1001 2587 in
1016 2528 1116 2607 specie

113 2612 255 2670 sermonis
272 2612 398 2697 humani„
406 2623 460 2673 est.
491 2613 599 2673 Verum
619 2614 772 2676 addiscere
794 2614 866 2673 alias
882 2621 990 2688 negant
1009 2622 1158 2691 possent

96 2708 199 2769 quam
215 2710 288 2771 quse
305 2714 466 2772 exgenere
484 2716 583 2757 eorum
600 2716 675 2777 quae
688 2696 795 2773 glande
811 2704 981 2771 vescantur,
998 2705 1027 2755 et
1042 2697 1117 2756 iuter

79 2793 106 2833 ao
117 2792 167 2834 eas
182 2775 296 2837 facilius
313 2780 416 2857 quibus
432 2782 509 2858 quini
524 2783 579 2841 sint
593 2782 676 2857 digiti
688 2783 718 2839 in
732 2780 866 2858 pedihus,
882 2797 918 2840 ac
934 2797 972 2839 ue
989 2795 1040 2843 eas
1055 2780 1115 2859 qni·

11 2852 16 2873 '
115 2860 179 2919 dem
200 2862 279 2939 ipsas
296 2864 350 2921 nisi
370 2865 467 2940 primis
488 2864 600 2925 duobus
618 2867 694 2925 vitae
716 2866 807 2926 annis.
839 2864 959 2925 latiores
981 2863 1107 2940 linquae,

115 2944 303 3024 omnibusque
324 2948 352 3004 in
375 2964 427 3005 suo
450 2949 553 3025 cuique
571 2966 682 3023 gerere
702 2964 777 3025 quae
793 2964 958 3007 sermonem
972 2947 1113 3008 imitantur
1164 2975 1168 2979 ·

112 3027 274 3105 'humanum
290 3047 458 3109 quamquam
475 3030 503 3089 id
519 3049 612 3109 paens
627 3033 656 3090 in
667 3032 961 3108 omuibuscontiagit.
991 3029 1097 3107 Agrip·
1108 3041 1158 3095 lio

116 3112 181 3188 pina
193 3110 294 3173 Claudi
306 3110 442 3173 Caesaris
456 3115 567 3191 turdum
582 3114 691 3191 hahuit,
710 3116 788 3193 quod
799 3132 951 3193 numquam
965 3124 1041 3188 anta,
1054 3114 1113 3173 imi·

79 3202 105 3245 tt
115 3202 220 3255 tantem
232 3214 382 3257 sermones
399 3198 551 3259 hominum.
569 3217 633 3275 cunr
648 3200 723 3260 haec
741 3200 909 3277 proderem,
924 3196 1069 3259 habebant
1085 3206 1115 3258 et

116 3274 258 3339 Caesares
279 3282 399 3345 iuvenes
416 3291 561 3357 stnmum,
583 3284 653 3344 item
672 3284 809 3344 luscinias
830 3282 942 3346 Graeco
963 3301 998 3342 ac
1013 3281 1113 3341 latium

115 3378 247 3423 sermone
271 3364 391 3440 docilis,
420 3375 573 3443 praeterea
597 3368 759 3429 meditantis
785 3370 814 3427 iu
838 3368 914 3427 diem
941 3376 969 3425 et
994 3364 1113 3425 adsidue
1159 3356 1162 3376 ¹

113 3460 187 3503 nova
206 3446 366 3525 loquentis,
390 3449 524 3527 longiore
545 3454 631 3515 etiam
658 3459 804 3513 contextu.
835 3451 976 3512 docentur
996 3457 1111 3510 secreto
