2542 3842
191 166 252 228 200
506 127 539 222 c:
558 175 652 222 aurun
673 172 820 222 saeuum

43 351 46 354 ’
151 340 229 396 ioca
243 326 415 390 tetrarchiae
433 337 462 387 et
475 326 654 387 Palaestinae
669 335 727 386 tota
744 302 856 386 laxitas.
879 333 907 384 at
923 321 956 360 **
975 325 1003 382 in
1018 338 1072 392 ora
1083 331 1178 383 autem

192 413 320 473 subiecta
337 412 443 472 Libano
462 411 564 470 lluvius
584 410 732 486 Magoras,
754 410 876 484 Berytus
899 408 1012 467 colonia
1029 424 1105 484 vquae
1121 405 1177 466 Fe-

192 498 232 557 lix
246 495 317 556 lulia
335 496 510 574 appellatur,
528 494 652 556 Leontos
668 494 817 572 oppidum,
834 492 936 552 llumen
949 491 1059 566 Lycos,
1077 489 1177 550 Palae·

192 579 313 656 byblos,
335 580 438 638 llumen
459 577 584 651 Adonis,
615 579 722 655 oppida
746 577 871 651 Byblos,
901 575 1020 649 Botrys,
1050 572 1177 650 Gigarta,

193 662 319 739 Trieris,
346 660 494 738 Galamos,
515 660 641 737 Tripolis
663 665 745 738 quam
764 660 843 735 Tyrii
862 668 890 718 et
907 659 1014 719 Sidonii
1036 666 1064 718 ct
1078 657 1202 717 Aradiis

194 734 339 825 optinent,
370 744 519 819 Orthosia,
553 742 728 803 Eleutheros
762 743 882 817 llumen,
919 743 1024 822 oppida
1054 742 1178 816 Simyra,

193 830 337 891 Marathos
364 838 520 905 contraque
541 825 656 885 Arados
676 826 730 886 Vll
751 826 905 885 stadiorum
929 827 1064 904 oppidum
1087 833 1116 882 et
1136 826 1179 883 in·

193 914 256 976 sula
281 911 328 973 GC
353 930 454 990 passus
479 929 495 969 a
517 910 681 969 continente
704 910 821 969 distans.
852 911 934 986 regio
950 911 978 968 in
1000 927 1055 988 qua
1078 925 1179 985 supra·

194 999 261 1058 dicti
274 997 414 1057 desinunt
434 1001 563 1069 montes,
596 1001 632 1052 et·
649 991 881 1072 interiacentibus
907 993 1014 1070 campis
1036 991 1179 1068 Bargylos

193 1099 274 1141 mons
290 1081 397 1157 incipit.
1003 1111 1010 1126 κ
1081 1107 1082 1114 κ
1190 1092 1218 1134 ao

154 1173 188 1230 79
279 1163 360 1241 (18.)
382 1161 453 1221 Mino
474 1179 572 1237 rursus
590 1160 690 1236 Syria,
712 1159 861 1219 desinente
880 1158 1033 1219 Phoenice.
1072 1157 1180 1235 oppida

115 1241 120 1246 ⁷
196 1246 304 1320 Gamo,
320 1245 459 1320 Balanea,
475 1244 587 1319 Paltos,
605 1243 731 1318 Gabala,
751 1245 973 1320 promontorium
990 1245 1017 1301 in
1036 1259 1091 1318 quo
1106 1239 1178 1301 Lao·

196 1333 276 1392 dicea
293 1329 401 1409 libera,
417 1328 547 1407 Dipolis,
564 1326 721 1402 Heraclea,
738 1324 914 1401 Charadrus,
932 1326 1085 1386 Posidium.

278 1412 327 1472 21.
352 1413 435 1471 Dein.
449 1413 671 1490 promontorium
687 1412 787 1484 Syriae
802 1409 982 1469 Antiochiae.
1020 1411 1094 1468 intus
1114 1410 1178 1486 ipsa

195 1496 347 1557 Antiochia
375 1495 466 1556 libera
495 1494 679 1572 Epidaphnes
705 1495 912 1570 cognominata.
964 1492 1073 1552 Oronte
1097 1509 1179 1551 amne
1193 1503 1220 1544 1⁵

197 1581 336 1641 dividitur.
377 1580 406 1638 in
424 1580 620 1658 promontorio
642 1586 735 1636 autem
751 1577 884 1637 Seleucia
905 1576 995 1637 libera
1014 1575 1108 1635 Pieria
1128 1593 1178 1655 ap·

216 1663 311 1722 ellata.

154 1683 222 1809 gop'
277 1743 327 1803 22.
349 1744 442 1821 Super
457 1761 520 1802 eam
533 1761 615 1803 mons
631 1743 733 1804 eodem
751 1760 808 1820 quo
824 1742 895 1803 alius
915 1745 1043 1818 nomine,
1067 1741 1177 1803 Casius.

197 1828 275 1888 cuius
297 1827 415 1886 excelsa
437 1826 554 1887 altitudo
572 1836 670 1905 quarta
692 1828 790 1904 vigilia
811 1829 950 1886 orientem
972 1845 1025 1904 per
1044 1827 1179 1887 tenebras
1199 1837 1206 1853 ’

196 1911 287 1970 solem
303 1910 440 1988 adspicit,
462 1909 544 1969 breui
566 1914 738 1970 circumactu
762 1913 892 1988 corporis
913 1912 986 1971 diem
1007 1919 1179 1989 noctemque
1188 1923 1218 1964 2⁰

197 1995 304 2074 pariter
318 1993 481 2053 ostendens.
519 1993 639 2053 ambitus
655 1994 689 2053 ad
708 2011 843 2053 cacumen
860 1993 966 2054 XVllll
981 1993 1010 2052 M
1025 2011 1102 2071 pass.
1121 2002 1176 2069 est,

196 2079 313 2138 altitudo
330 2095 384 2156 per
399 2077 535 2136 directum
549 2077 611 2137 llll.
642 2085 670 2136 at
687 2078 715 2136 in
730 2095 779 2138 ora
796 2080 883 2137 amnis
898 2077 1021 2136 Orontes
1040 2086 1121 2137 natus
1137 2077 1177 2136 in·

196 2171 242 2222 ter
257 2161 389 2221 Libanum
403 2170 432 2220 et
446 2161 636 2221 Antilibanum
656 2163 733 2220 iuxta
750 2161 933 2240 Heliopolim.
973 2161 1086 2239 oppida.
1100 2159 1177 2219 Rho·

121 2305 128 2312 ,
197 2264 246 2306 sos
269 2255 298 2304 ct
318 2264 335 2306 a
356 2254 438 2320 tergo
460 2244 563 2304 Portae
588 2263 661 2323 quae
684 2247 785 2320 Syriae
806 2245 1003 2323 appellantur,
1027 2243 1177 2303 intervallo

196 2328 367 2388 Rhosiorum
381 2329 513 2388 montium
534 2336 564 2386 et
580 2327 673 2385 Tauri.
712 2330 740 2386 in
760 2327 810 2386 ora
833 2327 967 2404 oppidum
987 2322 1176 2401 Myriandros,
1188 2333 1218 2372 2⁵

196 2428 277 2470 mons
292 2410 416 2468 Amanus
437 2412 465 2468 in
485 2427 542 2485 quo
560 2409 695 2486 oppidum
715 2410 851 2468 Bomitae.
888 2407 951 2485 ipse
973 2408 1007 2467 ab
1029 2411 1109 2484 Syris
1131 2406 1178 2468 ci·

198 2494 289 2553 liciam
305 2500 428 2568 separat.

155 2587 188 2640 81
279 2569 328 2632 23.
352 2571 692 2651 (remuneratorius
715 2571 850 2642 dicautur.
890 2570 981 2632 Coele
997 2571 1083 2632 habet
1099 2572 1178 2650 Apa·

197 2675 287 2718 meam
301 2656 413 2731 Marsya
425 2673 506 2716 amne
523 2655 639 2714 divisam
654 2673 674 2714 a
689 2654 892 2715 Nazerinorum
909 2655 1077 2730 tetrarchia,
1095 2654 1179 2716 Bam·

197 2742 291 2817 byoen
307 2759 381 2820 quae
397 2741 453 2800 alio
474 2740 585 2798 nomine
602 2737 764 2815 Hierapolis
779 2746 913 2814 vocatur,
936 2740 1017 2813 Syris
1031 2756 1101 2798 vero
1117 2737 1176 2799 llla-
1189 2755 1218 2796 ao

198 2825 259 2902 bog
284 2825 384 2883 -ibi
405 2823 571 2903 prodigiosa
596 2820 757 2898 Atargatis,
790 2819 908 2882 Graecis
933 2831 1026 2882 autem
1047 2823 1197 2892 Derceto,

199 2909 291 2985 dicta,
308 2907 410 2968 colitur
426 2941 481 2983 -,
500 2904 664 2966 Chalcidem
680 2906 903 2981 cognominatam
920 2907 953 2966 ad
969 2906 1086 2982 Melum,
1101 2906 1178 2966 unde

198 2994 280 3068 regio
307 2989 480 3050 Chalcidena
506 2990 678 3049 fertilissima
703 2990 810 3063 Syriae.
859 2999 888 3048 et
919 2991 984 3050 inde
1012 2988 1177 3064 Cyrrestioe

201 3077 331 3148 Cyrnum,
356 3074 494 3148 Gazetas,
523 3071 715 3145 Gindarenos,
740 3071 888 3148 Gabenos,
918 3074 1086 3133 tetrarchias
1106 3073 1176 3133 duas

200 3174 272 3235 quae
288 3155 511 3216 Granucomatae
527 3165 680 3230 vocantur,
697 3155 881 3231 Ermisenos,
897 3156 1030 3231 Hylatae,
1049 3155 1175 3217 Ituraeo-
1187 3163 1216 3208 aa

199 3257 259 3298 rum
273 3248 385 3314 gentem
401 3247 430 3297 et
446 3241 493 3316 qui
509 3257 547 3298 ex
559 3239 602 3298 bis
617 3239 745 3298 Betbemi
761 3249 912 3315 vocantur,
928 3239 1176 3314 Mariammitanos,

156 3321 379 3387 attenuentur
395 3339 468 3396 quae
483 3321 644 3381 Mammisea
659 3321 835 3398 appellatur,
856 3321 1037 3396 Paradisum,
1057 3321 1175 3396 Pagras,

169 3403 353 3481 oPinaritas,
378 3402 526 3464 Seleucias
541 3413 658 3482 praeter
676 3405 731 3463 iam
749 3404 851 3464 dictam
871 3404 957 3480 duas,
975 3421 1048 3482 quae
1068 3403 1103 3463 ad
1117 3401 1176 3463 llu-
