2542 3842
156 158 198 221 82
498 168 808 221 c.anuusncuuu1

154 324 280 385 dentiam
294 324 389 385 buxus
404 325 512 403 gemini
526 341 566 383 ex
585 334 694 399 rostro,
709 324 829 385 totidem
852 342 869 385 a
886 324 983 385 iroate
999 342 1054 385 ceu
1073 326 1154 389 vituli

154 425 261 469 comae
274 417 392 469 exeunt.
424 411 499 488 pilus
514 426 604 469 aereo
624 408 725 469 similis
741 408 917 485 agrestibus,
939 412 1046 470 ceteris
1060 411 1152 488 niger.

153 502 183 553 at
197 495 224 553 in
240 493 348 553 Arabia
364 494 477 555 suillum
493 508 657 571 genusnon
674 493 753 552 vivit.
855 526 858 537 ι
1244 545 1248 558 ,

110 586 163 641 213
233 578 282 637 53.
307 578 393 658 (79.)
415 577 541 639 lanullo
565 594 677 653 genere
707 592 800 654 aeque
827 576 921 637 facilis
941 579 1063 638 mixtura
1091 595 1153 639 cuna

152 660 229 737 lero,
243 662 371 739 qualiter
390 671 474 723 natm
485 663 593 738 antiqui
610 659 746 735 hybridas
761 659 906 721 vocabant
918 680 974 721 ceu
990 661 1174 738 semicanae
1226 693 1230 699 ·

155 744 192 805 ad
206 745 338 809 homines
353 762 471 825 quoque
484 755 515 805 ut
529 747 558 805 ia
569 743 603 805 0.
619 744 775 805 Antonium
792 742 944 805 Ciceronis
958 748 987 805 in
1002 745 1152 807 consulatu

153 829 301 907 collegam
311 830 627 909 appellationetralata.
647 846 704 889 non
715 830 744 888 in
758 828 858 888 suibus
871 838 966 889 autem
982 840 1088 891 tantum
1099 830 1152 891 sed

153 914 183 971 ia
198 914 329 975 omnibus
343 929 462 992 quoque
473 911 643 973 animalibus
660 914 866 991 cuiuscumque
876 916 994 990 generis
1007 914 1097 975 ullum
1107 922 1153 973 est

111 995 303 1080 Qffplacidurn
322 998 452 1059 eiusdem
466 998 609 1064 inuenitur
629 1006 659 1057 et
673 998 782 1074 lerum,
804 1005 906 1077 utpote
930 1014 994 1059 cum
1011 998 1167 1066 bominum,
1251 1052 1252 1077 ,

112 1083 256 1143 alletiarn
276 1080 452 1141 silvestrium
474 1091 518 1142 tot
536 1098 646 1159 genem
660 1082 810 1160 praedicta
830 1082 895 1166 sipt.
926 1098 1034 1161 caprae
1057 1092 1187 1143 tumeam
1251 1088 1252 1097 ’

57 1214 65 1234 ,
152 1166 181 1225 iu
198 1166 345 1244 plurumas
360 1166 820 1243 similitudines*transfigurantur.
852 1174 917 1225 sunt
931 1182 1074 1244 cupreae,
1089 1175 1153 1225 suut

152 1251 340 1330 nuntiaturae,
352 1260 419 1311 suut
433 1250 526 1311 ibices
539 1249 717 1328 pernicitatis
728 1248 883 1325 mirandae,
900 1266 1071 1328 quamquam
1083 1266 1151 1311 one·

152 1342 217 1393 rato
235 1336 332 1413 capite
348 1335 439 1395 rastis
454 1334 589 1395 cornibus
603 1334 823 1413 gladiorumque
841 1334 963 1411 vaginis.
986 1336 1014 1393 in
1029 1334 1104 1395 baec
1119 1352 1154 1393 se
1175 1350 1180 1363 ’

152 1414 239 1477 librat
259 1427 290 1477 ut
315 1428 459 1479 tormento
486 1417 583 1496 aliquo
602 1428 713 1479 rotatus
740 1420 769 1479 in
796 1427 911 1496 petras,
941 1419 1153 1496 potissimumo
1252 1412 1253 1493 f

152 1511 251 1562 monte
265 1502 362 1578 aliquo
376 1504 406 1563 in
419 1503 505 1564 aliam
520 1502 666 1563 transilire
684 1518 837 1579 quaerens,
854 1511 941 1580 atque
952 1519 1074 1563 recussu
1086 1520 1151 1580 per·
1161 1519 1186 1561 ιι

153 1587 247 1645 nicius
268 1602 328 1661 quo
351 1586 467 1647 libuerit
484 1586 605 1647 exultat.
635 1594 702 1645 sunt
716 1595 746 1645 et
761 1603 886 1663 oryges,
910 1585 966 1645 soli
981 1585 1157 1663 quibusdam·

154 1668 384 1729 dicticontrario
398 1668 459 1746 pilo
475 1671 576 1728 vestiri
597 1676 628 1727 et
643 1669 684 1728 ad¹
694 1678 781 1747 caput
794 1685 892 1729 verso.
923 1678 989 1729 sunt
1005 1678 1035 1730 et
1051 1670 1150 1730 damae

154 1760 184 1813 et
205 1753 329 1828 pygargi
351 1760 383 1813 et
405 1752 632 1829 strepsicerotes
652 1752 798 1829 multaque
823 1751 880 1811 alia
903 1750 971 1812 bant
991 1752 1150 1813 dissimilia.

152 1833 204 1895 sed
220 1834 271 1894 illa
285 1833 389 1912 Alpes,
405 1835 481 1895 baec
495 1836 675 1896 transmarini
692 1837 763 1895 situs
777 1835 896 1894 mittunt.

110 1931 162 1985 215
231 1918 282 1979 54.
299 1917 385 1999 (80.)
401 1919 550 1979 Simiamm
564 1934 683 1997 quoque
697 1935 806 1996 genera
821 1918 942 1981 bominis
957 1918 1067 1996 ligurae
1082 1935 1186 1999 pro-ao
1253 1917 1254 1985 l

43 2027 47 2032 ¹
152 2020 239 2065 numa
260 2003 360 2064 caudis
380 2005 455 2065 iuter
474 2021 508 2063 se
526 2002 726 2080 distinguntur.
755 2003 825 2063 mira
835 2002 992 2063 sollertia..
1010 2003 1095 2064 visco
1111 2007 1152 2063 iu·

152 2088 241 2166 ungui
260 2088 433 2167 laqueisque
455 2087 573 2149 calciari
587 2088 745 2149 imitatione
764 2090 925 2147 venantium
945 2088 1068 2163 tradunt,
1090 2087 1151 2149 blu-
1253 2086 1254 2147 l

151 2172 246 2233 tincas
256 2181 288 2232 et
297 2170 466 2233 latrunculis
475 2172 582 2233 lusisse
591 2172 674 2232 betas
689 2188 757 2236 cera
769 2173 870 2231 icones
881 2189 933 2231 usu
946 2172 1150 2248 distinguente.
1253 2162 1254 2223 l

152 2255 220 2319 luna
236 2272 309 2317 cava
324 2258 415 2318 tristis
436 2274 505 2317 esse
520 2256 624 2333 quibus
641 2258 670 2315 in
684 2272 721 2315 eo
736 2272 846 2333 genere
863 2256 953 2317 cauda
970 2257 1016 2332 sit,
1046 2272 1148 2315 noram
1253 2268 1254 2295 ³

153 2339 346 2401 exsultatione
367 2340 491 2399 adorari.
519 2356 584 2399 nam
604 2340 751 2401 deiectum
769 2340 897 2399 siderum
919 2347 948 2398 et
964 2349 1082 2399 ceterae
1096 2356 1187 2418 pass

111 2432 241 2489 mosem
263 2422 466 2499 quadripedes.
496 2422 647 2484 simiarum
676 2424 777 2501 generi
791 2424 949 2501 praecipua
967 2440 1036 2501 erga
1061 2422 1150 2483 letum

155 2506 292 2569 adiectio.
328 2512 444 2581 gestum
468 2506 580 2567 catulos
607 2524 682 2583 quae
707 2508 921 2568 mansuefactae
951 2507 1023 2567 intra
1047 2508 1151 2568 domos

153 2604 311 2670 peperere,
327 2588 458 2650 omnibns
473 2588 669 2649 demonstrant
684 2592 858 2669 tractarique
872 2590 1007 2667 gaudent,
1024 2589 1149 2668 gratula-

152 2675 261 2736 nicaen
280 2671 515 2750 intellegentibus
530 2672 650 2735 similes.
682 2674 779 2753 itaque
798 2692 900 2752 magna
924 2692 961 2733 ex
975 2684 1059 2752 parte
1080 2690 1150 2733 con·

151 2755 310 2836 plectendo
325 2766 439 2819 necant.
472 2756 620 2819 efferatior
643 2757 850 2836 cynocephalis
864 2767 964 2819 natura
981 2760 1056 2819 sicut
1071 2768 1187 2833 satu-au

151 2842 203 2901 ais.
235 2842 413 2903 talllnicbes
426 2849 491 2901 toto
505 2855 601 2920 paene
620 2842 762 2920 adspectu
778 2840 921 2918 differunt,
940 2842 1031 2903 barba
1053 2852 1100 2903 est
1121 2844 1152 2902 in

151 2923 239 3001 iacis,
255 2925 347 2986 cauda
361 2925 420 2987 late
439 2924 504 2986 insa
521 2926 638 3004 primori
653 2935 744 3004 parts.
777 2925 834 2985 boc
854 2927 956 2987 animal
970 2936 1093 3005 negatur
1104 2928 1154 2986 vi-
1253 2924 1254 2931 ’

141 3026 225 3070 -ucre
240 3009 269 3069 in
281 3008 339 3068 alio
355 3028 440 3088 qaam
454 3009 629 3087 Aethiopiae
643 3027 701 3089 quc
718 3011 843 3087 gignitur
858 3010 952 3071 caelo.

109 3102 162 3161 m
233 3093 285 3153 55.
304 3091 388 3173 (81.)
410 3092 450 3153 Et
469 3094 602 3172 leporum
626 3094 708 3171 plura
731 3104 796 3155 sunt
815 3110 934 3172 genera.
967 3094 996 3155 iu
1023 3092 1150 3173 Alpibus

153 3175 266 3239 candidi
281 3176 386 3253 quibus
406 3176 535 3237 bibernis
557 3178 704 3237 mensibus
726 3195 780 3255 pro
796 3178 891 3241 cibatu
912 3179 1007 3240 nivem
1028 3181 1189 3245 creduntas

153 3278 232 3321 esse.
255 3269 336 3319 certe
350 3260 532 3338 liquescente
555 3278 591 3329 ea
606 3262 776 3321 rutilescunt
797 3264 877 3323 aunis
892 3264 1037 3337 omnibus,
1060 3272 1090 3322 et
1103 3270 1152 3323 est

154 3344 263 3421 alioqui
276 3343 379 3403 animal
393 3342 565 3404 intolerandi
577 3346 683 3420 rigoris
698 3345 846 3405 alumntun.
877 3347 1009 3424 leporum
1029 3348 1151 3423 generis

136 3435 221 3508 suut
240 3433 271 3485 et
285 3442 360 3503 quos
379 3424 516 3504 llispauia
535 3427 685 3517 cumculos
706 3428 848 3507 appellat,
871 3431 1054 3493 fecunditatis
1068 3431 1151 3491 innu-
