2542 3842
320 200 401 247 ιιι.
418 198 509 246 msc.
525 198 600 245 vrrs.
614 192 736 247 so—sa.
755 185 907 264 (cl-65.)
1062 182 1100 247 il

169 355 220 417 42.
236 355 319 434 (64.)
334 306 435 413 hiidem
443 352 611 412 Alexandro
619 353 724 430 etequi
734 321 946 429 magnararitas
955 354 1084 429 contigit.
1095 363 1145 417 154
1262 326 1263 405 J

101 439 293 517 ··1tueepnatan
303 446 513 497 enmvocarunt
521 438 583 495 sive
592 436 777 515 ahadspectn
785 444 868 495 torvo
879 437 940 495 sive
952 436 988 495 ab
1000 438 1103 513 insigni

108 525 210 583 taurini
226 524 329 601 capitis
341 522 569 599 'armoinpre-ssi.
591 520 732 579 tredecim
746 520 862 580 talentis
877 520 971 579 ierunt
985 538 1023 580 ex
1039 521 1102 581 Phi-
1170 550 1174 557 ¹
1262 514 1263 525 ¹

109 609 196 667 ionici
206 606 448 683 Pharsaliigrege
463 614 588 683 emptam
605 604 691 663 etiarn
703 612 763 663 tum
775 620 866 682 puero
880 613 966 682 capto
977 608 1038 665 eius
1053 604 1102 665 de-

84 708 188 751 ancre,
208 690 404 750 neminemhic
416 690 501 749 alium
513 698 596 767 quam
612 687 808 749 Alexandrum
820 690 903 765 regio
921 691 1040 749 instratu
1058 704 1104 747 cr·

108 777 312 853 natosrecepit
323 775 470 849 incedam,
483 774 554 833 alias
565 772 841 851 passimreclpiens.
858 772 933 831 idem
942 774 970 831 in
984 773 1104 855 proeliis

109 868 284 919 memoratae
302 858 446 917 cuiusdam
461 856 629 936 perhibetur
645 872 765 933 operae,
781 855 943 917 Thebarum
951 870 1103 934 oppugna-

108 939 1105 1019 tioneroineratusinalinmtransireAlexandrnmuonpassns‚muita
1129 980 1132 983 >

108 1034 261 1105 praeterea
277 1026 405 1085 eiusdem
421 1026 513 1100 modi,
529 1032 651 1103 propter
666 1040 740 1103 quae
755 1042 809 1083 rex
826 1024 963 1084 defuncto
979 1025 1006 1083 ei
1025 1024 1105 1083 duxit

72 1131 100 1170 ro
111 1112 268 1189 exsequias
289 1110 448 1187 urbemque
469 1108 578 1168 tumulo
593 1108 779 1177 circumdedit
794 1110 908 1167 nomine
924 1110 996 1167 eins.
1026 1107 1089 1167 Nec
1096 1117 1145 1171 155

110 1194 246 1254 Caesaris
261 1194 412 1253 dictatoris
434 1209 605 1270 quemquam
624 1191 709 1251 adium
726 1194 876 1271 recepisse
899 1192 988 1251 dorso
1014 1208 1105 1269 equos

109 1278 244 1353 truditur,
264 1278 399 1356 idemque
421 1278 521 1335 similis
550 1276 672 1335 hominis
697 1276 791 1353 pedes
818 1279 933 1354 priores
956 1276 1103 1351 hahuisse,
1199 1290 1204 1303 ⁸

108 1363 163 1421 hac
179 1362 280 1439 eiiigie
297 1362 409 1421 iocatus
434 1370 499 1420 ante
515 1360 639 1419 Veneris
656 1358 817 1419 Genetricis
836 1360 949 1419 aedem.
988 1360 1061 1419 iecit
1076 1368 1105 1419 et

109 1446 191 1506 divos
213 1446 360 1522 Augustos
378 1463 457 1523 equo
472 1444 625 1519 tumulum·
649 1444 684 1503 de
707 1460 765 1521 quo
786 1443 949 1505 Germanici
969 1442 1104 1503 Caesaris

73 1550 100 1589 ra
110 1545 226 1589 carmen
245 1538 298 1589 est.
329 1530 482 1605 Agrigenti
504 1528 683 1606 conplurium
706 1542 845 1605 equorum
864 1528 964 1589 tamaii
981 1528 1103 1606 pyrami·

109 1616 162 1673 das
176 1613 291 1673 hahent
315 1630 420 1691 equom
435 1614 593 1673 adamatum
607 1630 624 1672 a
639 1612 825 1671 Semiramide
840 1630 932 1689 usque
949 1612 984 1671 ad
998 1613 1104 1671 coitum
1217 1606 1224 1619 ‘

109 1696 179 1755 luha
193 1707 295 1756 auctor
309 1707 363 1756 est
393 1691 538 1772 Scythici
547 1697 661 1775 quidem
682 1698 824 1773 equrtatus
841 1708 980 1774 equorum
994 1696 1088 1773 glorta
1097 1704 1146 1759 156

109 1786 257 1858 strepuht:
280 1784 381 1841 occiso
395 1781 501 1857 regulo
521 1798 560 1839 ex
582 1782 808 1865 prouocatione
805 1781 962 1841 dimicante
975 1779 1103 1854 hostem,

109 1882 174 1924 curn
189 1866 283 1924 ridor
297 1865 332 1924 ad
348 1864 527 1943 spoliandum
541 1866 680 1941 venisset,
693 1864 728 1923 ah
741 1880 817 1941 equo
832 1866 892 1923 eius
909 1862 1012 1923 ictibus
1030 1878 1104 1923 mor

68 1964 202 2025 rosaque
224 1950 401 2024 coniectum,
427 1950 512 2009 aliurn
532 1949 663 2007 detracto
692 1948 841 2007 oculorum
870 1950 1051 2046 operimento
1077 1954 1106 2005 et
1171 1944 1179 1951 “

109 2033 227 2108 cognito
249 2052 313 2091 cum
333 2040 424 2091 matre
446 2033 524 2092 coitu
545 2033 665 2110 petiisse
688 2041 843 2109 praerupta
860 2039 945 2108 atque
961 2031 1104 2090 exanima

106 2125 176 2174 tum.
200 2133 292 2194 aequa
308 2133 346 2175 ex
363 2133 451 2176 cansa
463 2118 492 2173 in
508 2114 630 2173 Reatino
642 2130 713 2191 agro
731 2115 887 2174 laceratum
902 2116 1048 2191 prorigam
1063 2115 1104 2172 in

107 2201 247 2259 venimus.
274 2217 395 2277 namque
411 2208 442 2259 et
463 2200 665 2275 cognationum
685 2198 851 2271 intellectus
882 2198 926 2257 his
944 2206 999 2273 est,
1018 2206 1105 2275 atqua

106 2286 136 2341 in
153 2302 247 2361 grege
262 2285 368 2361 prioris
385 2284 449 2342 anni
464 2297 595 2341 sororem
616 2282 753 2341 libentius
775 2282 859 2341 etiam
881 2297 965 2360 quam
985 2290 1105 2341 matrem

67 2380 185 2445 tueque
201 2369 360 2427 comitatur.
390 2366 531 2427 Dociiitas
545 2375 623 2427 tanta
645 2375 689 2425 est
709 2374 740 2425 ut
756 2366 906 2426 universus
926 2364 1087 2441 Sybaritani
1095 2372 1146 2427 157

107 2452 255 2509 exercitus
273 2454 416 2529 equitatus
432 2452 467 2511 ad
483 2451 671 2529 symphoniae
688 2460 800 2511 cantum
815 2450 968 2510 scitatione
983 2448 1105 2533 quadam

103 2535 219 2593 moveri
235 2536 361 2594 soiitos
352 2536 520 2595 inveniatur
537 2535 622 2594 iidem
638 2536 825 2613 praesagiunt
837 2543 960 2613 pugnam
977 2542 1006 2593 et
1021 2531 1103 2593 arnis·

105 2636 159 2677 sos
174 2618 274 2695 lugent
291 2620 432 2695 dominos,
448 2620 581 2679 lacrimas
597 2620 738 2678 interdum
751 2618 899 2679 desiderio
916 2617 1071 2677 fundunt.
1063 2633 1103 2675 ιιι
1164 2648 1167 2660 .

104 2702 235 2761 teriecto
245 2701 403 2763 Nicomede
414 2722 487 2780 rege
502 2720 595 2780 equos
609 2704 671 2761 aras
681 2704 776 2763 rnedra
795 2702 881 2760 vitam
890 2700 991 2759 inivit.
1013 2700 1086 2777 Phy·
1076 2704 1146 2762 -sta

65 2786 226 2847 asiarchae
247 2787 339 2846 reiert
357 2786 541 2847 Centaretum
562 2806 579 2845 e
599 2785 740 2846 Galatis'
731 2804 759 2845 ιιι
781 2784 895 2865 proelio
920 2784 1019 2860 occiso
1044 2784 1102 2843 hn-

102 2870 207 2929 tiocho
224 2873 344 2948 potitum
365 2887 441 2947 equo
458 2872 520 2929 eins
537 2871 744 2929 conscendisse
761 2877 904 2941 ouantem,
921 2877 954 2927 ιιι·
966 2868 1070 2925 iilum'
1061 2886 1102 2927 rn-

101 2955 274 3031 dignatione
308 2969 460 3013 accensum
478 2954 591 3012 domins
610 2952 711 3028 irenis,
734 2970 771 3013 na
787 2954 849 3027 regi
863 2959 975 3029 posset,
990 2952 1102 3029 pracei-

102 3039 222 3117 pitem
213 3056 242 3096 ru
255 3038 415 3115 ahrupta
405 3054 465 3097 usse
488 3039 736 3114 exanimatumque
756 3050 822 3094 una
852 3032 985 3094 Philistus
1003 3052 1019 3094 a
1034 3032 1102 3092 itto-

100 3122 191 3197 nysio
210 3121 368 3181 relictum
360 3138 387 3177 ιιι
404 3137 495 3180 caeno
510 3122 687 3195 haerentem,
710 3130 739 3179 nt
756 3136 823 3178 sese
841 3115 1001 3196 eveilisset,
1019 3131 1102 3176 secu·
1132 3146 1136 3157 .

64 3214 164 3265 tatum
180 3206 303 3280 uestigia
320 3181 425 3262 domini
442 3206 573 3263 examine
588 3204 682 3281 apium
702 3203 787 3263 iubae
803 3202 983 3278 inhaerente,
1007 3216 1103 3279 eoque

101 3291 135 3348 in
152 3297 268 3347 amento
283 3287 461 3361 tyrannidem
477 3304 492 3347 a
509 3286 651 3363 Dionysio
667 3294 848 3366 occupatam.

172 3371 256 3449 (65.)
279 3370 397 3447 ingenua
417 3387 516 3430 sorum
530 3370 742 3432 inenarrabilia.
764 3370 923 3431 iaculantes
945 3367 1144 3447 ohsaqmaam

102 3455 298 3537 experiuntur
319 3455 444 3515 diihcilis
466 3464 586 3515 conatus
607 3472 733 3535 corpore
755 3456 819 3534 ipso
840 3455 962 3533 nisuque
983 3452 1100 3513 invitan-
