2542 3842
162 161 202 254 64
503 204 534 251 c.
557 204 654 249 rurus
676 202 826 249 snounnr

118 370 151 426 61
228 357 313 437 (22.)
335 358 416 419 llaec
437 358 523 419 iidem
545 367 575 418 et
594 358 763 419 Democrito
786 358 919 417 adierunt
941 358 989 435 qui
1005 356 1159 416 Thoantem

160 447 189 503 in
209 443 338 503 Arcadia
360 453 506 506 servatum
527 443 685 505 adracone
707 450 812 504 narrat.
851 442 990 501 nutrierat
1012 460 1076 501 eum
1092 459 1160 519 puer

161 528 301 589 dilectum
326 526 493 602 admodum,
517 544 681 605 parensque
703 527 847 605 serpentis
863 536 990 585 naturam
1014 534 1043 583 et
1057 526 1159 601 magni·

161 612 288 672 tudinem
302 621 434 672 metuens
451 613 481 669 in
493 612 663 671 solitudines
676 611 791 685 tulerat,
811 609 953 687 inquibus
968 610 1159 667 circumvento

161 695 304 773 latronum
326 696 437 755 insidiis
460 695 616 773 agnitoque
632 714 709 755 voce
736 694 879 753 subvenit.
896 712 960 753 nam
973 710 1048 769 quae
1064 692 1100 752 de
1121 694 1181 751 ins

161 779 287 840 lantibus
303 779 429 840 ferarum
443 779 522 840 lactc
537 780 660 855 nutritis,
683 798 746 841 oum
764 787 863 838 essent
880 778 1018 855 expositi,
1039 777 1159 855 produn·

161 873 218 937 tur,
236 864 311 924 sicut
327 863 363 923 de
380 863 578 923 conditoribus
593 865 701 923 nostris
718 882 734 923 a
752 862 830 940 lupa,
842 862 1027 939 magnitudini
1042 861 1160 921 latorum

153 953 287 1025 §coepta
302 947 373 1007 ierri
387 948 510 1025 aequius
526 966 611 1025 quam
628 948 754 1008 ferarum
775 957 893 1008 naturae
912 946 1044 1005 arbitror.

121 1032 156 1087 62
226 1031 311 1110 (23.)
334 1030 476 1091 Panthera
491 1041 521 1090 et
537 1032 620 1107 tigris
630 1032 805 1093 macularum
820 1032 960 1091 varietate
972 1046 1067 1108 prope
1082 1030 1160 1089 solae

163 1114 320 1176 bestiarum
340 1124 525 1195 spectantur,
555 1118 663 1175 ceteris
685 1135 758 1175 unus
780 1134 814 1175 ac
835 1133 905 1175 suus
931 1115 1036 1191 cuique
1062 1114 1159 1189 generi
1171 1136 1194 1177 ao

164 1199 248 1259 color
263 1208 325 1273 est,
360 1200 475 1259 leonum
491 1209 597 1260 tantum
618 1202 646 1259 in
664 1202 746 1274 Syria
762 1201 855 1276 niger.
887 1198 1033 1277 pantheris
1055 1200 1082 1257 in
1099 1216 1160 1257 can·

163 1282 231 1343 dido
247 1282 354 1346 breves
370 1284 546 1344 macularum
560 1285 647 1345 oculi.
674 1284 782 1345 Ferunt
797 1285 889 1343 odore
906 1298 1003 1343 earum
1019 1284 1089 1341 mire
1107 1282 1162 1341 sol·

163 1366 267 1427 licitari
294 1368 491 1445 quadripedes
517 1378 651 1443 cunctas,
682 1369 735 1427 scd
764 1369 871 1445 capitis
888 1369 1023 1426 torvitate
1049 1366 1160 1425 terreri.

164 1451 350 1528 quamobrem
376 1452 523 1511 occultato
545 1468 582 1511 eo
601 1453 714 1529 reliqua
735 1450 889 1511 dulcedine
916 1452 1048 1509 invitatas
1071 1451 1161 1509 conri-
1252 1482 1253 1525 t

162 1535 253 1613 piunt.
283 1544 347 1593 sunt
363 1536 411 1611 qui
428 1534 540 1594 tradant
556 1537 584 1594 in
599 1553 678 1595 armo
697 1536 731 1595 iis
747 1536 868 1594 similem
883 1535 967 1594 lunae
980 1552 1050 1593 ,esse
1066 1552 1160 1593 macu-
1172 1553 1197 1595 rs

121 1618 220 1679 oelam
236 1626 420 1677 crescentem
440 1619 469 1677 in
484 1617 565 1677 orbis
586 1628 616 1677 et
636 1627 784 1677 cavantem
806 1620 868 1694 pari
883 1617 980 1677 modo.
1012 1616 1096 1677 Nunc
1115 1636 1162 1677 va·

163 1701 272 1760 risset
294 1701 418 1779 pardos,
444 1719 500 1778 qua
520 1720 615 1761 mares
638 1711 716 1775 sunt,
743 1700 890 1781 appellant
911 1703 939 1759 in
962 1718 997 1758 eo
1022 1703 1098 1760 omni
1112 1719 1163 1778 ge-

164 1802 233 1844 nere
250 1785 430 1847 creberrimo
447 1786 475 1843 in
490 1785 589 1845 Africa
601 1786 753 1863 Syriaque.
785 1784 899 1862 quidam
911 1783 945 1843 ab
957 1785 992 1841 iis
1005 1786 1165 1860 pantheras

165 1869 292 1930 caudore
306 1868 370 1927 solo
384 1866 560 1942 discernunt,
573 1886 628 1928 nec
644 1868 737 1929 adhuc
752 1868 835 1928 aliam
851 1867 1040 1927 differentiam
1055 1868 1164 1928 inveni.
1254 1903 1255 1945 q

122 1958 157 2011 64
230 1952 315 2031 (24.)
339 1953 624 2013 Senatusoousultum
646 1952 704 2025 fuit,
719 1961 802 2011 vetus
823 1971 859 2011 ne
881 1952 984 2035 liceret
1008 1950 1197 2015 Africanasao

163 2036 192 2095 in
207 2035 319 2097 ltaliam
342 2036 500 2099 advehere.
532 2045 633 2097 contra
656 2036 713 2095 hoc
728 2036 790 2097 tulit
805 2036 840 2097 ad
861 2037 999 2114 populum
1014 2033 1066 2093 Gn.
1084 2035 1165 2095 Auli-

164 2119 227 2181 dius
242 2121 371 2181 tribunus
387 2119 493 2199 plebis,
511 2122 698 2199 permisitque
715 2121 885 2180 circensium
896 2122 988 2197 gratia
1006 2121 1165 2197 inportare.

163 2206 271 2282 primus
285 2215 381 2265 autem
396 2206 521 2266 Scaurus
536 2204 682 2266 aedilitate
704 2224 755 2265 sua
772 2206 865 2265 varias
889 2213 1002 2264 centum
1025 2206 1164 2281 quinqua·

166 2291 246 2365 ginta
262 2291 412 2349 universas
429 2290 517 2362 misit,
530 2287 601 2369 'dein
621 2288 776 2366 Pompeius
796 2287 915 2364 Magnus
939 2287 1162 2365 quadringentas

121 2374 282 2444 dodecem,
306 2370 388 2430 divos
408 2369 558 2446 Augustus
586 2371 808 2450 quadringentas
827 2373 937 2447 viginti.
975 2370 1059 2449 (26.)
1086 2370 1163 2429 idem
1173 2395 1200 2435 25

164 2456 201 2529 Q.
224 2453 378 2513 Tuberone
401 2451 491 2514 Fabio
508 2452 643 2515 Maxumo
668 2474 744 2515 coss.
767 2469 813 2514 1v.
829 2472 919 2515 nonas
944 2454 1033 2515 blaias
1059 2455 1165 2514 theatri

163 2534 294 2597 Marcelli
311 2536 495 2596 dedicatione
519 2540 613 2614 tigrim
630 2542 738 2614 primus
754 2539 877 2597 omnium
901 2537 1010 2598 Romae
1035 2538 1165 2598 ostendit

163 2623 192 2679 in
210 2637 300 2679 cavea
317 2620 554 2693 mansuefactum,
571 2622 653 2680 divos
668 2639 739 2681 vero
759 2618 895 2681 claudius
913 2623 995 2682 simul
1016 2632 1163 2702 quattuor.

74 2739 79 2749 ·
120 2713 155 2768 66
230 2700 278 2763 18.
312 2703 419 2780 Tigrim
445 2704 571 2779 Hyrcani
597 2713 627 2762 et
653 2704 713 2765 ludi
734 2705 845 2781 lerunt,
873 2706 975 2765 animal
996 2706 1164 2765 velocitatis

163 2789 329 2849 tremendae
348 2798 379 2847 et
395 2806 526 2849 maxume
545 2789 691 2863 cognitae,
705 2789 770 2850 dum
792 2790 903 2867 capitur
932 2797 1009 2850 totus
1032 2791 1096 2848 eius
1118 2790 1163 2848 le·
1176 2808 1201 2847 ao

163 2879 219 2947 tus,
237 2875 285 2951 qui
306 2890 424 2950 semper
446 2889 616 2933 numerosus
630 2882 685 2933 est.
718 2873 753 2933 ab
779 2874 930 2933 insidiante
953 2875 1063 2951 rapitur
1084 2890 1166 2951 equo

163 2973 246 3034 quam
261 2974 392 3017 maxume
408 2959 535 3035 pernici,
561 2965 648 3034 atque
664 2958 693 3016 in
708 2958 835 3017 recentis
846 2956 967 3017 subinde
979 2958 1164 3017 transfertur.

162 3048 191 3101 at
204 3040 253 3101 ubi
268 3058 389 3100 vacuum
406 3040 502 3101 cubile
517 3043 626 3119 reperit
642 3041 711 3117 leta,
732 3041 857 3101 maribus
873 3040 947 3103 enim
963 3041 1075 3101 subolis
1093 3058 1166 3101 cura

163 3131 297 3194 nonest,
313 3123 405 3183 fertur
420 3142 564 3205 praeceps
580 3125 673 3186 odore
695 3127 851 3201 vestigans.
883 3132 983 3203 raptor
1003 3125 1165 3203 adpropin-

163 3216 267 3283 quante
284 3206 398 3266 fremitu
415 3207 503 3273 abicit
517 3228 601 3268 unum
615 3229 633 3268 e
649 3209 761 3269 catulis.
777 3209 852 3269 tollit
866 3209 915 3269 illa
929 3226 1026 3269 morsu
1042 3217 1072 3267 et
1088 3226 1165 3287 pon·
1176 3230 1204 3271 ss

162 3290 234 3352 dere
248 3291 334 3349 etiam
352 3290 433 3349 ocior
451 3298 517 3351 acta
537 3301 648 3351 remeat
662 3295 823 3370 iterumque
839 3294 1025 3369 consequitur
1041 3310 1078 3353 ac
1093 3292 1166 3353 sub-

163 3371 246 3445 inde,
266 3373 361 3431 donec
382 3374 410 3429 in
425 3375 519 3433 navim
538 3392 678 3451 regresso
694 3377 775 3437 inrita
793 3376 893 3437 feritas
908 3378 1000 3436 saevit
1016 3377 1045 3434 in
1061 3376 1164 3437 litore.

120 3459 154 3513 67
230 3453 314 3531 (26.)
338 3452 475 3514 Gamelos
494 3456 568 3515 inter
583 3468 710 3518 armenta
726 3460 819 3537 pascit
840 3461 949 3536 oriens,
966 3478 1084 3539 quarum
1102 3462 1166 3521 duo
