2542 3842
341 177 421 224 unu.
437 148 528 225 ursuj
542 180 603 226 vn.
618 176 740 229 ao-tn.
759 164 909 253 (tr-45.)
1079 172 1119 235 at

113 329 238 393 tuisseti
263 349 383 409 oprara
397 334 598 411 interpretatio
613 344 644 396 et
659 335 753 397 futuro
770 345 902 415 tempore
917 338 1035 399 infelix!
1059 356 1117 402 non

112 418 244 477 melioris
255 418 342 475 sortis
357 425 425 476 tunc
436 417 519 476 fuere
534 428 691 494 pereuntes
703 437 823 497 quorum
837 422 1007 483 miseremur
1018 423 1115 499 hodic,
1139 452 1141 460 ·

113 519 178 560 cum
193 500 303 561 Sullam
323 516 407 559 uerno
429 518 486 559 non
509 498 623 561 oderit?
651 520 723 580 age,
745 521 802 563 non
821 505 914 563 exitus
938 508 1013 565 uitae
1035 509 1096 567 eius
1107 500 1159 572 138

112 586 237 644 omniurn
252 586 480 663 proscriptorum
503 584 540 643 ab
561 586 617 652 illo
631 586 792 648 calamitate
811 588 957 647 crudelior
979 589 1031 649 fuit
1050 609 1115 651 ero·

82 668 199 727 edente
220 669 336 745 seipso
355 684 482 746 corpore
501 677 531 727 ot
553 669 696 747 supplicia
718 670 773 731 sibi
795 669 957 748 gignente?
988 673 1065 750 quod
1086 684 1115 735 ut

99 752 334 819 ,dissimulaverit
355 762 384 811 et
401 768 538 830 supremo
561 754 671 813 somnio
692 756 772 829 eius,
798 756 843 813 cui
864 756 1018 815 inmortuus
1044 775 1114 836 quo·

97 836 264 895 dammodo
284 844 346 910 est,
371 836 520 897 credamus
541 836 578 895 ab
597 854 654 895 uno
670 837 721 897 illo
737 838 869 899 invidiam
890 839 984 915 gloria
999 842 1112 915 victam,

98 919 280 986 boctameu
295 937 400 997 nempe
419 920 552 979 felicitati
566 938 636 980 suae
655 921 952 995 defuissecoufessus
971 932 1015 981 est
1036 924 1114 1001 quod

110 1001 286 1081 Capitolium
300 1020 359 1062 non
373 1003 580 1063 dedicavisset.

72 1108 100 1148 sn
124 1119 129 1125 ·
174 1087 257 1165 (45.)
290 1086 561 1159 Quintuslletellus
577 1087 606 1146 in
623 1106 658 1147 ea
680 1090 811 1147 oratione
834 1106 917 1165 quam
934 1090 1032 1149 habuit
1047 1108 1094 1149 su·
1103 1100 1154 1155 139

110 1172 222 1250 premis
236 1170 367 1230 laudibus
383 1172 538 1247 patrissui
557 1169 588 1229 L.
605 1169 716 1230 lletclli
732 1172 893 1249 pontilicis,
911 1172 954 1232 bis
974 1172 1110 1248 consulis,

110 1255 276 1330 dictatorisq
294 1256 428 1331 magistri
440 1256 582 1331 equitum,
598 1254 814 1330 quindecimviri
834 1258 911 1332 agris
929 1254 1045 1329 dandis,
1064 1258 1111 1334 qui

109 1338 218 1416 primus
234 1337 407 1416 elephantos
423 1356 462 1396 ox
479 1340 569 1415 primo
584 1337 692 1397 Punico
714 1337 798 1399 ballo
817 1340 896 1401 duxit
913 1341 940 1397 in
956 1339 1109 1417 triumpho,

110 1424 249 1499 scriptum
272 1422 390 1499 reliquit
410 1420 514 1481 decem
533 1439 679 1490 maxumas
701 1440 749 1481 res
763 1418 979 1502 opimaeque,
1002 1424 1030 1482 in
1049 1424 1109 1501 qui·
1209 1456 1212 1460 ·

59 1506 164 1569 dubus
187 1505 360 1583 quaerendis
384 1506 678 1585 sapientesaetatem
703 1507 871 1582 exigerent,
895 1523 1109 1567 consummasse

108 1606 197 1648 eum>
214 1588 344 1648 voluisse
367 1590 441 1649 euim
461 1590 623 1666 primarium
646 1588 817 1649 bellatorem
841 1608 924 1664 esse,
946 1598 1090 1667 optumum
1099 1598 1151 1652 140

108 1682 272 1747 oratorem,
287 1672 473 1732 fortissimum
493 1675 713 1751 imperatorem,
732 1676 861 1751 auspicio
886 1691 938 1734 suo
963 1692 1108 1735 maxumas

107 1775 157 1815 res
171 1758 246 1833 geri,
260 1772 392 1815 maxumo
404 1756 515 1815 honore
532 1757 706 1830 uti‚.summa
722 1758 862 1835 sapientia
878 1776 956 1833 esse,
972 1774 1108 1817 summum

107 1850 273 1899 senatorem
294 1839 410 1913 baberi,
435 1842 585 1917 pecuniam
606 1858 738 1917 magnam
759 1841 837 1901 bono
856 1842 942 1902 modo
967 1841 1106 1915 invenire,

69 1937 98 1977 oo
107 1922 213 1983 multos
224 1924 335 1983 liberos
350 1924 514 2000 relinquere
527 1933 556 1983 et
568 1923 755 1984 clarissimum
770 1926 799 1983 in
813 1926 927 1984 civitate
940 1943 1017 1986 esse.
1034 1923 1108 1993 baec

107 2009 266 2084 contigisse
279 2008 306 2065 ei
317 2026 373 2070 nec
382 2006 433 2066 ulli
446 2008 494 2066 alii
506 2016 573 2083 post
583 2006 703 2067 Romam
721 2008 872 2069 conditam.
897 2006 1025 2083 Longum
1042 2015 1089 2065 est
1099 2016 1147 2069 141

106 2091 247 2156 refellere
265 2100 295 2149 et
312 2099 521 2167 supervacuum
537 2089 650 2149 abunde
673 2106 729 2149 uno
748 2108 815 2149 casu
831 2090 984 2151 refutante.
1018 2090 1105 2166 siqui

40 2186 46 2198 ·
106 2175 172 2235 dem
187 2176 213 2234 is
227 2172 361 2235 Metellus
379 2172 478 2232 orbam
494 2171 645 2232 luminibus
661 2174 761 2248 exegit
776 2182 922 2231 senectam
938 2174 1048 2233 arruissis
1065 2174 1105 2234 iu·

107 2251 228 2333 cendio]
248 2276 312 2318 cum
329 2257 485 2317 Palladium
500 2264 619 2334 raperet
641 2274 679 2315 ex
694 2257 766 2320 aede
783 2256 910 2329 Vestae,
927 2254 1106 2317 memorabili

67 2360 196 2403 comosa
212 2341 266 2401 sed
284 2350 388 2401 eventu
404 2342 520 2401 misero.
551 2356 608 2417 quo
629 2340 662 2399 iit
683 2349 712 2399 ut
730 2340 830 2401 infelix
845 2339 960 2417 quidem
975 2339 1032 2399 dici
1049 2354 1107 2397 uon

106 2425 230 2499 debeat,
252 2425 324 2485 felix
338 2434 504 2485 tamennon
523 2423 625 2501 possit.
659 2422 756 2484 tribuit
772 2425 798 2483 ei
821 2423 945 2501 populus
961 2423 1105 2490 Romanus

107 2509 186 2588 qood
205 2508 274 2567 nulli
296 2508 343 2568 alii
359 2508 394 2568 ab
413 2508 529 2568 condito
545 2523 636 2581 aevo,
659 2516 688 2566 ut
710 2510 842 2586 quotiens
858 2509 1029 2569 in‘senatum
1050 2506 1106 2563 iret

107 2611 193 2668 curru
207 2591 363 2653 veheretur
375 2592 411 2651 ad
427 2592 541 2652 curiam.
569 2608 702 2666 maguum
714 2600 743 2651 et
754 2591 885 2666 sublime,
903 2592 955 2651 sed
971 2607 1023 2667 pro
1036 2606 1103 2647 ocu·

108 2676 144 2735 lis
157 2676 261 2735 datum.
968 2726 970 2731 .

66 2774 98 2816 ao
172 2760 222 2820 44.
252 2758 341 2819 lluius
360 2776 475 2837 quoque
491 2758 526 2831 Q.
543 2757 655 2820 bletelli
678 2760 725 2835 qui
745 2759 795 2819 illa
815 2757 850 2817 de
875 2766 956 2835 patre
977 2756 1088 2821 dixerat
1097 2764 1147 2818 142

106 2842 182 2902 lilios
200 2845 275 2903 inter
290 2847 354 2903 rara'
371 2840 518 2903 felicitatis
534 2840 674 2902 humanae
691 2841 826 2918 exempla
841 2846 1013 2901 numeratur.
1041 2856 1105 2897 narn

106 2937 223 3004 praeter
244 2927 372 2987 bonores
396 2925 588 3003 amplissimos
612 2940 831 2999 cognomenque
856 2942 871 2983 e
895 2921 1064 2983 Macedonia
1089 2940 1106 2980 a

106 3018 242 3087 quattuor
259 3009 324 3069 liliis
343 3008 447 3067 inlatus
467 3025 558 3085 rogo,
582 3024 638 3067 uno
655 3006 819 3083 praetorio,
836 3006 926 3068 tribue
948 3004 1105 3075 consulari-

51 3140 54 3144 .
107 3093 178 3167 bus,
192 3093 307 3160 duobus
324 3090 559 3169 triumphalibus,
575 3107 632 3149 uno
647 3089 801 3163 censorio,
819 3107 893 3166 quae
907 3088 1018 3165 singula
1032 3103 1104 3165 quo·

67 3192 165 3253 acque
181 3178 282 3259 paucis
303 3177 463 3251 contigere.
491 3176 599 3252 inipso
616 3182 712 3233 tamen
732 3173 804 3233 flore
826 3174 997 3249 dignationis
1016 3188 1086 3229 suae
1096 3178 1147 3233 143

107 3258 145 3318 ab
164 3257 196 3317 G.
212 3260 309 3319 Atinio
323 3258 475 3332 Labeone,
496 3258 542 3317 cni
558 3273 720 3334 cognomen
734 3257 786 3315 fuit
799 3255 972 3330 Macerioni,
991 3254 1103 3314 tribuno

107 3342 219 3421 plebis,
242 3360 329 3421 quern
349 3350 484 3402 esenatu
500 3358 606 3403 censor
622 3339 767 3415 eiecerat,
790 3349 942 3399 revertens
962 3357 978 3395 e
1003 3351 1103 3413 campo

105 3427 264 3488 meridiano
288 3435 436 3505 tempore,
466 3442 558 3485 vacuo
587 3425 652 3485 foro
677 3434 706 3483 et
729 3420 930 3503 Capitolioad
952 3420 1105 3499 Tarpeium
