2542 3842
143 165 203 232 244
418 189 420 193 ’
484 181 514 228 c.
537 181 633 228 rrum
655 140 805 230 sacunnr

98 349 150 402 135
157 336 280 397 Caucasi
290 353 396 412 ramus,
413 336 479 398 inde
492 336 662 397 mollissimo
675 336 836 396 transituin
847 332 977 394 bactros.
999 333 1140 396 Susianen

141 420 177 480 ab
193 419 343 494 Elymaide
360 421 538 479 disterminat
556 423 645 480 amnis
657 419 786 480 Eulaeus
802 429 882 479 ortus
900 421 928 481 in
942 417 1036 478 bladis
1049 419 1140 478 modi·

140 520 235 581 coque
253 507 346 580 spatio
366 504 499 563 cuniculo
517 505 650 563 conditus
670 521 817 564 aurursus
837 510 955 564 exortus
969 511 998 560 et
1013 519 1067 579 per
1078 499 1139 560 tte·

140 586 298 646 sabatenen
315 587 425 665 lapsus.
463 587 593 645 circumit
616 604 714 645 arcem
728 587 867 646 Susorum
883 603 917 645 ac
934 584 1045 644 Dianae
1067 593 1137 642 tem·

139 670 217 746 plum
235 671 465 746 augustissimum
482 669 539 727 illis
552 667 697 744 gentibus,
715 671 819 747 etipse
835 669 981 744 inmagna
998 667 1161 729 caedmon

138 754 195 827 nia,
221 754 362 831 siquidem
377 770 467 827 reges
483 768 541 809 non
559 769 597 810 ex
611 751 670 809 alio
683 749 787 811 bibunt
804 761 832 810 et
848 751 885 810 ob
902 752 930 810 id
943 753 971 810 in
982 751 1137 826 longinqua

101 855 105 864 ·
137 845 263 913 portant.
296 837 402 913 recipit
423 834 512 894 amnis
530 833 693 910 Hedypnon
712 843 830 912 praeter
851 833 972 908 Asylum
987 834 1138 893 Persarrnn

137 921 313 993 venientem,
331 917 462 984 Adunam
476 935 515 976 ex
529 917 668 977 Susianis.
697 917 834 994 oppidum
851 917 929 976 iuxta
945 934 1009 976 eum
1021 915 1136 992 blagoa,

138 1019 155 1060 a
171 1000 300 1062 Charace
317 998 372 1058 XV
383 1000 440 1059 mil.
458 1017 603 1078 passuum.
626 1000 740 1078 quidam
756 999 836 1060 hoc
828 1018 856 1059 ιιι
871 1008 1000 1059 extrema
1016 1001 1137 1059 Susiane

95 1094 147 1150 136
157 1093 263 1163 ponunt
276 1082 475 1144 solitudinibus
492 1099 671 1162 proxumum.
703 1083 779 1142 lnlra
792 1082 933 1144 Eulaeum
948 1081 1076 1156 Elymais
1092 1091 1152 1142 est
1146 1097 1169 1138 o

108 1170 166 1226 Ιιι
178 1186 229 1228 ora
239 1168 335 1228 iuncta
350 1166 472 1242 Persidi,
490 1167 633 1227 allumine
647 1165 726 1226 Orati
740 1167 776 1226 ad
788 1165 947 1226 Characem
962 1162 1061 1224 CCXL
1076 1165 1135 1224 mil.

36 1288 39 1291 -
136 1269 281 1328 passuum.
319 1251 427 1329 oppida
449 1252 512 1310 eius
531 1251 667 1310 Seleucia
689 1258 718 1309 et
743 1251 866 1310 Socrate
890 1237 1023 1327 adposita
1048 1249 1137 1316 munti

105 1355 128 1387 ss
138 1332 259 1410 Casyro.
282 1333 369 1395 Cram
385 1351 459 1413 quae
477 1334 627 1411 praeiacet
642 1333 781 1391 minorum
793 1333 919 1408 Syrtium
933 1332 999 1390 vice
1015 1331 1136 1392 diximus
1197 1385 1200 1398 ,

136 1419 314 1478 inaccessam
331 1433 443 1492 coeno,
465 1416 626 1494 plurumum
641 1416 699 1475 ΙΙιιιΙ
718 1415 916 1494 deferentibus
933 1414 1018 1474 Brixa
1038 1423 1067 1473 et
1083 1413 1135 1472 Cr·

135 1509 220 1560 tacea
236 1499 374 1575 amnibus,
396 1499 530 1558 madente
546 1500 654 1575 etipsa
670 1496 843 1572 Elymaide
834 1517 863 1556 ιιι
879 1504 986 1558 tantum
998 1506 1028 1556 ut
1039 1497 1133 1556 nullus
1145 1509 1170 1552 te

136 1583 244 1642 sitnisi
265 1583 384 1642 circuitu
403 1583 465 1640 eius
483 1581 518 1640 ad
533 1580 651 1641 Persida
668 1580 770 1640 aditus.
804 1580 954 1640 infestatur
970 1589 998 1639 et
1014 1597 1134 1657 serpen·

134 1665 210 1723 tibus
226 1681 299 1740 quos
321 1665 434 1724 humina
453 1664 617 1741 deportant.
660 1680 729 1740 pars
745 1664 808 1722 eius
821 1680 953 1722 maxume
969 1664 1045 1723 invia
1061 1660 1134 1722 Cha·

113 1759 116 1762 ’
135 1745 243 1805 racene
260 1756 382 1806 vocatur
398 1744 435 1805 ab
451 1746 559 1825 oppido
576 1745 703 1805 Arabiae
719 1745 872 1807 claudente
893 1763 1002 1823 regna,
1025 1745 1133 1824 dequo

64 1854 66 1858 ·
94 1828 279 1891 laudicenus
301 1831 435 1906 exposita
455 1831 536 1906 prius
557 1829 594 1888 Μ.
608 1828 758 1906 Agrippae
782 1830 933 1889 sententia.
966 1846 1089 1906 namque
1109 1829 1134 1886 is

134 1909 258 1970 Mediam
276 1921 311 1971 et
331 1912 474 1973 Parthiam
492 1920 523 1971 et
542 1910 692 1971 Persidem
716 1910 752 1970 ab
775 1912 886 1972 oriente
907 1909 995 1988 Indo,
1025 1912 1061 1971 ab
1083 1928 1168 1974 ocean
1189 1928 1193 1934 ·

135 1992 251 2053 sidente
274 1994 370 2071 Tigri,
393 2014 410 2057 a
436 1996 636 2072 septentrione
654 1992 771 2093 Tauro,
795 1992 945 2070 Caucaso,
969 2013 985 2054 a
1013 1995 1132 2054 meridie

134 2073 238 2137 Rubro
256 2080 326 2138 mari
345 2080 511 2139 terminatas
533 2087 636 2157 patere
652 2078 680 2136 iu
697 2077 997 2153 longitudinem*
919 2095 989 2148 Xttt
1004 2076 1060 2136 XX
1074 2077 1131 2136 mil.
1187 2123 1189 2128 ,

134 2175 233 2236 pass,
254 2162 282 2220 in
304 2161 481 2222 latitudinem
503 2159 657 2221 DCCCXL
680 2161 815 2239 prodidit.
849 2170 1004 2240 praeterea
1022 2178 1077 2238 per
1099 2177 1131 2218 se

135 2238 371 2321 Mesopotamiam
396 2244 432 2304 ab
458 2244 571 2304 oriente
593 2243 688 2319 Tigri,
717 2243 753 2304 ab
784 2261 892 2304 occasu
921 2243 1132 2322 Euphratc,a

135 2329 334 2402 septentrione
350 2323 492 2399 Tauro,
486 2326 644 2386 ameridie
666 2343 738 2385 marr
730 2325 871 2386 Persico
892 2327 1046 2400 inclusam,
1069 2324 1131 2382 lon·
1119 2347 1167 2387 -ιιι

71 2395 280 2482 'lithitudine
298 2405 400 2467 DCCC
418 2407 476 2467 mil.
496 2425 587 2485 pass,
609 2406 759 2467 latitudine
778 2404 911 2468 CCCLX.
948 2406 1062 2467 Charax
1079 2423 1131 2482 op·

133 2488 230 2566 pidum
253 2489 366 2548 Persici
397 2491 475 2548 sinus
506 2492 708 2564 intumum,a
739 2505 796 2566 quo
825 2489 932 2550 Arabia
965 2489 1131 2551 Eudaemon

135 2572 335 2645 cognominata
356 2571 512 2645 excurrit,
512 2570 702 2631 habitatur*
693 2589 722 2631 ιιι
748 2570 825 2630 colle
848 2589 930 2630 manu
957 2572 1035 2631 lacto
1057 2572 1131 2628 inter

135 2653 324 2728 conlluentis,
345 2654 447 2713 dextra
468 2652 591 2750 Tigrim,
618 2653 703 2714 laeva
725 2652 881 2726 Eulaeum,
912 2652 952 2713 ΙΙΙ
970 2652 1027 2713 mil.
1050 2642 1140 2730 pass!

133 2734 262 2796 laxitate.
296 2737 440 2796 conditum
463 2745 509 2795 est
533 2736 652 2813 primum
675 2734 711 2795 ab
733 2734 899 2794 Alexandro
921 2734 1036 2818 Magno.
1080 2751 1130 2793 co·
1140 2757 1168 2800 oo

133 2815 209 2877 lonis
226 2837 264 2878 ex
283 2818 355 2880 urbe
377 2819 460 2895 regia
481 2818 590 2878 Durine
607 2835 682 2895 quae
706 2827 764 2877 tum
785 2818 891 2878 interiit
906 2803 1038 2878 deductis
1059 2817 1130 2877 mili·

132 2907 250 2979 tumque
270 2900 416 2961 inutilibus
436 2901 475 2960 ibi
489 2901 600 2962 relictis
614 2897 819 2960 Alexandriam
839 2901 1007 2979 appellari
998 2910 1147 2975 iusserat,

133 2998 296 3061 pagumque
327 2984 474 3044 Pellaeum
496 3000 513 3042 a
539 2984 632 3060 patria
658 3001 708 3042 sua
736 2999 821 3060 quem
847 2984 965 3061 proprie
994 2981 1129 3042 Macedo·

92 3070 214 3124 139ιιιιιιι
239 3066 361 3124 iecerat.
398 3066 512 3125 llumina
540 3065 568 3124 id
602 3065 740 3142 oppidum
768 3082 985 3142 expugnavere.
1029 3073 1131 3143 postea

133 3148 258 3205 restituit
280 3147 439 3206 Antiochus
462 3144 575 3225 quintus
597 3163 699 3224 regum
715 3156 745 3206 et
769 3165 820 3206 suo
840 3148 955 3207 nomine
971 3147 1167 3226 appellavitss

134 3231 294 3305 iterumque
315 3228 480 3288 infestatum
499 3229 618 3288 Pasincs
639 3229 841 3304 Saggonadaci
862 3230 952 3304 iilius,
975 3247 1029 3290 rex
1049 3228 1129 3286 liniti·

133 3328 243 3368 morum
262 3308 405 3384 Arabum,
429 3328 513 3387 quem
536 3310 606 3369 luba
628 3313 764 3387 satrapen
784 3309 918 3370 Antiochi
944 3313 1032 3370 luisse
1056 3306 1129 3367 lalso

133 3393 236 3469 tradit,
260 3393 404 3470 oppositis
417 3391 541 3452 molibus
551 3394 675 3452 restituit
688 3408 848 3471 nomenque
862 3409 947 3460 ,suum
958 3393 1035 3454 dedit
1054 3408 1130 3450 emu-
