2542 3842
188 157 250 222 238
535 171 565 222 c.
582 172 680 218 eamr
696 171 846 219 succum

187 328 232 387 his
250 343 360 403 genus,
378 334 511 404 patulae,
528 326 614 384 nimio
627 325 741 403 liquore
753 325 877 385 abundat
890 327 1052 404 rumpitque
1064 344 1101 386 se
1114 330 1208 404 pomi

144 421 179 475 16
190 411 299 490 ipsius,
317 412 403 470 etiarn
417 412 446 468 in
464 427 515 470 sua
529 419 637 484 matre,
661 409 805 485 ebrietas,
828 410 948 471 calcatis
963 410 1071 474 similis.
1104 413 1206 472 Suum

186 513 280 572 genus
304 513 320 554 e
336 495 462 554 sicciore
477 492 561 553 turha
577 494 716 569 dactylis,
731 495 893 573 praelonga
907 495 1071 572 gracilitate
1089 513 1204 556 curva·

186 581 224 638 tis
240 580 360 639 interim.
391 597 455 640 nam
472 595 544 656 quas
560 597 597 640 ex
613 578 657 637 his
673 578 776 638 honori
790 579 909 638 deorum
925 579 1024 655 damus
1040 578 1204 654 chydaeos

145 663 348 742 dlappellarit
364 657 487 738 luda'ea,
503 679 576 739 gens
593 663 765 723 contumelia
783 663 924 733 numinum
940 663 1069 739 insignis.
1102 663 1137 722 ln
1154 675 1222 724 to·s

106 757 112 772 '
186 758 245 808 tum
262 757 379 808 arentes
395 746 535 807 Thebaidi
557 757 645 824 atque
660 746 785 806 Arabiae
800 765 957 826 macroque
981 764 1112 826 corpore
1133 752 1202 808 exi·

187 833 249 907 les,
274 842 304 891 et
320 832 440 893 adsiduo
458 848 568 909 vapore
583 839 713 890 torrente
734 831 859 890 crumarb
879 833 977 891 verius
995 849 1079 910 quam
1099 842 1201 892 cutem

187 916 344 976 obducunt.
366 911 469 993 inipso
486 914 601 994 quidem
613 915 770 994 Aethiopia
784 916 885 974 friatur
899 916 984 991 haec,
1001 950 1041 963 —
1051 925 1136 977 tanta
1155 928 1201 976 est

89 1023 92 1032 ¹
187 1001 315 1076 siccitas,
327 1008 406 1060 -et
417 1000 527 1060 larinas
537 1000 623 1060 modo
633 1001 775 1079 spissatur
784 1002 814 1060 in
825 1018 938 1078 panem.
955 1000 1085 1077 gignitur
1097 1011 1200 1061 autern

187 1085 214 1142 ln
229 1084 332 1144 lruticc
349 1086 436 1144 ramis
453 1083 644 1158 cubitalibus,
660 1085 733 1144 iulio
750 1085 869 1159 latiore,
887 1101 973 1162 pomo
984 1078 1127 1162 rotundo,
1143 1087 1199 1146 sed
1207 1103 1223 1142 u

188 1169 298 1228 maiore
313 1187 397 1246 qnam
413 1168 480 1228 mall
495 1167 697 1247 amplitudine,
723 1185 830 1229 coecas
845 1179 961 1232 vocant.
991 1170 1122 1229 triennio
1138 1190 1198 1232 ma·

188 1261 353 1329 turescunt,
378 1269 554 1331 semperque
580 1251 678 1312 frutici
700 1269 813 1331 pomum
835 1261 881 1312 est
902 1253 1099 1312 subnascente
1126 1257 1195 1317 allo.

144 1335 342 1400 48Thchaidis
359 1337 470 1396 fructas
487 1336 635 1414 extemplo
652 1337 681 1395 in
694 1337 781 1396 cados
798 1336 930 1397 conditur
942 1355 1005 1397 cum
1019 1339 1063 1396 sui
1076 1340 1197 1399 ardoris

186 1421 288 1480 mima.
310 1421 339 1478 ni
354 1421 392 1480 ita
404 1422 462 1496 liat,
478 1421 615 1480 celeriter
627 1421 757 1498 exspirat
767 1423 978 1500 marcescitque
990 1438 1048 1480 non
1061 1431 1195 1483 retostus

185 1504 286 1567 barnis.
319 1503 481 1583 E'reliqno
505 1513 615 1581 genere
636 1505 772 1584 plebeiae
794 1507 926 1566 ridentur
943 1507 1099 1580 Syriacas
1122 1523 1218 1587 quasa

186 1597 345 1665 tragemata
364 1589 521 1668 appellant.
555 1607 619 1648 nam
643 1590 671 1647 in
695 1589 750 1648 alia
772 1599 855 1668 parte
871 1590 1033 1649 Phoenices
1051 1587 1192 1652 Ciliciae·

186 1689 244 1750 que
258 1671 393 1749 populari
405 1675 490 1731 etlam
502 1674 615 1732 nomine
632 1690 649 1732 a
663 1670 747 1730 nobis
763 1674 945 1752 appellantur
956 1673 1061 1733 balani.
1088 1693 1192 1736 eorum

144 1762 306 1831 aequoque
324 1755 407 1832 plura
428 1772 547 1831 genera.
578 1755 721 1815 Dillerunt
736 1758 828 1833 figura
849 1757 1030 1817 rotunditatis
1054 1767 1105 1819 ant
1118 1776 1190 1836 prc-

188 1838 328 1913 ce'ritatls,
344 1838 478 1898 differunt
490 1847 520 1898 et
535 1839 651 1914 colora,
667 1841 813 1917 nigriores
827 1859 863 1900 ac
877 1841 1025 1901 rubentes.
1047 1860 1103 1902 nec
1117 1859 1185 1920 pau-

186 1921 283 1980 ciores
300 1921 357 1981 lico
369 1921 518 1983 traduntur
530 1917 658 1999 colores,
674 1941 804 1984 muume
819 1935 912 1984 tamen
929 1925 1046 2004 placent
1063 1926 1219 1986 assumta

186 2005 293 2066 distant
308 2014 337 2066 et
351 2009 561 2084 magnitudine,
575 2017 661 2086 prout
674 2009 753 2068 multi
769 2009 895 2069 cubitum
909 2011 1056 2086 effecere,
1073 2011 1189 2088 quidam

187 2099 251 2149 sunt
273 2109 331 2150 non
347 2093 504 2171 ampliores
519 2093 595 2153 laba.
627 2102 778 2152 servantur
793 2093 822 2152 hi
838 2093 950 2153 demum
969 2095 1016 2172 qui
1032 2105 1189 2154 nascuntur

186 2175 215 2233 in
228 2175 314 2234 salsis
326 2186 413 2254 atque
425 2177 580 2252 sabulosis,
593 2185 624 2236 ut
638 2178 668 2236 in
679 2175 785 2236 Iudaea
798 2187 884 2255 atque
898 2175 1059 2252 Cyrenaica
1075 2177 1188 2253 Africa,

187 2273 244 2316 ncn
259 2260 326 2319 item
342 2262 370 2318 in
381 2260 531 2338 Aegypto,
544 2259 654 2338 Cypro,
665 2262 759 2336 Syria,
771 2261 908 2320 Seleucia
920 2262 1071 2337 Assyriae,
1088 2279 1189 2339 quam-

144 2351 179 2403 50
191 2341 292 2402 obrem
307 2361 375 2402 sues
396 2344 553 2421 etreliqua
567 2344 699 2405 animalia
715 2363 753 2404 ex
771 2346 806 2425 iis
821 2347 995 2422 saginantur.
1024 2345 1126 2405 Vitiati
1143 2357 1216 2408 autu

186 2429 292 2484 vetusti
318 2427 378 2484 elus
400 2428 477 2504 pomi
500 2429 610 2505 signum
632 2437 677 2487 est
696 2429 841 2489 decidisse
863 2431 1012 2489 candidam
1032 2445 1191 2491 verrucam

186 2527 244 2587 qua
264 2525 380 2568 racemo
402 2509 595 2570 adhaeserint.
611 2511 785 2586 ,Alexandri
802 2514 907 2572 milites
922 2514 1024 2590 palmis
1046 2514 1189 2572 viridibus

187 2590 357 2667 strangulati
374 2603 447 2654 sunt.
470 2597 498 2654 in
515 2594 653 2655 Gedrosis
669 2596 697 2654 id
708 2597 814 2655 lactum
830 2605 876 2655 est
891 2597 967 2675 pomi
979 2615 1097 2674 genere,
1112 2596 1191 2658 alibi

186 2677 271 2753 copla
294 2680 400 2741 evenit.
434 2688 479 2738 est
500 2680 574 2738 enim
598 2687 674 2738 tanta
696 2681 821 2739 suavitas
842 2681 960 2739 musteis
982 2691 1013 2740 ut
1031 2681 1092 2740 linis
1105 2699 1190 2742 man·

187 2758 272 2819 dendi
287 2778 344 2820 non
354 2763 554 2841 nisipericulo
571 2763 628 2823 liat.
1198 2782 1216 2822 a

118 2877 119 2880 κ
143 2853 179 2906 51
254 2844 283 2902 5.
308 2847 392 2924 (10.)
416 2847 499 2923 Syria
520 2855 638 2927 praeter
658 2846 732 2908 hanc
758 2849 914 2928 peculiaris
935 2849 1022 2909 babet
1047 2848 1189 2912 arbores:

186 2927 215 2987 in
236 2946 339 2989 nucum
360 2939 470 3005 genere
494 2929 614 3009 pistacia
638 2941 713 2991 ncta.
747 2934 890 3012 prodesse
909 2932 1048 2994 adversus
1065 2951 1191 3014 serpen·

141 3077 145 3082 ,
187 3011 256 3071 tium
267 3029 380 3072 morsus
396 3015 545 3075 traduntur
556 3024 585 3074 et
600 3024 670 3093 potu
685 3025 714 3076 et
730 3017 804 3077 cibo.
825 3018 853 3076 in
868 3016 987 3078 deorum
1000 3020 1097 3077 autem
1113 3024 1190 3081 cari·

189 3113 239 3156 cas
262 3107 290 3155 et
310 3099 435 3157 minores
460 3099 589 3158 eiusdem
612 3102 731 3176 generis
751 3118 824 3179 quas
845 3109 959 3162 cottana
974 3111 1099 3177 vocant,
1118 3106 1191 3164 item

142 3253 148 3262 ἢ
187 3195 278 3256 pruna
294 3180 321 3238 in
336 3179 479 3242 Damasco
498 3191 596 3242 monte
617 3193 683 3243 nata
700 3193 729 3243 et
747 3201 847 3260 myxa,
871 3195 1019 3264 utramque
1033 3187 1090 3246 iam
1104 3187 1219 3248 lami-ss

188 3259 288 3322 liuram
304 3262 414 3326 ltaliae.
449 3268 572 3340 enanis
589 3267 617 3324 in
633 3267 769 3345 Aegypto
787 3278 815 3327 et
829 3269 986 3330 vinebunt.

42 3331 47 3340 ‘
144 3353 179 3404 52
252 3347 336 3426 (11.)
359 3347 477 3426 iunipiri
497 3349 617 3408 similem
633 3350 721 3410 habet
734 3350 880 3412 Phoenice
896 3355 1012 3414 cedrum
1032 3354 1188 3417 minorem.

180 3427 244 3493 ¹duo
265 3429 327 3488 eius
347 3447 475 3505 genera,
497 3431 583 3505 Lycia
608 3441 638 3492 et
658 3432 829 3512 Phoenicia,
851 3435 984 3497 differunt
1005 3437 1087 3497 lolio.
1119 3457 1190 3500 uam
