2542 3842
204 161 267 224 262
474 205 480 230 ,
554 158 863 220 c.en1tu1sncunn1

160 331 273 394 sturm
292 329 434 392 Humerus
454 325 588 406 prodidit.
622 326 705 386 durat
725 325 876 384 etiamnum
896 325 940 383 vis
960 325 987 382 in
1009 322 1115 383 eadem
1132 334 1209 384 terra

202 415 305 492 generi
320 416 458 490 rigorque
475 411 647 486 indomitus,
669 409 776 489 quippe
799 427 862 468 cum
877 406 1026 468 Mucianus
1041 416 1089 466 ter
1107 409 1209 466 censui

204 517 242 560 ert
264 499 299 560 iis
318 499 366 576 qui
387 496 552 576 nuperrime
578 492 736 572 prodidere
767 494 912 552 sextarios
936 491 1068 569 singulus
1094 495 1209 552 octenis

203 599 297 662 aquae
311 582 429 641 misceri
450 581 618 658 conpererit
634 595 776 657 praesens
796 578 825 636 in
845 595 881 636 ec
897 585 1005 651 tractu,
1027 593 1099 634 esse
1117 587 1209 637 auten

204 667 306 728 coiere
317 667 439 742 nigrum,
457 664 619 738 odoratum,
636 670 780 722 vetustate
793 661 997 739 pinguescere.
1022 668 1052 718 et
1063 659 1224 733 Pramnius

204 750 366 829 credidere
376 748 518 808 Homerus
531 745 707 821 celebravit,
726 747 896 805 etiamnunc
906 742 1105 804 bcncsdurat.
1119 749 1207 805 nasci·

160 845 251 897 nster
267 833 409 908 Zmyrnae
429 833 550 909 regione
572 832 652 891 iuxta
674 828 822 890 delubrum
839 828 938 890 Matris
954 829 1047 890 deum.
1067 829 1126 890 sin
1147 831 1207 890 reii-
1228 826 1230 834 ⁸

203 920 267 998 puis
283 918 398 978 cisritss
414 915 517 992 generi
530 931 590 974 neu
603 914 656 974 iuit
669 914 774 989 alicui,
795 931 870 973 anne
884 913 953 988 iuit,
977 914 1105 974 omnium
1122 934 1207 993 geue·

202 1019 263 1062 rum
284 1000 419 1075 bonitati,
442 999 472 1060 b.
490 999 603 1078 Opimio
619 999 750 1058 consule.
779 1014 842 1057 cum
859 996 892 1057 G.
912 996 1062 1058 Gracchus
1077 1000 1208 1059 tribunus

203 1085 318 1164 piebem
336 1083 525 1145 seditionibus
542 1083 654 1160 agitans
665 1080 881 1160 interemptus,¹
899 1099 934 1141 ea
955 1081 1029 1142 caeli
1045 1088 1226 1161 temperies

202 1171 484 1230 fuisit-—cuctursm
495 1167 727 1226 uocant—solis
738 1184 831 1244 opere
839 1166 927 1226 natali
941 1165 1018 1224 urbis
1030 1178 1206 1228 Dcxxxnr.

202 1255 361 1331 durantque
381 1251 481 1320 adbuc.
497 1253 563 1310 vino
585 1250 717 1311 ducentis
737 1251 801 1310 fere
824 1253 920 1326 annis,
950 1252 1006 1310 iam
1025 1250 1056 1308 iu
1078 1255 1206 1329 speciem

200 1337 320 1398 redacte
334 1337 430 1398 meilis
451 1338 556 1416 asperi.
590 1337 696 1396 etenim
717 1335 790 1397 baec
813 1345 912 1395 natura
925 1335 998 1394 vinis
1013 1334 1040 1392 in
1060 1346 1206 1396 vetustate

200 1431 261 1497 est,
278 1439 335 1482 uec
349 1422 444 1499 putari
458 1437 511 1498 per
525 1437 558 1478 se
570 1430 678 1498 queant
690 1420 859 1497 pervincive
873 1437 962 1496 aqua,
979 1436 1074 1496 usque
1088 1421 1122 1480 in
1138 1439 1205 1480 ama·

200 1505 353 1568 citudinem
374 1505 453 1566 carie
479 1505 624 1564 indomita.
667 1502 720 1561 sed
741 1505 848 1562 ueteris
873 1504 946 1563 riuis
970 1504 1221 1565 commendarunt

157 1589 324 1653 bituricum
339 1589 434 1668 aliqua
445 1590 569 1649 mixtura
583 1587 791 1646 medicamenta
806 1596 881 1646 sunt.
915 1587 992 1665 qnod
1007 1595 1037 1648 ut
1055 1589 1124 1648 eius
1141 1600 1204 1649 tem-

201 1675 282 1752 poris
304 1673 503 1731 aestimatione
524 1673 553 1730 ir
572 1671 700 1746 singulas
721 1672 876 1749 amphoras
891 1671 1004 1730 centeni
1024 1676 1136 1732 nummi
1151 1683 1205 1732 sta·

198 1765 327 1830 tuantur,
357 1774 395 1815 ex
416 1755 461 1814 bis
484 1763 579 1814 tamen
600 1769 687 1814 usura
706 1755 894 1833 multiplicata
912 1756 1101 1832 semissibus,
1128 1774 1204 1833 qnae

199 1837 341 1899 dividisse
354 1837 468 1898 medica
480 1846 535 1914 est,
549 1839 582 1896 in
590 1835 641 1898 Gai
655 1835 788 1899 Caesaris
801 1837 963 1900 Germanici
975 1839 1016 1899 iili
1028 1841 1200 1918 principatu,

199 1923 279 1983 annis
294 1933 362 1982 unx
378 1922 506 2000 singulas
521 1924 620 1984 uncias
637 1924 695 1981 vini
708 1924 872 1983 constitisse
889 1925 980 1984 nubili
994 1924 1138 2003 exemplu
1155 1925 1230 1985 dun

199 2008 307 2066 cubitus
329 2006 496 2068 reserentes
522 2007 608 2066 vitam
627 2006 766 2085 Pomponi
788 2009 914 2068 Secundi
940 2010 1013 2067 vatis
1041 2028 1204 2087 cenamque

200 2109 284 2170 quam
297 2092 419 2169 principi
435 2090 477 2151 ilii
488 2091 576 2152 dedit.
597 2100 705 2152 tantum
721 2093 905 2168 pecuniarum
922 2092 1052 2152 detinent
1063 2094 1127 2153 vini
1141 2112 1205 2173 ape

156 2176 316 2241 etruscae.
341 2175 406 2234 Nec
420 2175 476 2235 aliu
495 2193 544 2235 res
558 2177 648 2234 maius
659 2175 863 2236 incrementum
872 2177 966 2237 sentit
981 2175 1016 2235 ad
1031 2177 1206 2238 vicesimum

198 2273 300 2320 annum
311 2259 440 2322 maiusve
453 2258 488 2318 ab
501 2275 537 2318 oe
552 2259 742 2337 dispendium,
757 2277 815 2318 nen
825 2259 995 2338 proficiente
1007 2263 1123 2337 pretio.
1146 2280 1206 2323 rarc

198 2341 306 2423 qnippe
321 2342 418 2402 adbuc
433 2343 532 2418 brerc,
548 2359 604 2404 uec
621 2345 675 2403 uisi
690 2344 718 2401 iu
732 2353 886 2422 nepotatu,
908 2344 1027 2420 siugulis
1043 2349 1138 2406 testis
1162 2349 1226 2405 mie

190 2427 237 2488 'iia
250 2443 400 2488 nummum.
423 2426 606 2488 Viennenset
622 2427 677 2489 seli
690 2428 784 2504 picata
795 2445 857 2502 sua,
873 2445 992 2505 qnorum
1006 2446 1127 2504 genera
1140 2431 1208 2490 dixi-

167 2529 189 2564 ιε
200 2527 278 2585 mus,
286 2509 385 2652 pluris
402 2520 581 2587 permutare,
602 2510 655 2570 sed
666 2513 741 2571 inter
755 2529 824 2570 sese
839 2529 937 2573 amore
948 2513 1064 2590 patric,
1080 2517 1210 2574 credun

197 2603 251 2654 tur.
274 2595 284 2650 i
305 2611 362 2672 que
377 2595 473 2654 viuum
482 2595 614 2672 frigidius
628 2594 749 2672 reliquis
761 2595 938 2657 existimatur
951 2597 980 2654 iu
994 2590 1109 2674 frigido
1124 2607 1209 2677 potu.

155 2687 189 2742 58
257 2675 286 2735 5.
300 2677 444 2758 (7.)Viuc
456 2689 555 2737 natura
568 2687 612 2736 est
621 2674 724 2738 bouem
730 2678 911 2740 'accendendi
919 2680 1019 2741 calere
1031 2682 1165 2746 viscera
1173 2685 1211 2744 in·

197 2770 253 2836 tus,
265 2761 337 2820 teris
348 2761 657 2839 tntusuuetrigemudi.
679 2781 736 2822 nec
747 2762 870 2824 alienum
881 2765 968 2824 buerit
979 2779 1230 2829 commemoraret

197 2844 254 2905 hcc
271 2847 300 2904 in
310 2845 376 2905 lcec
390 2847 467 2923 qued
478 2846 672 2922 Androcydes
683 2848 825 2935 sapientis
841 2850 935 2909 clarus
952 2847 989 2909 ad
1000 2848 1213 2914 Alexandrum

195 2927 329 3006 Magnum
344 2919 470 3009 sedipsit,
486 2931 733 3008 intemperantiam
746 2933 809 2991 eius
826 2933 980 2992 cohibens:
996 2931 1143 2998 Vinum
1159 2957 1214 3018 pe·

194 3020 315 3087 turus,
331 3023 599 3088 rex,memeutc
622 3012 750 3073 bibere
771 3025 808 3088 te
831 3018 1047 3094 sauguinem
1064 3029 1216 3082 terrae.

196 3096 319 3156 cicuta
337 3095 492 3156 beminis
508 3114 690 3178 uenenum
711 3108 787 3176 est,
810 3101 959 3161 cicutae
981 3102 1121 3164 vinnm.
1155 3110 1218 3185 qui·

195 3179 249 3239 bus
272 3181 438 3256 praeceptis
460 3179 511 3240 ille
533 3181 557 3240 si
576 3181 857 3260 obtemperavisset,
880 3185 1016 3263 proiecto
1035 3190 1168 3250 emices
1192 3194 1230 3250 iu:

194 3261 361 3322 temulentia
375 3279 432 3321 uon
444 3263 655 3340 interemisset,
669 3282 789 3344 prensus
805 3278 836 3326 ut
847 3268 909 3329 iura
921 3268 978 3329 dici
993 3273 1094 3347 possit
1108 3294 1221 3356 neque

194 3342 303 3484 viribus
316 3347 449 3484 eorporis
461 3346 556 3406 utilius
567 3348 657 3415 adiud;
676 3364 770 3426 neum
782 3351 979 3430 voluptatibus
990 3357 1222 3434 perniciosius,

194 3441 220 3482 sr
235 3441 281 3483 me
303 3443 368 3485 usa
389 3429 436 3486 sit.
