2542 3842
1003 1 1100 13 1-·=-r-
1161 5 1169 12 =

332 183 518 232 mammen.
535 182 610 231 vm.
627 142 747 233 ιιι-43.
766 178 886 267 doffte.
1003 184 1012 200 “·
1066 172 1109 233 tt
1151 244 1154 251 ,
1232 224 1234 231 ,

870 290 880 301 .
945 274 954 305 ι
1186 276 1188 283 -

109 348 296 421 praereptam
310 337 428 413 habeat,
441 336 553 397 oiiaetn
568 339 596 396 in
610 337 720 397 rabiem
735 337 764 397 id
775 354 868 413 genos
884 337 987 414 agitor.
1005 341 1108 401 aniam

111 434 231 505 parente
245 425 275 483 in
290 440 384 499 grege
397 422 519 482 armenti
533 422 664 500 reliquae
678 421 757 481 iotae
769 421 892 481 ednoant
905 420 1017 483 orbona.
1037 422 1106 484 Tor·
1184 422 1188 427 ’

109 526 166 571 ram
187 510 333 585 attingere
354 523 407 565 ore
423 507 517 566 tmdoo
541 522 682 584 proxumo
705 506 845 583 quamsit
865 507 1108 584 genitnsnegant

108 610 208 673 posse.
237 609 295 670 qno
311 591 376 669 qais
393 591 490 649 aerior
512 589 683 650 inhibendo
706 589 875 667 profundius
896 588 973 649 naris
991 594 1105 668 mergit.

84 680 233 753 ssmttae
250 675 398 754 perbelle
414 675 527 733 feminis
543 674 715 749 ntimainnt,
740 674 874 751 qnoniam
893 675 1000 735 urinam
1021 694 1105 737 aaran

107 780 163 821 aon
177 762 308 838 inpedito
324 758 454 819 reddant.

126 890 129 894 -
172 846 257 923 (67.)
281 841 402 902 Constat
417 844 445 902 in
460 840 604 901 Lusitania
619 844 697 901 eirea
712 840 892 919 Olisiponem
907 842 1043 921 oppidum
1060 854 1149 911 ettae

109 930 217 1007 'dagam
232 945 342 988 amnem
357 943 448 1004 equas
461 924 589 985 Favonio
608 925 696 985 dante
713 925 853 985 obversas
871 926 1024 987 annnalarn
1036 944 1104 989 oon·

109 1016 208 1091 eipere
233 1013 380 1090 spiritum,
398 1010 491 1088 idque
512 1019 623 1087 partam
643 1010 704 1069 fieri
726 1018 756 1069 et
773 1010 853 1085 gigni
878 1011 1105 1087 pernicissimum

72 1117 99 1157 so
109 1100 158 1172 ita,
176 1097 228 1156 sed
250 1096 402 1155 trienninm
422 1095 498 1153 vitae
523 1111 581 1153 non
598 1094 755 1153 excedere.
786 1097 814 1152 in
843 1095 945 1170 eadem
969 1092 1105 1172 Hispania

108 1181 238 1241 dailaioa
248 1197 322 1257 gans
334 1188 380 1239 est
394 1187 424 1237 et
437 1177 581 1239 Asterion.
602 1180 698 1256 equini
711 1178 838 1254 generis,
851 1212 892 1225 —-
907 1178 935 1239 hi
950 1188 1014 1238 sunt
1030 1196 1104 1256 qnos

107 1264 272 1326 thieidones
287 1280 435 1337 voeamns,
457 1263 569 1323 minore
580 1262 674 1323 forma
689 1262 853 1340 appellatos
864 1271 1045 1337 asturcones,
1065 1296 1101 1309 ·-

108 1351 229 1425 gignunt
245 1348 349 1426 quibas
368 1363 427 1405 non
446 1346 579 1423 volgaris
599 1348 628 1405 in
650 1364 735 1407 auron
753 1346 860 1422 mades
885 1346 936 1406 sed
952 1346 1048 1407 modiis
1063 1347 1104 1407 al·

107 1442 190 1492 terno
205 1450 321 1492 erurnm
333 1431 480 1508 explieatn
493 1430 677 1506 glomeratio,
688 1431 765 1491 ande
777 1431 859 1508 equis
874 1430 986 1491 tolutim
998 1448 1104 1509 sapere

74 1518 250 1577 tsinenrsam
265 1516 383 1575 traditor
399 1524 471 1574 arte.
492 1513 577 1592 Equo
590 1515 654 1574 iere
671 1516 717 1592 qni
734 1514 838 1575 homini
853 1514 955 1589 morbi,
975 1524 1103 1592 praeter·

108 1618 165 1678 qne
178 1601 298 1659 aesinae
314 1600 479 1675 nomenoio,
496 1600 570 1659 sient
586 1599 718 1659 omnibns
733 1600 761 1657 in
776 1616 886 1675 genere
901 1602 1043 1663 veterino.

167 1684 220 1744 43.
244 1682 329 1761 (68.)
357 1683 476 1743 minum
500 1695 585 1744 cccc
611 1682 725 1743 milibus
742 1687 1019 1761 nnmmunrernptnm
1045 1682 1081 1757 Q.
1095 1690 1146 1745 toi

106 1767 185 1825 Axio
206 1770 334 1827 senatori
361 1776 462 1827 anotor
486 1777 534 1827 est
556 1767 595 1827 ιι.
619 1768 730 1842 Varro,
754 1768 821 1828 haut
842 1769 903 1827 aoio
927 1786 963 1829 an
981 1769 1104 1827 omnium
1204 1762 1208 1773 '

106 1852 203 1929 pretio
227 1852 385 1911 animalium
406 1854 510 1911 vieto..
535 1869 627 1930 opera
653 1854 714 1911 sine
737 1852 823 1912 dnbio
847 1854 950 1928 generi
973 1851 1103 1925 miridoa,
1131 1874 1132 1879 ¹

66 1935 216 1997 soarando
232 1952 365 2014 quoqne,
387 1936 440 1995 sed
455 1936 593 1995 mularum
612 1954 745 1995 maxume
766 1938 1021 2013 progeneratione.
1053 1952 1103 2012 pa·

105 2018 161 2077 tria
177 2020 262 2078 etiam
273 2027 422 2095 spectatur
438 2021 467 2077 in
481 2020 536 2092 his,
549 2018 701 2079 Areadiois
715 2021 744 2079 in
753 2019 873 2094 Achaia,
887 2021 915 2079 in
932 2019 1013 2079 ltalia
1029 2018 1103 2079 Rea·

104 2100 182 2161 anis
197 2105 291 2180 ipsam
304 2102 407 2160 animai
425 2102 542 2177 frigoris
563 2120 694 2161 mamare
710 2104 860 2180 inpatiens.
892 2103 959 2163 ideo
979 2120 1037 2163 non
1051 2120 1102 2177 ge·

79 2183 83 2190 ’
104 2195 223 2245 noratur
237 2186 267 2243 in
283 2185 390 2259 Ponto,
413 2202 468 2245 neo
482 2186 665 2263 aequinoctio
681 2203 771 2245 verno
787 2194 818 2245 ut
835 2195 934 2245 cetera
948 2204 1041 2265 paona
1053 2185 1102 2245 ad·

103 2270 234 2343 mittitur,
252 2268 305 2340 sed
321 2269 456 2328 solstitio.
493 2268 589 2329 dianes
610 2270 640 2327 in
661 2270 832 2329 remissione
846 2272 944 2347 operis
960 2270 1085 2329 deterio-
1094 2276 1147 2331 168
1259 2284 1260 2291 ’

65 2370 166 2418 sares
186 2360 287 2429 partos
301 2370 317 2411 a
333 2354 481 2413 trioesinso
496 2370 596 2413 mense
610 2354 779 2431 ooissimns,
805 2354 858 2415 sad
872 2371 888 2415 a
903 2356 1016 2413 trimatu
1030 2352 1102 2428 legi·
1191 2384 1194 2397 ·

103 2439 200 2498 thus.
226 2437 346 2497 totidem
357 2446 428 2515 quot
440 2454 534 2515 equae
546 2446 575 2497 et
588 2438 700 2497 eisdem
714 2438 860 2499 mensibus
873 2447 902 2498 et
913 2439 997 2499 simili
1006 2436 1101 2499 modo.

105 2522 161 2581 sed
182 2522 362 2581 incontinens
381 2530 481 2581 uteros
502 2523 582 2582 urina
598 2522 726 2598 genitale
746 2523 856 2597 reddit,
880 2524 908 2581 ni
931 2532 1051 2599 angatur
1076 2521 1103 2579 ia

105 2622 221 2665 onasum
234 2605 408 2665 verber-ibes
423 2624 440 2666 a
456 2607 544 2665 ooitn.
574 2623 641 2666 raro
655 2608 787 2683 geminos
802 2608 886 2685 parit.
916 2609 1042 2683 paritura
1060 2604 1102 2665 ln:

104 2706 171 2749 aem
187 2690 260 2765 ingit
284 2700 314 2749 et
328 2690 466 2750 tenebras
486 2690 616 2767 quaerit,
646 2708 683 2749 ne
703 2692 898 2768 oonspioiatnr
917 2690 952 2749 ab
976 2690 1101 2749 homine.

64 2796 92 2839 so
102 2773 198 2850 gignit
209 2782 271 2833 tota
282 2774 341 2833 vita
357 2790 432 2851 qnae
449 2783 495 2833 est
509 2776 537 2833 ei
551 2773 588 2833 ad
602 2775 778 2850 trigesimam
795 2790 906 2834 annum.
923 2773 1023 2833 Partes
1039 2779 1146 2838 aa-169

101 2858 176 2916 ritas
191 2872 316 2933 somma,
334 2858 388 2916 sed
401 2874 538 2935 aqnmom
558 2856 682 2917 taedium
706 2860 805 2917 mains.
833 2874 888 2934 per
910 2858 984 2934 ignis
1003 2856 1038 2917 nd
1059 2858 1112 2917 iae.
1146 2856 1148 2867 ’

100 2950 153 3000 m
163 2940 291 3001 tendunt.
327 2940 459 3015 eaedem,
492 2942 517 2999 si
533 2943 612 3001 risos
626 2943 765 3000 minumus
780 2940 909 3014 intersit,
929 2941 1049 3001 horrent
1063 2942 1102 2999 ita

100 3032 135 3085 nt
147 3024 241 3101 pedes
261 3024 377 3083 omnino
403 3033 526 3085 caveant
539 3025 681 3101 arguere.
707 3040 761 3083 neo
781 3024 835 3083 nisi
850 3024 987 3085 adsuetos
1004 3031 1103 3102 potant

99 3108 191 3167 iontis
207 3124 282 3185 qaae
297 3117 362 3167 sent
376 3108 405 3166 in
418 3109 563 3185 peenariis
577 3117 665 3186 atquo
680 3108 719 3167 ita
733 3116 763 3167 ut
779 3109 859 3167 aiooo
871 3110 984 3169 tramite
999 3108 1035 3168 ad
1050 3124 1101 3185 po·

61 3208 90 3249 ss
99 3200 162 3251 tmn
179 3200 255 3251 eant.
277 3210 334 3251 neo
348 3193 445 3270 pontis
460 3199 608 3251 transeunt
619 3208 674 3269 per
690 3192 836 3254 raritatem
850 3209 948 3253 eoram
957 3192 1101 3253 troianos·

99 3273 180 3334 tinas
194 3275 299 3335 dariis
322 3278 481 3354 miramque
502 3276 596 3350 diota,
612 3277 709 3335 sitiunt
724 3285 769 3352 et,
791 3277 816 3335 si
837 3286 980 3337 mutentur
997 3292 1100 3354 aquae,
1185 3334 1189 3343 ,

97 3366 134 3418 nt
148 3356 246 3418 bibant
266 3360 419 3435 angendae
440 3360 644 3419 exorandaeve
661 3368 736 3420 sunt.
773 3376 830 3419 neo
849 3361 1052 3437 nisispatiosa
1073 3360 1100 3417 in

98 3440 202 3502 annito
220 3442 334 3503 laxitas.
359 3444 440 3505 varia
456 3461 580 3521 namque
602 3460 702 3504 somno
718 3446 780 3505 visa
796 3445 960 3523 oonoipinnt
976 3444 1033 3503 iota
1050 3458 1100 3523 pe·
