2542 3842
173 169 252 218 nur.
272 170 361 216 nrsr.
373 147 442 216 'x11.
466 163 618 218 nt—*xtnu
637 155 983 236 1.(x11.6o-x111.a.)
1042 155 1108 218 231

98 330 261 400 unguenta.
302 317 374 398 Gap.
401 321 428 378 1.
461 319 538 394 Quin
569 321 677 398 primus
707 319 851 380 invenerit
881 337 946 380 non*
971 307 1132 387 tradimm

98 407 203 466 Iliacis
217 403 397 482 temporibus
414 419 471 462 non
487 412 584 478 erant,
607 421 664 463 uec
681 412 745 463 ture
766 403 991 482 supplicabatur.
1023 406 1105 466 cedri

100 497 213 549 tanturn
232 497 262 548 et
277 489 340 547 citri
354 504 471 546 suorum
486 488 619 547 fruticum
636 489 708 547 etin
723 489 814 546 sacris
827 486 905 546 inmo
918 489 1103 549 convolutum

100 573 236 633 nidorem
256 571 461 648 verius.quan1
481 573 601 632 odorem
622 564 764 632 noverant
786 573 842 630 iarn
856 587 944 631 rosae
963 586 1035 634 suco
1059 589 1105 635 re·
1221 641 1225 649 p

72 659 201 736 aperto.
233 657 393 716 nominatur
408 657 482 714 enim
499 655 546 715 hin
567 673 684 734 quoque
699 656 734 714 -iu
757 654 818 714 olei
838 654 931 716 laude.
969 655 1131 733 Urgum-³

100 743 163 800 tum
179 740 330 800 Persarum
347 741 442 816 gentis
461 757 528 799 esse
546 739 644 800 dehet.
674 739 717 798 illi
732 739 847 798 madent
861 754 899 798 eo
919 748 951 800 ct
964 741 1106 801 accersita

102 824 355 884 commendatione
382 823 489 882 inluvie
518 832 612 884 natum
641 823 720 882 virus
750 823 926 899 exstingunt.
972 825 1103 902 primum,
1179 853 1183 856 ·

102 907 185 988 qrrod
201 907 334 986 equidem
348 907 505 983 inveniam,
519 896 621 968 castris
635 905 725 966 Darei
738 907 818 984 regis
830 909 1003 985 expugnatis
1015 909 1045 968 in
1057 927 1105 971 re·

103 993 187 1071 liquo
206 993 268 1051 eius
290 991 427 1070 adparatu
444 991 613 1053 Alexander
634 991 713 1069 cepit
733 991 868 1050 scrinium
886 1000 1104 1068 unguentorum

63 1090 92 1131 so
103 1085 210 1154 postea
228 1075 441 1154 voluptuarius
464 1093 480 1135 a
495 1077 604 1134 nostris,
620 1092 735 1153 qnoque
751 1077 827 1134 inter
846 1074 1005 1137 lautissima
1017 1083 1107 1155 atone
1189 1099 1192 1103 ·

104 1161 193 1220 etiam
209 1159 411 1218 honestissima
427 1160 504 1218 vitae
525 1157 747 1220 honaadmissa
767 1166 828 1235 est,
850 1158 1002 1236 honosque
1019 1168 1048 1219 et
1069 1158 1106 1219 ad

104 1243 261 1304 defunctos
278 1243 423 1320 pertinere
440 1244 547 1321 coepit.
572 1251 751 1321 quapropter
759 1243 845 1320 plura
861 1243 899 1303 de
914 1259 952 1302 eo
965 1242 1104 1304 dicemus.

106 1326 190 1400 Quae
204 1345 250 1386 ex
271 1327 314 1386 his
332 1344 389 1386 non
406 1333 489 1386 erunt
508 1327 641 1390 fruticum
660 1326 697 1386 ad
712 1343 852 1404 praesens
867 1326 1029 1388 mutunus
1043 1334 1104 1386 tan·

104 1421 164 1470 tarn
179 1410 394 1487 indicabuntur,
410 1420 511 1470 natura
525 1427 597 1470 vero
613 1427 713 1470 eorum
728 1412 788 1471 suis
802 1410 942 1471 reddetur
955 1410 1040 1470 locis.
1102 1465 1106 1474 ,

68 1505 96 1546 tt
174 1494 236 1574 (2.)
249 1495 408 1572 [languentis
423 1495 595 1572 cognomino
610 1494 720 1554 dedere
732 1494 796 1554 aliis
807 1495 930 1572 patriae,
948 1494 1013 1555 aliis
1029 1493 1132 1569 sucht

106 1579 171 1638 aliia
187 1578 319 1654 arbores,
335 1579 398 1639 aliis
413 1596 535 1654 causae,
554 1579 732 1657 primumque
748 1579 776 1638 id
791 1579 1028 1653 scireconreuit,
1044 1595 1104 1638 mu·

106 1671 192 1722 tutam
212 1664 412 1723 auctoritatem
429 1671 459 1722 et
476 1664 594 1740 saepius
608 1662 749 1721 transisse
770 1662 913 1738 gloriam.
928 1661 1102 1723 Laudatissi·

104 1764 180 1806 mum
199 1746 423 1824 luit'antiquitus
443 1747 471 1805 in
485 1745 561 1806 Delo
578 1746 688 1822 insula,
708 1755 812 1824 penten
827 1744 1018 1807 llendesium.
1049 1761 1106 1803 nec

103 1831 226 1890 mixtura
245 1839 274 1889 et
289 1832 492 1909 conpositione
512 1839 618 1890 tartum
639 1831 697 1890 hoc
720 1829 841 1906 accidit,
863 1829 916 1890 sed
936 1829 1025 1892 iidem
1040 1829 1108 1894 ruci

68 1935 97 1977 nc
106 1915 185 1972 varie
202 1913 270 1972 alihi
284 1923 371 1993 atquc
385 1914 453 1974 alihi
467 1915 661 1992 praevaluere
677 1923 726 1974 aut
741 1914 972 1990 degeneravere.
1001 1912 1132 1978 lriuunnt

108 1993 238 2055 Corinthi
249 1996 296 2055 diu
307 2014 438 2057 maxume
451 1997 569 2074 placuit,
585 2007 689 2074 postea
704 1994 820 2070 Cynici,
836 1996 923 2056 simili
935 1995 1022 2056 modo
1038 1995 1106 2056 rho·

108 2079 202 2138 diuum
227 2076 357 2155 Phaseli,
386 2097 470 2156 quam
494 2080 615 2156 gloriam
640 2079 797 2140 abstulere.
808 2077 967 2156 Neapolis,
993 2077 1105 2156 Capua,

106 2161 274 2222 Praeneste.
308 2164 455 2223 erpoinum
471 2163 499 2220 in
513 2163 592 2222 Solis
606 2161 730 2222 Ciliciae
749 2162 797 2222 diu
812 2179 944 2222 maxume
961 2162 1107 2223 laudatum

108 2254 169 2319 est,
187 2262 254 2304 mox
269 2244 384 2322 Rhodi,
406 2246 608 2306 oenanthinum
625 2248 654 2305 in
670 2243 788 2326 Cypro,
803 2245 909 2307 deinde
922 2246 952 2305 in
966 2244 1106 2323 Aegypto

72 2331 319 2407 aspraepositum,
341 2339 408 2408 post
421 2329 626 2406 Adramytteo,
644 2330 835 2390 amaracinum
851 2330 880 2389 in
895 2326 976 2404 (loo,
1002 2338 1106 2407 postea

108 2412 210 2473 eodem
236 2412 303 2473 loco
329 2414 489 2492 praelatum
514 2423 560 2474 est
585 2413 738 2488 melinum,
763 2414 912 2491 cyprinum
936 2414 966 2472 iu
981 2409 1106 2490 Alypio,

107 2497 209 2558 deinde
225 2501 253 2557 in
269 2497 424 2576 Aegypto,
448 2497 497 2557 ubi
512 2497 694 2559 Mendesium
711 2505 741 2556 et
755 2499 912 2576 metopium
928 2495 1023 2557 subito
1038 2511 1105 2571 gra·

107 2583 161 2641 tius
176 2580 282 2641 iactum
298 2591 353 2641 est.
383 2599 451 2641 mox
465 2581 539 2641 haec
555 2581 673 2642 abstulit
688 2581 851 2656 Phoenice,
868 2590 898 2640 ct
913 2579 1026 2658 cyprini
1040 2578 1134 2640 lau-ti

108 2665 171 2722 dem
189 2663 325 2742 Aegypto
342 2664 473 2742 reliquit.
505 2665 739 2725 Panathenaicou
754 2681 837 2724 suum
851 2662 985 2724 Athenae
1003 2678 1105 2741 perse·

75 2755 242 2805 noverantcr
254 2749 416 2824 optinuere.
440 2747 576 2808 iuerat'et
590 2747 750 2825 pardalium
765 2748 796 2806 in
808 2747 911 2821 Tarso,
922 2747 1009 2807 'cuius
1022 2746 1107 2806 etiam

110 2829 270 2906 conpositio
287 2837 316 2888 et
329 2831 451 2889 mixtura
467 2829 633 2890 oblitterata
646 2839 700 2888 est.
731 2830 920 2891 narcissinum
934 2845 1051 2906 quoque
1067 2844 1106 2887 ex

110 2911 179 2972 llore
202 2913 333 2972 narcisso
349 2911 436 2971 desiit
451 2914 585 2990 conponi.
601 2910 702 2972 'Ratio
723 2913 849 2972 laciendi
871 2911 995 2990 duplex,
1018 2915 1133 2972 sncnsl

111 2999 273 3072 et'corpus.
321 2994 371 3054 ille
393 2995 453 3054 olei
475 2993 633 3072 generibus
653 2995 719 3067 lere
741 3003 871 3069 constat,
895 2995 952 3056 hoc
972 2994 1103 3054 odorum.

88 3101 92 3110 ·
110 3078 179 3138 haec
194 3087 343 3154 stymmata
357 3087 480 3154 vocant,
496 3078 547 3138 illu
560 3076 738 3152 hedysmata.
765 3080 866 3139 tertius
881 3080 957 3144 inter
971 3078 1044 3138 haec
1060 3085 1106 3137 est

79 3161 190 3222 ssco'los
210 3161 305 3223 multis
326 3161 489 3238 neglectus.
514 3161 597 3222 huius
621 3178 709 3222 causa
731 3160 872 3222 adduntur
895 3159 1057 3225 cinnabaris
1073 3167 1105 3218 et

20 3273 21 3314 r
111 3245 241 3306 anchusa.
261 3246 305 3306 sal
320 3245 477 3323 adspersus
489 3246 549 3306 olei
563 3253 691 3305 naturam
703 3253 834 3304 coercet.
862 3245 965 3322 quihus
976 3242 1105 3314 anchusa

112 3329 219 3390 adiecta
234 3338 280 3389 est
301 3329 343 3390 sal
361 3345 418 3388 non
433 3328 552 3390 additur.
581 3330 678 3388 resins
692 3338 742 3388 aut
756 3329 874 3388 cummis
888 3326 1047 3400 adiciuntur
1067 3322 1105 3386 ad

113 3413 305 3476 continendum
318 3414 437 3476 odorem
451 3413 631 3508 incorpore.
654 3412 807 3474 celerrime
819 3413 844 3471 is
855 3413 1006 3474 evanescit
1016 3419 1105 3490 amna
