2542 3842
305 180 385 227 unu.
407 180 498 229 rursu.
520 181 568 227 ιιι.
588 175 712 233 ιιι-ιι.
729 166 879 251 (ns-aa.)
917 226 919 232 ,
1032 170 1090 233 173

92 337 174 398 malis
196 335 345 415 inplevere
365 334 490 411 ltaliam,
514 334 568 395 bos
592 352 708 433 quoque
729 331 880 413 inportare
899 337 994 398 conati
1014 346 1091 414 sunt,

92 423 144 483 sed
161 421 259 500 vivere
276 420 348 479 iutra
367 418 456 479 Siculi
473 418 546 479 caeli
560 420 712 518 regionem
728 435 787 479 non
800 428 933 499 potuere
962 420 1092 481 visuntur

91 490 186 566 tamen
203 502 380 581 aliquando'
372 521 400 563 ιιι
416 500 509 579 ltalia,
526 502 597 563 sed'
589 505 716 578 innocui,
731 500 885 601 multisque
900 502 984 565 aliis
975 523 1004 565 un
1015 504 1090 568 locis

91 598 122 649 ut
139 591 216 649 circa
239 586 390 647 Pharum
382 606 410 645 ru
415 586 578 685 dempto.
621 586 654 647 ln
674 586 793 661 Scythia
812 588 983 649 interemunt
1005 590 1134 653 ettamoo

69 687 160 733 osnes
179 672 306 750 alioquin
328 670 491 747 vivaciores
513 677 612 729 contra
628 688 741 731 venena
756 670 842 746 talia,
863 672 961 749 nigras
976 672 1091 751 quidem

92 757 229 831 celerius,
245 755 269 814 si
284 756 313 813 in
329 772 431 833 aquam
445 774 478 815 se
494 756 683 815 inmerserint.
700 754 806 816 bomini
821 756 880 815 icto
893 763 1008 834 putatur
1023 774 1092 817 esse

91 838 219 901 remedio
237 840 364 918 ipsorum
384 840 456 898 ciuis
479 847 564 917 potus
586 839 614 897 iu
630 839 707 897 vino.
740 836 873 915 illaquam
888 840 1092 913 adversitatem

92 923 160 983 oleo
177 926 280 983 mersis
295 931 324 983 et
339 922 520 991 stellionibus
536 930 635 1000 putant
650 940 734 997 esse,
751 924 881 983 innocuis
893 924 1040 985 dumtaxat
1055 925 1090 985 iis

92 1009 182 1088 quiet
199 1008 254 1087 ipsi
271 1015 370 1067 carent
384 1007 535 1085 sanguine,
548 1006 721 1067 lacertarum
737 1005 839 1083 figura.
857 1016 943 1086 atque
958 1009 1089 1086 scorpio-

56 1109 144 1152 1ones
166 1093 195 1149 ιιι
215 1100 304 1151 totum
324 1089 394 1151 nulli
417 1106 525 1151 cocere
549 1088 654 1168 quibus
674 1106 731 1149 non
753 1091 789 1149 sit
809 1091 935 1168 sanquis.
968 1089 1088 1164 Quidam
1099 1098 1133 1153 91

92 1184 121 1235 et
136 1172 172 1233 ab
187 1175 258 1253 ipsis
281 1174 370 1236 letum
391 1174 523 1235 devorari
545 1172 726 1235 arbitrantur.
757 1192 842 1233 unum
860 1174 947 1236 ruodo
968 1174 1091 1252 relinqui

66 1295 73 1329 ,ι
91 1258 323 1319 sollertissimum
339 1266 368 1318 et
384 1260 432 1335 qui
451 1276 485 1319 se
499 1259 590 1336 ipsine
605 1258 703 1317 matris
719 1256 851 1318 clunibus
868 1258 1033 1337 inponendo
1049 1268 1091 1319 tu·

91 1351 136 1403 tus
153 1352 212 1403 eta
230 1342 321 1403 cauda
337 1350 366 1402 et
386 1360 402 1401 a
419 1352 516 1402 ntorsu
536 1341 605 1403 loco
628 1341 686 1403 hat.
729 1340 805 1401 hunc
825 1360 893 1402 esse
913 1342 1092 1423 reliquorum

92 1426 225 1503 ultorem,
242 1428 290 1507 qni
303 1427 451 1505 postremo
464 1426 613 1503 genitores
627 1443 754 1503 superne
771 1425 914 1487 conficiat.
944 1426 1091 1504 pariuntur

57 1519 185 1575 asautem
201 1510 314 1571 undeni.

155 1588 204 1655 2'6.
224 1594 307 1673 (31.)
327 1592 739 1655 chamaeleonumstelliones
760 1592 789 1653 bi
809 1592 1021 1673 quodammodo
1042 1609 1090 1651 ne·

92 1686 182 1739 turam
195 1678 314 1755 habeut,
330 1695 398 1738 rore
414 1680 519 1739 tanturn
533 1678 666 1738 viventes
681 1685 858 1757 praeterque
872 1676 995 1742 araneis.

155 1760 238 1843 (32.)
256 1762 362 1823 Similis
380 1762 489 1823 cicadis
504 1762 578 1837 vita,
593 1757 718 1861 'quarum
733 1760 790 1822 duo
810 1778 938 1841 genera:
963 1761 1089 1821 minores
1098 1767 1133 1823 θι
1244 1836 1249 1847 1

92 1864 165 1925 quae
184 1848 292 1926 primae
316 1846 486 1925 proveniunt
507 1854 537 1907 et
554 1846 729 1908 novissimae
751 1854 890 1923 pereunt,
914 1854 979 1905 sunt
998 1854 1093 1903 autem

55 1956 82 1999 20
91 1938 195 1991 mutae
227 1948 353 2028 sequeus
369 1939 415 1991 est
431 1930 563 1991 volatura
563 1947 653 2019 quae
669 1938 781 1991 canunt.
814 1938 953 1993 vocantur
969 1927 1091 1987 achetae

92 2022 131 2087 et,
148 2030 222 2089 quae
240 2014 366 2073 minores
383 2030 421 2073 en
435 2014 479 2073 bis
496 2022 560 2073 suut
562 2012 748 2089 ,tettigonia
779 2011 833 2072 sed
849 2010 917 2072 illae
932 2012 1024 2089 magis
1042 2027 1090 2071 ca·

92 2112 191 2156 norae
220 2114 316 2157 mares
331 2097 457 2157 canunt
447 2113 476 2154 ιιι
491 2105 614 2172 utroque
628 2112 750 2171 genere,
762 2094 887 2155 feminae
904 2094 998 2155 silent
1017 2093 1091 2155 Gen-

92 2189 138 2239 tes
154 2187 308 2240 vescuntur
323 2179 359 2238 iis
372 2177 408 2240 ad
425 2180 576 2253 orientem,
595 2178 680 2237 etiam
693 2177 790 2238 Parthi
806 2177 911 2255 opibus
926 2175 1090 2239 abundanti·

92 2264 156 2323 bus.
195 2271 261 2323 ante
284 2263 389 2323 coitum
411 2264 496 2323 maris
524 2261 709 2340 praeierunt,
731 2280 748 2321 a
767 2262 844 2321 coitu
863 2260 1000 2336 feminas,
1027 2262 1091 2321 ovis

54 2364 191 2411 aucarum
212 2346 356 2425 corrupti,
374 2363 448 2426 quae
469 2354 533 2407 sunt
558 2346 689 2406 candida.
722 2345 814 2405 coitus
838 2345 958 2423 supinis.
995 2344 1135 2421 dape-93
1178 2408 1181 2414 ,

92 2431 161 2491 ιιιιι
177 2439 334 2509 praeacuta
349 2431 377 2490 in
388 2429 487 2505 dorso,
501 2448 558 2509 qua
573 2438 715 2490 excavant
729 2429 842 2489 feturae
854 2428 951 2491 locum
962 2428 1091 2488 interra.

92 2515 123 2573 lit
134 2516 226 2592 primo
243 2514 428 2590 vermiculus,
440 2513 544 2577 deiude
560 2530 598 2575 ex
613 2530 650 2573 eo
667 2532 741 2591 quae
752 2522 874 2573 vocatur
884 2514 1091 2590 tettigometra,

93 2598 172 2659 cuius
188 2600 297 2660 cortice
314 2607 399 2679 rupto
416 2600 493 2659 circa
510 2598 635 2659 solstitia
651 2596 779 2673 evolant,
790 2604 878 2656 noctu
893 2615 1019 2675 semper,
1033 2593 1089 2674 pri·

91 2699 138 2739 mo
154 2684 253 2759 nigrae
269 2692 355 2761 atque
370 2683 469 2744 durae.
502 2701 585 2743 uuum
600 2680 658 2741 boc
674 2700 712 2741 ex
725 2682 761 2741 iis
778 2697 852 2757 quae
868 2681 966 2739 vivont
981 2687 1011 2740 et
1028 2679 1092 2739 sine

56 2782 146 2833 auore
162 2774 216 2824 est.
246 2783 304 2843 pro
316 2783 353 2826 eo
369 2765 503 2845 quiddam
519 2764 716 2827 aculeatorum
738 2764 843 2841 linquis
861 2761 972 2837 simile,
990 2771 1021 2822 et
1035 2761 1093 2822 hoc

93 2850 121 2908 ιιι
134 2855 266 2926 pectore,
283 2865 340 2927 quo
356 2864 452 2909 rorem
467 2846 603 2909 lambunt.
615 2850 748 2926 peetus
738 2864 832 2946 ipsum
847 2846 1019 2910 fistulosum.
1034 2844 1092 2906 boc

94 2938 197 2991 canunt
213 2930 350 3006 achetae,
372 2940 402 2991 ut
419 2931 549 2993 diximus.
594 2930 641 2991 De
657 2939 758 2991 cetero
778 2932 925 2991 iuventte
945 2928 1016 2989 nibil
1037 2937 1092 2989 est
1101 2937 1135 2991 94

94 3015 238 3075 excitatae
254 3034 317 3075 curu
329 3013 493 3090 subvolant,
509 3032 639 3076 umorem
652 3014 786 3089 reddunt,
804 3012 881 3093 quod
896 3013 990 3075 aoluru
1007 3030 1091 3089 arqu-

93 3105 216 3158 meutum
231 3108 276 3157 est
293 3116 360 3160 rore
377 3117 427 3159 eas
442 3099 491 3163 ali.
526 3098 628 3159 iisdem
643 3098 715 3158 solis
732 3096 840 3159 nullum
855 3096 891 3158 ad
907 3103 1091 3158 excrementa

57 3206 85 3247 aa
96 3182 229 3261 corporis
244 3181 382 3243 foramen.
411 3181 488 3243 oculi
504 3189 568 3242 ιιιιιι
583 3190 641 3242 tam
656 3180 779 3241 hebetes
794 3190 834 3256 ut,
851 3180 877 3241 ιι
893 3180 957 3260 quis
973 3180 1101 3257 digitum,

95 3264 318 3327 contrahendae
336 3266 482 3327 remittens
498 3266 710 3344 adpropinquet
724 3266 777 3339 iis,
794 3272 941 3326 transeant
956 3263 1048 3341 [velut
1063 3263 1092 3321 in

93 3348 187 3427 iolial.
220 3346 339 3423 Quidam
358 3349 414 3409 duo
435 3350 489 3411 alia
506 3367 616 3426 genera
635 3348 744 3410 iaciunt
767 3367 879 3423 carum,
903 3345 1091 3408 surcularium

94 3450 169 3513 quae
185 3434 221 3495 sit
236 3432 387 3513 grandior,
402 3433 612 3494 frumentariam
628 3451 712 3512 quam
727 3432 775 3494 alii
793 3433 955 3492 avenariam
972 3438 1088 3493 vocant.
