2542 3842
160 162 218 226 168
447 134 449 139 ’
506 175 815 224 c.rc1n1snouuo1

155 350 260 407 naeus,
292 329 412 391 Crocus.
445 331 508 410 ipsa
537 331 621 391 abest
639 330 839 410 promontorio
858 348 911 391 suo
935 332 1012 411 qnod
1037 343 1161 395 vocatur

157 415 380 494 Criumetopon,
405 424 435 475 ut
450 415 546 494 prodit
561 414 710 493 Agrippa,
733 432 749 474 a
765 412 942 490 Cyrenarum
959 420 1158 493 promontorio
1263 425 1265 481 ἶ

156 500 304 575 Phycunte
327 496 433 558 CXXV
448 500 505 559 mil.
523 515 676 577 passuum,
697 500 766 558 item
782 497 901 559 Cadisto
923 518 940 559 a
959 498 1056 560 blaleo
1073 501 1157 563 Pelo·

156 584 280 662 ponnesi
305 581 423 658 LXXV,
451 601 467 642 a
489 580 634 661 Carpatho
656 579 749 643 insula
768 585 967 662 promontorio
985 584 1159 652 Sammoneo
1263 621 1265 626 ·

158 666 208 726 LX
227 667 285 727 mil.
304 668 332 726 in
348 666 494 726 favonium
508 675 634 725 ventum.
665 665 739 726 haec
753 669 828 726 inter
842 684 906 727 eam
921 676 952 727 et
966 667 1099 728 Rhodum
1116 673 1185 730 ins

115 752 288 815 ottericum.
318 749 462 827 Reliquae
478 750 557 809 circa
576 766 640 808 eam
660 759 727 809 ante
748 749 982 827 Peloponnesum
1003 750 1077 811 duae
1101 753 1159 815 Co-

157 853 256 911 rycae,
273 835 392 894 totidem
406 831 517 908 Mylae,
535 841 564 891 et
579 831 672 891 latere
686 834 906 911 septentrionali
925 834 1027 894 dextra
1043 833 1161 898 Cretam

156 920 272 980 habenti
294 926 394 977 contra
416 914 582 992 Cydoneam
607 914 705 975 hence
733 925 763 975 et
789 917 864 976 duae
884 916 1034 995 Budroae,
1058 932 1161 981 contra

158 1002 274 1063 blatium
288 1001 354 1077 Dia,
372 1008 472 1059 contra
488 998 595 1059 Itanum
608 1002 835 1076 promontorium
848 999 956 1077 Onisia,
967 1001 1076 1078 Lance,
1090 1022 1161 1064 eon·
1263 1039 1265 1043 >

156 1096 199 1147 tra
215 1085 419 1166 Hierapytnam
442 1081 569 1160 Chrysa,
597 1082 724 1144 Candor.
759 1085 863 1146 eodem
883 1094 977 1145 tractu
1003 1084 1159 1165 Ophiussa,
1171 1108 1196 1149 ro
1263 1141 1265 1152 ,

156 1170 264 1246 Butoa,
280 1168 411 1245 Aradus,
429 1168 688 1245 circumvectisque
705 1165 911 1248 Criumetopon
933 1178 997 1228 tres·
1008 1169 1160 1249 Xousago·
1263 1166 1265 1247 ζ

157 1273 209 1314 uus
227 1254 412 1333 appellatae(
429 1261 495 1312 ante
510 1252 701 1313 Sammonium
713 1256 940 1329 promontorium
952 1252 1080 1330 Phocoe,
1097 1256 1160 1316 Pla·

115 1340 224 1415 dbtiae,
241 1338 381 1412 Sirnldes,
397 1335 576 1413 Naulochos,
593 1336 756 1412 eredon,·
769 1334 916 1415 Zephyre.
938 1337 977 1395 ht
986 1340 1015 1396 in
1025 1337 1160 1415 Hellade,

158 1424 308 1482 etiamnum
323 1422 352 1479 in
367 1420 507 1496 Aegaeo,
524 1419 681 1495 Lichades,
698 1421 854 1500 Scarphia,
871 1419 1000 1494 Coresa,
1019 1422 1162 1483 Phocaria

158 1506 373 1584 conpluresque
394 1503 468 1564 aliae
492 1522 530 1563 ex
550 1504 675 1563 adverso
696 1504 813 1565 httieae
832 1506 894 1564 sine
916 1505 1032 1585 oppidis
1048 1516 1078 1565 ct
1092 1506 1160 1567 ideo
1171 1528 1197 1571 tc

158 1589 313 1667 ignobiles.
341 1587 393 1647 sed
406 1596 505 1647 contra
517 1585 655 1647 Eleusina
671 1588 751 1647 clara
768 1585 902 1664 Salamis,
919 1598 986 1649 ante
1002 1608 1065 1649 eam
1077 1589 1160 1666 Psyt-

158 1674 242 1749 talia,
265 1690 280 1731 a
298 1672 385 1731 Sunio
402 1689 474 1731 vero
491 1669 604 1730 helene
621 1671 649 1731 V
669 1672 728 1731 mil.
748 1690 827 1750 pass.
846 1672 964 1733 distans.
997 1673 1063 1734 dein
1082 1671 1161 1735 Ceos

81 1796 85 1803 x
158 1757 194 1815 ab
212 1776 247 1816 ea
265 1756 400 1831 totidem,
423 1772 506 1833 quam
527 1758 618 1814 nostri
635 1756 751 1834 quidam
768 1757 869 1817 dixere
888 1754 993 1833 Ceam,
1011 1757 1115 1817 Graeci
1131 1768 1161 1819 et

157 1840 343 1923 Hydrussam,
361 1839 490 1901 avolsam
506 1838 657 1914 Euboeae,
674 1838 800 1916 Dlonga
816 1840 926 1900 stadios
937 1841 991 1900 luit
1005 1842 1159 1919 quondam,

157 1942 225 1983 mox
241 1932 375 2002 quattuor
391 1922 454 1982 lere
471 1918 599 2001 partibus
615 1940 690 2001 quae
709 1924 746 1984 ad
768 1924 919 1984 Boeotiam
933 1924 1094 2000 vergebant
1102 1927 1159 1985 eo·
1168 1943 1196 1984 ao
1263 1961 1265 1972 ·

158 2008 223 2067 dem
234 2008 305 2066 mari
320 2007 467 2067 devoratis
484 2007 590 2085 oppida
611 2006 700 2066 habet
720 2007 834 2086 reliqua
848 2002 954 2085 Iulida,
978 2006 1160 2085 Carthaeam,
1263 2010 1265 2064 ἰ

158 2090 334 2152 intercidere
360 2089 504 2168 Coresus,
530 2090 688 2152 l‘oeeessa.
732 2110 769 2151 ex
789 2093 843 2153 hac
864 2092 1027 2172 prolectam
1052 2092 1160 2154 delica-

158 2178 261 2237 tiorem
277 2176 390 2236 lerninis
404 2185 517 2236 vestem
534 2184 635 2236 auctor
651 2186 696 2237 est
711 2175 816 2237 Varro.

117 2268 152 2323 63
193 2262 196 2267 ’
217 2260 314 2339 (21.)
337 2260 458 2319 Euboea
475 2261 581 2338 etipsa
598 2261 700 2320 avolsa
715 2260 856 2321 Boeotiae
871 2269 928 2318 tam
943 2260 1058 2319 modico
1072 2261 1161 2319 inter·

159 2344 266 2404 lluente
281 2343 391 2422 Euripo
412 2352 442 2403 ut
453 2352 542 2425 ponte
558 2345 719 2419 iungantur,
737 2344 774 2401 ad
792 2342 941 2400 meridiem
955 2338 1197 2417 promontoriisao

159 2428 288 2501 duobus,
311 2424 451 2485 Geraesto
475 2425 510 2483 ad
527 2424 653 2483 Atticam
668 2434 811 2500 vergente
832 2433 862 2483 et
877 2424 914 2483 ad
939 2423 1160 2504 Hellespontum

160 2508 331 2587 Caphereo,
347 2508 484 2583 insignis,
503 2523 519 2564 a
536 2508 734 2582 septentrione
756 2505 889 2581 Cenaeo,
906 2524 1045 2583 nusquam
1065 2508 1159 2582 latitu-⁴

159 2592 253 2653 dinem
268 2591 342 2650 ultra
358 2589 407 2648 XL
423 2588 452 2647 hl
466 2606 602 2665 passuum
618 2585 764 2664 extendit,
778 2606 918 2666 nusquam
931 2591 1004 2649 intra
1015 2588 1074 2648 otti
1090 2606 1159 2649 oon·

160 2675 261 2751 trahit,
279 2670 331 2734 sed
346 2675 375 2733 in
392 2672 599 2749 longitudinem
614 2673 770 2733 universae
789 2672 930 2748 Boeotiae
950 2672 986 2731 ab
1004 2672 1100 2750 Attica
1124 2668 1160 2734 ad

161 2759 340 2819 Thessaliam
359 2776 453 2837 usquo
475 2766 626 2835 praetenta
647 2758 676 2815 in
697 2754 743 2816 CL
757 2756 814 2816 mil.
832 2774 928 2834 pass,
953 2758 1073 2817 circuitu
1087 2774 1196 2824 verosa
1263 2807 1265 2832 ,

120 2840 321 2909 64CCCLXV.
358 2841 441 2902 abest
468 2840 504 2901 ab
531 2835 725 2923 hellesponto
751 2850 835 2920 parte
860 2837 1006 2919 Capherei
1028 2836 1160 2900 CCXXV
1263 2841 1265 2889 l

161 2927 219 2987 mil.
235 2944 387 3006 passuum,
407 2925 526 2987 urbibus
543 2924 686 3003 quondam
703 2924 808 3000 Pyrra,
826 2925 977 3000 Porthmo,
993 2924 1085 3000 Neso,
1105 2923 1159 2984 Ce-

160 3010 266 3085 rintho,
284 3010 372 3085 Oreo,
389 3010 461 3085 Dio,
478 3009 629 3086 hedepso,
649 3007 739 3082 Ooha,
759 3006 913 3084 Oechalia,
929 3026 1005 3069 nuno
1022 3006 1161 3069 Chalcide

163 3095 243 3153 ouius
259 3111 297 3153 ex
311 3094 435 3153 adverso
451 3094 479 3153 ln
501 3095 659 3153 continenti
681 3092 764 3152 Xulis
782 3101 841 3169 est,
861 3091 1018 3168 Geraesto,
1029 3092 1159 3168 Eretria,

163 3175 298 3252 Carysto,
318 3176 446 3251 Oritano,
462 3176 630 3252 Artemisio,
646 3176 727 3237 lonte
741 3175 898 3251 Arethusa,
914 3178 1029 3236 flumine
1040 3175 1195 3235 Lelantoas

164 3262 305 3338 aquisque
322 3258 422 3319 calidis
440 3277 513 3337 quae
528 3260 665 3339 Ellopiae
679 3269 820 3319 vocantur
829 3260 946 3335 nobilis,
960 3262 1055 3318 notior
1066 3267 1161 3317 tamen

163 3360 306 3403 marmore
323 3341 467 3417 Carystio.
503 3352 586 3403 antea
606 3344 733 3403 vocitata
754 3352 800 3403 est
818 3342 1024 3403 Chalcodontis
1040 3350 1087 3399 aut
1102 3339 1160 3399 lla·

37 3504 45 3517 ·
164 3429 232 3506 oris,
251 3436 282 3488 ut
291 3426 448 3502 Dionysius
465 3435 495 3487 et
510 3426 647 3507 Ephorus
661 3428 784 3504 tradunt,
800 3436 832 3487 ut
849 3426 992 3486 Aristides
1007 3424 1115 3501 blacra,
1130 3432 1162 3485 ut
