2542 3842
157 170 219 256 242
524 205 554 255 c.
571 205 670 256 annu
686 203 837 254 succum

155 358 373 419 inconstantiam
395 376 546 420 mensurae
564 353 717 424 diversitas
732 369 880 424 auctorum
896 355 981 432 iacit,
1006 373 1069 416 cnm
1085 357 1152 417 Per·
1269 359 1270 362 ’

155 459 206 501 sae
221 457 340 520 quoqne
363 443 509 503 schoenos
524 453 553 504 et
568 459 746 524 parasangas
767 445 815 506 alii
835 442 891 502 alia
910 457 1042 500 mensura
1059 439 1153 500 deter-

113 537 162 590 lis
170 527 284 583 minent.
322 525 373 586 nbi
387 527 474 587 desiit
489 527 574 588 alveo
590 528 717 602 munire,
734 528 769 588 ad
786 525 938 589 confinium
953 521 1091 582 Characis
1106 541 1153 583 ac·
1171 583 1177 594 ,

154 607 277 668 cedente
293 615 396 684 tracto,
413 611 506 668 statim
519 611 655 670 infestant
668 609 756 670 Attali
771 611 910 683 latrones,
928 606 1055 666 Arabum
1068 615 1152 682 gens,

153 691 227 750 ultra
249 708 323 770 quos
343 693 489 752 Scenitae.
530 692 635 751 ambitu
657 709 728 752 vero
749 679 905 772 Euphratis
919 688 1065 750 Nomades
1080 689 1177 756 Ara-5

110 773 227 835 sarbiae
242 792 335 854 nsque
350 776 386 834 ad
408 775 524 834 deserta
541 775 661 850 Syriae,
684 775 761 834 unde
775 777 803 834 in
825 774 972 834 meridiem
989 771 1067 830 ilecti
1088 790 1153 831 eum
1267 775 1270 804 ¹

111 856 301 932 liiidirimus,
320 857 490 916 solitudines
505 856 690 931 Palmyrenus
704 856 925 935 relinquentem.
952 854 1086 916 Seleucia
1102 854 1151 914 ab·

153 948 200 999 est
217 959 233 1001 a
248 942 344 1019 capite
361 938 589 1017 Mesopotamiae
605 938 772 1018 Euphraten
787 936 1153 1016 nauigantibus'XTXXV

151 1023 210 1083 mil.
231 1041 385 1102 passuum,
407 1041 424 1081 a
443 1023 514 1082 mari
531 1021 647 1099 Rubro,
669 1025 693 1083 si
711 1022 791 1100 Tigri
805 1025 965 1099 navigetur,
990 1019 1096 1093 CCXX
1111 1019 1151 1095 bl,

152 1124 168 1166 a
186 1105 344 1183 Zeugmate
359 1103 547 1166 bccxxun
560 1105 631 1182 mil,
651 1107 779 1184 Zeugma
797 1107 880 1167 abest
897 1105 1033 1165 Seleucia
1049 1105 1151 1179 Syriae
1159 1130 1191 1174 tc

153 1187 188 1248 ad
203 1199 331 1250 nostrum
344 1188 410 1248 litus
427 1186 555 1249 CLXXV
565 1190 623 1249 mil.
635 1207 781 1268 passuum.
820 1189 901 1249 llaec
916 1197 961 1248 est
975 1188 1014 1247 ibi
1029 1186 1149 1248 latitudo

151 1279 291 1333 terrarum
305 1273 379 1332 inter
393 1272 451 1332 duo
470 1274 574 1348 maria,
599 1272 724 1333 Parthici
738 1290 810 1334 vero
827 1273 911 1349 regni
925 1268 1151 1330 mccccxviii

149 1355 209 1414 mil.
226 1372 369 1434 passuum.

246 1437 328 1515 (31.)
366 1434 419 1496 Est
440 1437 590 1497 etiamnum
615 1437 752 1515 oppidum
776 1435 1006 1515 Mesopotamiae
1030 1436 1059 1494 in
1086 1436 1148 1513 ripa

150 1521 245 1596 Tigris
265 1521 341 1579 circa
361 1519 548 1595 conducatis,
570 1519 646 1596 quod
663 1528 769 1578 vocant
783 1518 916 1595 Digbam.
1160 1545 1186 1584 15

108 1611 159 1664 127
244 1601 294 1658 27·-
327 1601 386 1660 Sed
402 1610 431 1660 et
447 1601 482 1661 dc
500 1599 578 1678 Tigri
596 1603 661 1678 ipso
678 1601 785 1660 dixisse
802 1601 964 1660 conveniat.
1009 1599 1099 1658 oritur
1120 1601 1148 1656 in

111 1701 115 1706 ·
149 1683 271 1756 regione
284 1682 439 1742 Armeniae
455 1683 571 1762 maioris
586 1684 666 1742 ionte
683 1684 842 1761 conspicuo
864 1685 891 1741 in
906 1682 1035 1761 planitie.
1078 1680 1146 1739 loco

150 1779 255 1822 nomen
275 1762 435 1839 Elegosine
456 1774 516 1840 est,
545 1767 600 1843 ipsi
621 1783 677 1844 qua
695 1765 807 1826 tardior
827 1765 887 1825 iluit
908 1765 1029 1841 Diglito.
1071 1763 1146 1823 unde

151 1846 326 1920 concitatur,
349 1863 365 1906 a
384 1846 536 1907 celeritate
555 1847 651 1924 Tigris
675 1849 773 1926 incipit
792 1851 901 1908 vocari.
940 1849 979 1907 ita
998 1847 1147 1926 appellant

148 1926 224 1987 lledi
247 1927 388 2004 sagittam.
428 1929 518 1990 inlluit
533 1932 562 1989 in
576 1931 670 1991 la‘curu
686 1931 846 1991 Aretissam
864 1933 957 1991 omnia
972 1931 1058 1990 inlata
1074 1946 1144 2009 pon·
1155 1955 1182 1995 so

150 2009 219 2071 dera
235 2013 420 2071 sustinentem
442 2022 471 2073 et
488 2014 591 2073 nitrum
605 2013 719 2074 nebulis
736 2015 925 2075 exhalantem.
952 2032 1036 2073 unum
1054 2029 1145 2090 genus

150 2094 177 2152 ei
193 2095 314 2171 piscium
328 2105 382 2171 est,
402 2096 490 2174 idque
504 2098 726 2157 transcurrentis
744 2115 801 2157 non
819 2087 959 2158 miscetur*
972 2097 1055 2157 alveo
1072 2097 1146 2156 sicut

108 2183 259 2254 128neque
276 2195 294 2237 e
311 2177 390 2255 Tigri
408 2180 507 2256 pisces
522 2180 550 2238 in
571 2180 664 2240 lacurn
679 2188 863 2241 transnatant.
899 2182 990 2241 lentur
1005 2189 1099 2240 autem
1117 2186 1146 2238 et

150 2268 280 2319 coronet
297 2262 398 2320 colore
419 2262 582 2337 dissimilis,
602 2273 843 2342 transvectusque
859 2272 1031 2324 occurrente
1050 2262 1144 2322 Tauro

147 2351 244 2400 monte
265 2343 294 2400 in
314 2360 435 2420 specum
456 2345 596 2419 mergitur
616 2345 775 2422 subterque
791 2347 889 2423 lapsus
913 2365 928 2406 a
945 2347 1036 2404 latere
1052 2343 1144 2403 altero
1154 2365 1180 2407 as

148 2425 210 2482 eius
228 2425 359 2501 erumpit.
395 2424 477 2483 locus
491 2435 613 2484 vocatur
628 2425 792 2486 Zoroande.
836 2428 957 2486 eundern
974 2444 1040 2484 esse
1057 2426 1143 2484 mani·
1177 2434 1207 2444 '·

148 2507 252 2564 iestum
268 2513 329 2578 est,
348 2505 426 2581 qnod
443 2505 575 2566 demersa
590 2508 711 2585 perfert.
735 2507 855 2569 alterum
870 2508 974 2568 deinde
990 2509 1090 2566 transit
1103 2505 1143 2565 la'·

149 2603 212 2645 cam
228 2586 276 2664 qui
292 2585 447 2663 Thespites
462 2588 626 2666 appellatur
643 2605 811 2667 rursumque
829 2591 857 2650 in
876 2590 1023 2650 cuniculos
1038 2589 1142 2664 mergi-

147 2676 202 2726 tur.
236 2677 304 2746 post
324 2667 407 2728 xxll
429 2669 488 2728 mil.
516 2687 652 2749 passuum
681 2674 758 2731 circa
781 2671 978 2750 Nymphaeum
1003 2671 1141 2732 redditur.

147 2759 204 2809 tam
225 2753 347 2811 vicinum
368 2750 509 2811 Arsaniae
531 2752 622 2813 dcere
645 2771 709 2813 eum
731 2756 760 2813 in
779 2755 900 2831 regione
917 2754 1031 2815 Arsene
1058 2752 1178 2820 Clau-ao

148 2832 211 2892 dius
223 2831 331 2894 Caesar
347 2843 449 2894 auctor
467 2845 522 2911 est,
543 2845 585 2912 nt,
605 2853 668 2895 curn
684 2838 852 2912 intumuere,
873 2837 1015 2897 confluant
1031 2855 1086 2896 neo
1100 2846 1142 2896 ta·

145 2932 212 2974 men
222 2919 405 2991 misceantur,
427 2917 577 2994 leviorque
592 2917 730 2978 Arsanias
743 2921 850 2979 innatet
864 2919 918 2979 llll
928 2919 957 2979 Μ
972 2921 1064 2979 ferme
1078 2937 1142 2996 spa·

106 2999 219 3072 ltbtio,
240 3015 308 3058 mox
322 2999 430 3058 divisus
448 3000 476 3058 in
492 2999 658 3078 Euphraten
683 3010 837 3077 mergatur.
873 3001 968 3079 Tigris
990 3013 1083 3062 autem
1105 3019 1143 3060 ex

146 3078 281 3139 Armenia
293 3083 423 3158 acceptis
438 3080 598 3141 fluminibus
615 3082 702 3142 claris
714 3083 864 3144 Parthenia
880 3103 914 3143 ao
925 3085 1141 3162 Nicephorione

114 3152 260 3219 uAraba‘s
282 3159 377 3221 Oreos
391 3161 617 3240 Adiabenosque
639 3165 838 3226 disterminans
861 3175 891 3226 et
913 3185 998 3246 quam
1019 3166 1175 3229 diximoscr

148 3239 384 3318 llesopotamiam
396 3244 517 3320 iaciens,
533 3247 661 3306 lustratis
676 3246 819 3307 montibus
832 3246 1047 3324 Gordyaeorum
1063 3247 1140 3303 circa

146 3322 305 3400 Apameam
326 3322 460 3384 blesenes
488 3328 643 3404 oppidum,
671 3329 742 3388 citra
766 3329 929 3390 Seleuciam
955 3327 1141 3403 Babyloniam

149 3402 254 3464 CXXV
270 3404 300 3466 ll
320 3421 454 3485 passuum
474 3407 585 3468 divisus
600 3410 629 3468 in
644 3408 747 3470 alveos
767 3410 855 3490 duos,
880 3412 972 3472 altero
992 3408 1141 3470 meridiem
