2542 3842
400 176 480 226 man.
496 176 587 225 msa.
604 177 641 224 11.
656 175 740 229 e‘-e.
757 167 815 248 (6.)
1084 173 1122 233 71

129 331 259 409 ipsisque
277 331 494 407 cognominibus
511 332 652 393 aemulum
669 332 740 391 solis
755 351 790 393 ac
810 334 903 396 lucae.
931 342 1124 413 praeveniens

131 417 238 494 qnippe
261 423 290 473 et
310 422 375 474 ante
390 416 554 475 matutinum
570 417 707 475 exoriens
721 416 835 476 luciferi
849 436 953 479 nornen
970 426 1076 502 accipit
1093 434 1123 484 nt

128 498 176 558 sol
189 498 264 559 alter
278 498 411 577 diemque
426 508 579 575 maturans,
596 510 696 559 contra
711 499 747 559 ab
765 517 872 563 occasu
888 503 1037 585 refulgens
1053 527 1122 577 nun·

129 591 249 660 cupatur
264 600 373 660 vesper
388 591 417 642 ut
432 601 594 661 prorogans
610 584 705 643 lucem
718 586 870 665 vicemque
886 586 968 649 lunae
983 591 1120 651 reddens.

104 666 221 738 sQuam
239 675 366 741 naturam
387 667 449 727 eius
470 666 649 745 Pythagoras
669 668 782 729 Semina
803 672 912 747 primus
933 673 1163 752 deprehenditbl

129 748 299 827 Olympiade
315 751 430 809 circiter
444 749 536 827 XLll,
553 754 601 830 qui
617 752 669 812 fuit
684 752 763 811 urbis
778 753 889 813 Romae
904 774 994 815 annus
1007 756 1119 819 exult

127 832 187 893 lam
201 834 393 909 magnitudine
410 843 490 895 exue
507 844 609 895 cuncta
634 836 690 896 alia
706 837 803 897 sidera
820 848 880 912 est,
907 839 1045 901 claritatis
1061 845 1120 919 qui·

128 916 194 976 dem
216 926 309 979 tantae
333 927 363 977 ut
383 919 464 979 unius
480 919 563 979 buius
589 920 693 979 stellae
713 921 801 981 radiis
822 922 941 983 umbrae
956 924 1120 983 reddantur.

127 1000 224 1077 itaque
246 1001 322 1059 etin
344 1018 446 1078 magno
464 1004 606 1063 nominum
627 1004 733 1063 ambitu
757 1014 810 1064 est.
837 1007 886 1066 alii
903 1010 979 1067 enim
994 1007 1120 1081 lunonis,

93 1102 118 1141 ru
129 1084 177 1143 alii
194 1083 288 1159 isidis,
305 1085 353 1145 alii
364 1083 462 1145 Matris
473 1086 566 1145 Deum
582 1088 780 1166 appellavere.
801 1089 890 1149 lluius
905 1102 1003 1151 natura
1019 1098 1164 1152 cunctata

127 1176 302 1244 generantur
317 1169 456 1228 interris.
475 1188 596 1248 namque
612 1173 641 1230 in
656 1172 793 1231 alterutro
810 1183 911 1233 exortu
923 1176 1041 1251 genitali
1053 1194 1121 1235 rnre

128 1266 329 1328 conspergens
344 1270 401 1313 non
416 1262 511 1313 terrae
533 1254 619 1313 modo
636 1265 796 1331 conceptus
810 1257 916 1334 inplet,
945 1276 1044 1318 verum
1062 1262 1120 1318 ani-

126 1335 260 1394 mantium
277 1352 392 1415 qnoque
416 1338 539 1397 omnium
561 1338 693 1397 stimulat.
721 1340 851 1415 signileri
872 1351 966 1401 antem
987 1341 1120 1401 ambitum

126 1419 241 1496 peragit
255 1422 381 1479 trecenis
399 1430 428 1479 et
443 1421 751 1501 duodequinquagenis
770 1423 887 1498 diebus,
915 1444 931 1484 a
953 1417 1018 1485 sole
1041 1444 1119 1485 num·

92 1516 211 1581 mquam
236 1502 377 1563 absistens
400 1506 528 1581 partibus
549 1524 603 1565 sex
624 1516 710 1584 atque
733 1508 920 1584 quadraginta
935 1510 1065 1586 longius,
1088 1519 1119 1569 ut

126 1584 244 1645 Timaeo
259 1585 365 1663 placet.
400 1588 489 1647 Simili
503 1592 630 1665 ratione,
658 1590 711 1650 sed
726 1610 906 1669 nequaquam
921 1594 1113 1669 magnitudine
1124 1602 1159 1657 39

124 1678 171 1729 aut
182 1669 222 1743 vi,
240 1687 409 1748 proxumum
422 1672 465 1734 illi
481 1671 605 1733 Mercuri
621 1674 711 1749 sidus,
727 1692 744 1733 a
758 1674 925 1751 quibusdam
940 1678 1116 1755 appellatum

125 1752 281 1832 Apollinis,
297 1755 435 1815 inferiore
451 1757 559 1817 circulo
580 1757 672 1816 fertur
686 1774 790 1817 novem
806 1758 906 1819 diebus
922 1763 1022 1821 ociore
1038 1762 1115 1821 umb-

125 1836 174 1911 itu‚
190 1836 276 1897 modo
294 1848 360 1897 ante
375 1839 446 1897 solis
462 1850 592 1899 exortum
609 1842 695 1901 modo
713 1850 782 1920 post
798 1859 934 1903 occasum
944 1845 1114 1923 splendens,

92 1938 275 1998 enumquam
293 1921 328 1981 ab
345 1940 380 1981 en
395 1924 493 1999 viginti
512 1923 621 1984 duabus
637 1925 765 2003 partibus
781 1930 930 2004 remotior,
946 1938 977 1988 ut
993 1928 1115 1989 Cidenas

126 2012 154 2063 et
170 2004 329 2082 Sosigenes
345 2006 459 2067 docent.
480 2008 550 2068 lden
567 2017 596 2067 et
610 2010 767 2087 peculiaris
784 2010 884 2071 luorum
901 2013 1026 2072 siderum
1041 2014 1114 2072 ratio

124 2096 169 2148 est
180 2106 274 2167 neque
290 2093 445 2153 communis
462 2110 525 2153 oum
536 2110 622 2169 supra
635 2092 728 2153 dictis.
746 2110 811 2153 nam
826 2112 860 2153 ea
874 2103 903 2153 et
919 2106 1019 2172 quarta
1034 2106 1157 2174 partein

125 2173 201 2232 caeli
216 2191 233 2232 a
248 2175 310 2233 sole
326 2175 431 2235 abesse
446 2184 476 2234 et
492 2177 587 2249 tertia,
604 2184 634 2233 et
645 2175 767 2247 adversa
778 2176 834 2234 soli
847 2192 937 2251 saepe
950 2187 1114 2252 cernuntur,

124 2258 306 2334 maioresque
322 2258 395 2319 alios
411 2258 516 2318 habent
532 2266 633 2317 cuncta
648 2256 753 2334 plenae
774 2261 977 2317 conversionis·
994 2259 1115 2318 ambitus

92 2342 153 2400 asin
166 2342 262 2418 magni
275 2344 338 2402 anni
353 2345 464 2402 ratione
483 2341 632 2401 dicendos.
1109 2363 1157 2403 run

186 2424 215 2485 9.
237 2424 297 2485 Sed
322 2428 445 2486 omnium
467 2426 684 2486 admirationem
704 2426 792 2485 vincit
818 2428 1002 2492 novissimum
1024 2425 1113 2500 sidus,
1123 2436 1156 2489 41

124 2510 208 2567 terris
225 2508 472 2570 familiarissimum
493 2512 566 2570 etin
584 2509 766 2570 tenebrarum
787 2510 942 2571 remedium
960 2511 996 2571 ab
1015 2520 1115 2571 natura

124 2600 270 2669 repertum
287 2593 380 2653 lunae.
408 2592 588 2653 Multiformis
604 2594 677 2654 haec
693 2594 814 2671 ambage
825 2597 909 2654 torsit
920 2596 1033 2671 ingenia
1046 2610 1112 2653 con·

117 2674 319 2753 ¹templantitnn
340 2685 369 2736 et
389 2694 557 2755 proxumum
577 2678 704 2754 ignorari
728 2696 858 2737 maxume
875 2679 953 2737 sidus
969 2678 1114 2754 indignare·
1191 2692 1194 2699 ·

93 2776 115 2815 ao
125 2760 202 2834 tium,
219 2778 356 2820 crescens
374 2780 488 2839 semper
503 2770 550 2821 aut
564 2780 723 2821 senescens
738 2771 768 2823 et
782 2762 867 2821 modo
882 2769 998 2820 curvata
1009 2762 1038 2818 in
1050 2770 1155 2822 cor-42

123 2843 287 2918 mausoleis,
309 2844 394 2904 modo
409 2863 501 2922 aequa
518 2847 652 2923 portione
669 2844 776 2919 divisa,
794 2844 879 2905 modo
893 2845 1004 2908 sinuata
1020 2845 1049 2901 in
1067 2859 1112 2901 or-

123 2926 203 3003 bem,
224 2929 371 2987 maculosa
393 2929 550 3006 eademque
571 2928 666 2987 subito
687 2930 866 3005 praenitens,
894 2928 1020 2985 inmensa
1041 2927 1113 2986 orbe

123 3010 211 3091 pleno
227 3028 262 3070 ac
277 3021 398 3089 repente
413 3013 507 3086 nulla,
531 3011 601 3071 alias
616 3028 730 3089 pernox
744 3011 814 3069 alias
832 3028 897 3069 sera
912 3018 942 3069 et
958 3020 1039 3088 parte
1056 3010 1113 3071 diei

123 3095 195 3154 solis
211 3094 305 3155 lacem
316 3095 463 3170 adiuvans,
480 3096 618 3156 deliniens
631 3104 660 3153 et
672 3096 700 3153 in
711 3094 827 3154 delectu
838 3102 932 3153 tamen
944 3098 1111 3174 conspicua,

13 3222 17 3233 .
90 3195 198 3255 eaquae
214 3180 320 3237 mensis
337 3182 415 3239 exitu
430 3180 511 3254 latet,
528 3197 592 3238 cum
603 3178 736 3238 laborare
752 3178 954 3238 concreditur.
971 3182 1025 3239 iam
1040 3180 1154 3237 verol‘o

122 3261 235 3321 humilis
250 3263 380 3336 excelsa,
398 3272 477 3321 etue
492 3263 520 3322 id
536 3263 650 3341 quidem
664 3278 721 3321 uno
736 3261 831 3337 modo,
848 3264 900 3323 aed
915 3263 986 3322 alias
1000 3263 1112 3321 admota

122 3346 206 3405 caelo
224 3344 296 3405 alias
315 3346 450 3423 contigua
464 3343 624 3422 montibus,
641 3364 715 3404 nunc
730 3346 758 3406 in
771 3348 932 3425 aquilonem
946 3346 1022 3405 elata
1036 3362 1111 3403 nunc
1133 3381 1138 3392 ·

121 3430 148 3487 in
164 3437 281 3491 austros
296 3430 426 3507 deiecta,
450 3446 523 3509 quae
543 3430 655 3508 singula
674 3431 703 3489 in
719 3448 753 3491 eo
767 3431 955 3510 deprehendit
969 3428 1111 3487 bominum
