2542 3842
151 113 213 182 252
516 134 546 182 c.
564 135 660 184 ernau
675 97 823 184 suenum
946 145 957 156 ·

148 289 197 364 lia,
218 289 383 367 Bangenos,
407 289 566 367 Gangorae,
590 288 745 365 Chalybas,
767 287 906 364 Xoxinae,
923 288 1069 366 Sirechae,
1087 291 1144 352 Da*

106 381 158 437 177
163 383 276 448 remus,
299 371 498 434 Domanames.
531 376 599 452 quin
614 383 644 433 et
660 375 780 434 adcolas
792 372 854 434 Nili
869 391 885 432 a
901 374 997 448 Syene
1013 391 1070 433 nou
1085 374 1144 434 Ae·

147 455 275 533 thiopum
289 458 416 535 populos
432 458 485 516 sed
500 456 628 516 Arabum
645 472 712 516 esse
724 458 792 517 dicit
809 475 901 536 usquc
915 456 1047 532 Meroen,
1066 458 1144 518 Solis

127 555 264 616 ,quoque
287 541 439 618 oppidum,
463 541 541 617 quod
562 558 619 599 nou
639 539 741 617 procul
756 539 882 618 Memphi
899 541 927 600 in
941 539 1070 617 Aegypti
1088 541 1143 598 situ

103 621 289 698 redimimus,
320 623 433 683 Arabas
460 625 625 683 conditores
646 622 765 682 babere.
809 631 926 683 suntet
953 622 1166 701 quiulterio·n
1259 697 1266 701 -

145 721 207 764 rem
222 705 312 783 ripam
331 706 506 784 Aethiopiae
522 707 652 765 auferant
669 705 878 784 adnectantque
896 705 1025 765 Airioae.
1064 707 1144 783 ripas

145 796 239 849 autem
254 789 403 849 incoluere
425 797 546 866 propter
564 805 676 864 aquam.
714 804 767 846 uos
783 789 887 848 relicto
907 791 1011 866 cuique
1028 787 1142 847 intelle·

144 871 230 946 gendi
242 872 361 932 arbitrio
373 871 480 949 oppida
492 889 549 949 qao
561 870 708 930 traduntur
722 871 821 930 ordine
835 873 977 950 utrimque
991 887 1141 948 ponemus.

103 963 156 1020 rto
238 954 322 1034 (35.)
354 955 383 1014 A
403 955 501 1028 Syene
524 955 604 1032 prius
625 952 750 1032 Arabiae
774 953 866 1014 latere
895 973 968 1032 gens
990 951 1141 1031 Catadupi,

144 1037 249 1098 deinde
264 1038 418 1112 Syenitae,
436 1037 548 1114 oppida
565 1037 748 1114 Tacompson
765 1053 848 1114 quam
872 1039 985 1116 quidam
1010 1037 1140 1115 appella·
1129 1051 1176 1091 -ιο

144 1129 247 1180 verunt
260 1119 404 1197 Ethicten,
426 1119 571 1195 Aramum,
593 1120 749 1193 Sesamos,
773 1120 925 1195 Samduna,
950 1119 1140 1179 Masindoma·

144 1222 218 1279 cum,
240 1203 369 1264 Arabeta
386 1211 415 1262 et
430 1203 552 1279 Boggia,
576 1201 763 1280 beupitorga,
782 1201 954 1277 Tautarene,
972 1201 1139 1276 Mecindita,

142 1286 217 1362 Noa,
242 1276 382 1363 Gloploa,
401 1285 538 1360 Gpstate,
560 1284 699 1362 Megada,
717 1287 786 1360 Lea,
805 1285 898 1345 llenni
900 1247 1019 1363 ,Mups,
1038 1285 1138 1358 Direa,

143 1369 278 1446 Patigga,
300 1368 421 1443 Bacata,
445 1363 590 1443 Dumana,
612 1368 759 1442 Rhadata,
782 1369 882 1446 inquo
900 1369 967 1428 ielis
984 1384 1138 1445 aureapro

144 1452 200 1512 deo
223 1450 389 1527 colebatur,
410 1451 543 1510 Borou'
534 1468 562 1509 ru
588 1451 816 1527 mediterraneo,
840 1451 943 1511 Mallos
968 1467 1172 1529 proxumumrs

101 1534 288 1598 179Meroen.
323 1535 367 1593 sic
388 1535 485 1612 prodit
500 1533 582 1592 Bion.
616 1532 696 1592 ·luba
712 1532 811 1592 aliter:
834 1536 972 1612 oppidum
991 1533 1020 1592 in
1039 1541 1136 1593 monte

142 1616 322 1692 Megatichos
343 1617 417 1675 iuter
442 1615 608 1693 Aegyptum
636 1624 666 1674 et
690 1615 889 1693 Aethiopiam,
920 1617 997 1695 quod
1023 1615 1137 1674 Arabes

142 1699 259 1771 Mprson
274 1707 468 1773 vocaverunt,
492 1699 559 1758 dein
580 1698 779 1775 Tacompson,
802 1699 952 1775 Aramum,
976 1700 1135 1773 Sesamum,

114 1805 116 1810 ·
141 1781 240 1853 Piden,
252 1780 393 1856 Mamuda,
407 1779 552 1856 Orambiu,
564 1779 685 1856 Utoera,
702 1781 844 1840 bituminis
859 1783 978 1856 iontem,
991 1781 1134 1858 Amodita,

43 1871 53 1875 ’
141 1862 261 1938 Prosda,
282 1863 417 1938 Parenta,
432 1862 534 1938 Marna,
551 1863 680 1938 Tesatta,
695 1861 803 1940 Gallae,
822 1865 925 1943 Zoton,
944 1863 1133 1938 Graucomen,
1143 1874 1169 1916 ²⁰
1234 1856 1241 1866 ’

141 1907 277 2022 Emeum,
315 1946 495 2019 Pidisbotas,
521 1945 905 2023 Hebdomecontacometas,
939 1947 1114 2006 Nometas
1106 1965 1134 2004 ιιι

140 2028 462 2089 tabernaculisviveutis
463 2027 599 2105 ,Creten
610 2028 829 2106 Macadagaleu,
842 2031 1028 2108 Proaprimiu,
1040 2028 1132 2106 Nups,

106 2107 121 2164 ’.
140 2111 282 2187 Detrelin,
305 2112 405 2188 Patim,
433 2113 612 2188 Gaubreres,
635 2110 820 2188 Magasueos,
841 2113 1021 2190 Segasmala,
1046 2109 1132 2170 Grau·

142 2194 218 2271 dala,
229 2195 347 2271 Deoua,
360 2194 514 2271 Gadeuma,
527 2157 642 2270 Tben’a,
654 2195 759 2271 Batba,
772 2195 883 2272 Alana,
895 2196 1023 2270 Mascoa,
1036 2195 1132 2254 Scarn-

139 2295 217 2353 mos,
239 2278 369 2338 Horam
360 2296 389 2336 ιιι
409 2279 518 2353 insula,
539 2278 609 2337 ab‘'
591 2296 625 2337 us
642 2277 752 2353 Abala,
775 2277 971 2355 Androgalim,
994 2280 1167 2353 Seseren,²⁵
1170 2279 1176 2283 “

96 2370 151 2425 180
160 2360 276 2434 Mallos,
297 2359 423 2437 Agolen.
459 2359 508 2418 Eur
521 2360 640 2419 Airicae
655 2358 748 2419 latere
766 2359 867 2420 tradita
885 2370 949 2420 suut
964 2360 1067 2419 eodem
1080 2377 1131 2418 no·

139 2445 215 2502 mine
232 2443 411 2519 Tacompsos
433 2442 524 2501 altera
545 2443 609 2500 sire
631 2459 699 2519 pars
720 2443 843 2519 prioris,
865 2442 1023 2518 Moggore,
1044 2443 1131 2516 Saea,

138 2526 234 2600 Edos,
257 2523 425 2599 Pleiruriae,
448 2525 558 2597 Pinnis,
579 2522 731 2599 Magassa,
752 2523 850 2600 Buma,
869 2524 1025 2598 Linthuma,
1047 2524 1131 2602 Spin·

124 2615 214 2681 tum,
241 2607 355 2684 Sydop,
385 2605 515 2680 Censoe,
538 2607 728 2681 Pindicitora,
752 2605 853 2683 Acug,
882 2606 1000 2682 Orsum,
1027 2608 1130 2682 sousa,

9 2744 12 2749 ⁴
131 2690 327 2765 Maumarum,
346 2689 460 2765 Urbim,
482 2651 588 2748 Malum
595 2690 701 2766 ,quod
722 2690 857 2766 oppidum
879 2685 1171 2767 Graecin'patonao

138 2781 292 2848 vocarunt,
325 2772 490 2853 Pagoarca,
522 2771 660 2846 Zmanes,
700 2772 775 2831 unde
808 2771 952 2850 elephanti
983 2773 1129 2850 incipiant,

138 2854 269 2931 Mambli,
292 2855 443 2931 Berressa,
460 2855 609 2915 Acetuma
639 2855 690 2913 luit
706 2855 847 2933 quondam
863 2864 891 2913 et
907 2852 978 2931 Epis
994 2856 1134 2934 oppidum

97 2945 147 3001 181
156 2946 255 2998 contra
276 2936 396 2997 Meroen
404 2946 588 3022 ,antequam
612 2937 684 2996 Bion
705 2937 848 2996 scriberet
862 2937 1006 2996 deletum
1050 2938 1130 3008 llaec

139 3029 203 3079 sunt
223 3020 599 3097 proditausqueMeroen,
621 3021 777 3097 exquibus
798 3021 854 3079 hoc
871 3029 1002 3097 tempore
1023 3020 1129 3080 nullum

101 3115 112 3125 ’
140 3119 233 3180 prope
247 3111 369 3178 utroque
386 3103 478 3161 latere
500 3111 603 3162 exstat.
638 3112 718 3162 certe
734 3102 902 3162 solitudines
918 3120 1010 3180 nuper
1024 3109 1168 3162 neuun-³1⁵v

137 3186 254 3242 tiavere
270 3185 392 3261 principi
408 3184 518 3243 Neroni
539 3186 618 3243 missi
633 3185 670 3244 ab
692 3201 727 3243 eo
741 3185 853 3260 ‚milites
864 3186 1042 3263 praetoriani
1056 3201 1137 3258 curn

138 3265 249 3325 tribuno
266 3265 301 3324 ad
318 3264 542 3342 explorandum,
564 3269 639 3326 inter
660 3267 771 3343 reliqua
790 3266 869 3326 bella
885 3276 913 3326 et
926 3263 1126 3342 Aethiopicum

139 3348 284 3424 cogitanti.
326 3347 472 3406 iutravere
488 3357 580 3408 autem
598 3357 627 3407 et
645 3365 680 3408 eo
699 3367 776 3424 arma
791 3350 918 3410 Romana
934 3349 991 3410 divi
1005 3347 1127 3424 Augusti

910 3676 1116 3746 λύῃ
