2542 3842
176 168 234 231 198
484 176 788 227 enumeremus

174 336 293 411 strigem
310 332 461 407 convenit,
484 330 537 391 sed
554 348 629 409 quae
649 332 686 391 sit
700 332 794 391 avium
811 338 945 389 constare
964 344 1021 386 non
1036 327 1188 389 arbitror.

130 426 184 483 tut
195 418 245 479 40.
263 416 361 477 Asinis
383 435 400 477 a
417 416 477 476 latu
493 414 607 490 dolent,
634 416 701 475 ideo
721 424 805 475 sexto
823 432 922 474 mense
944 420 1044 474 arcent
1062 422 1187 492 partus,

174 520 238 561 cunr
249 518 342 582 equae
359 518 433 561 auno
449 516 542 579 prope
558 509 619 559 tcto
633 498 804 578 praebeant.
834 497 946 572 Quibus
962 496 1056 558 solida
1070 498 1191 574 ungula

173 604 229 649 uec
244 604 330 664 supra
346 586 479 663 geminos
493 582 586 659 letus,
610 584 684 645 haec
700 585 794 645 omnia
810 582 892 643 binas
906 581 1014 641 babent
1028 597 1187 659 mammas,

173 688 229 731 nec
251 670 338 731 aliubi
354 686 438 749 quum
458 670 486 729 iu
506 668 669 727 femiuibus.
703 668 808 728 eodem
824 666 892 727 loco
906 666 1016 726 bisulca
1032 675 1061 725 et
1081 669 1212 727 corni-s

174 772 255 833 gera,
273 755 364 815 boves
381 762 546 833 quaternas,
562 769 634 811 oves
652 759 681 809 et
696 769 801 829 caprae
817 750 908 812 binas.
933 767 1007 829 quae
1018 768 1186 810 numeroso
1211 798 1217 811 t

174 838 296 900 iocunda
311 846 396 918 partu
413 845 443 897 et
457 834 559 913 quibus
575 835 655 913 digiti
671 836 699 895 in
713 835 852 915 pedibus,
875 826 949 894 baec
963 833 1053 913 pluris
1070 832 1186 894 babent

174 932 202 983 et
219 932 281 983 toto
297 930 400 981 ventre
415 920 523 999 duplici
540 920 658 994 ordine,
677 929 707 980 ut
726 938 813 994 sues,
834 934 999 996 generosae
1015 918 1184 993 duodenas,

175 1008 312 1085 volgares
339 1004 413 1065 binis
437 1004 537 1064 minus.
579 1004 711 1063 similiter
731 1022 829 1064 canes.
874 1003 930 1063 ulia
956 1011 1058 1061 ventre
1080 1004 1183 1063 medio

174 1100 339 1171 quaternas,
352 1099 382 1149 ut
397 1088 566 1167 pantherae,
580 1088 636 1148 alia
649 1088 741 1162 binas,
757 1098 786 1147 ut
798 1077 929 1147 leaenae.
958 1085 1099 1164 elephans
1119 1097 1183 1145 tan·
1194 1104 1214 1143 n

173 1184 232 1235 tum
244 1175 297 1237 sub
309 1175 395 1233 armis
411 1173 492 1247 dues,
509 1191 565 1233 nec
580 1174 608 1231 in
623 1182 757 1250 pectore,
769 1172 823 1233 aed
835 1173 906 1231 citra
921 1173 950 1231 in
964 1171 1017 1231 alis
1033 1172 1183 1231 occultas.

130 1267 184 1325 2³4
194 1259 265 1319 nulli
284 1262 312 1317 in
327 1256 480 1317 feminibus
494 1257 599 1336 digitos
614 1256 788 1317 habentium.
828 1258 926 1334 primis
944 1256 1049 1334 genitis
1061 1257 1092 1313 in
1106 1273 1184 1333 quc-

174 1361 232 1424 que
244 1351 327 1422 partu
340 1360 409 1403 sues
424 1343 530 1420 primas
543 1340 695 1420 praebent,
709 1358 763 1400 eae
777 1349 841 1399 sunt
856 1340 987 1400 faucibus
1005 1355 1184 1417 proxumae,

175 1435 203 1486 et
219 1444 299 1489 suum
316 1428 438 1506 quisque
459 1426 538 1486 novit
559 1426 588 1485 in
603 1414 664 1485 ielu
684 1441 742 1504 quo
757 1425 872 1500 genitus
888 1434 933 1484 eat
948 1422 1065 1495 ordine,
1083 1437 1185 1501 eaque

153 1542 158 1559 ·
175 1509 341 1586 alitur,'uec
358 1509 423 1569 alia.
454 1509 585 1569 detracto
602 1509 651 1569 illa
669 1508 783 1567 alumno
801 1525 854 1568 suo
871 1507 1029 1569 sterilescit
1044 1506 1128 1566 illico
1148 1520 1213 1567 acra

173 1595 277 1668 resilit,
294 1607 349 1652 uno
366 1610 439 1651 uero
455 1609 493 1652 en
507 1594 584 1653 omni
597 1590 681 1653 turba
696 1591 801 1652 relicto
817 1592 881 1650 sola
895 1590 1022 1649 muniiex
1036 1609 1112 1667 quae
1127 1610 1183 1668 ge-

130 1678 251 1741 bbanito
271 1675 367 1735 iuerat
388 1674 522 1735 attributa
547 1673 701 1751 dependet.
746 1692 832 1733 ursae
861 1689 995 1733 mammas
1020 1684 1183 1749 quaternas

173 1766 286 1837 gerunt.
324 1756 453 1834 delphini
469 1754 550 1816 binas
567 1758 594 1815 in
609 1757 664 1815 ima
678 1756 746 1816 aluo
764 1756 888 1834 papillas
904 1764 1027 1829 tantum,
1043 1775 1102 1817 nec
1120 1760 1183 1818 evi·

173 1840 265 1901 dentis
288 1848 318 1899 et
335 1839 449 1917 paulum
470 1841 498 1899 in
515 1839 641 1899 oblicum
657 1848 818 1917 porrectas.
856 1855 911 1898 nec
928 1837 1005 1899 aliud
1027 1840 1139 1903 animal
1157 1840 1183 1901 in

174 1941 261 1985 cursu
276 1922 418 1985 lambitur.
449 1934 478 1985 et
495 1922 636 1986 balaenae
651 1932 746 1983 autem
762 1924 901 2004 vitulique
922 1924 1022 1982 marini
1044 1928 1212 1985 mammisea
1244 1977 1245 1984 ,

173 2009 299 2069 nutriunt
319 2007 406 2069 letus.
1244 2005 1245 2088 l

130 2100 184 2157 236
257 2094 308 2155 ll.
327 2093 411 2173 (96.)
432 2090 547 2154 Mulieri
561 2101 627 2152 ante
643 2090 808 2171 septumum
820 2082 949 2153 mensem
964 2093 1116 2170 profusum
1132 2093 1181 2152 lac
1244 2091 1245 2108 ³

124 2242 133 2259 ,
175 2175 286 2254 inutile,
305 2176 340 2237 ab
357 2195 393 2237 eo
408 2196 525 2252 mense,
542 2194 600 2254 quo
616 2176 721 2236 uitales
736 2186 846 2255 partus,
866 2176 992 2260 salubre.
1027 2178 1179 2256 plerisque

174 2270 270 2322 autem
285 2261 354 2323 totis
370 2263 498 2323 mammis
513 2270 599 2340 atque
616 2262 701 2320 etiam
715 2261 825 2321 alarum
837 2262 900 2321 sinu
915 2260 985 2321 lluit.
1012 2260 1115 2321 cameli
1126 2258 1176 2315 lac

173 2344 283 2407 habent
299 2345 392 2405 donec
408 2347 510 2405 iterum
525 2354 708 2419 gravescunt.
740 2345 938 2405 suavissimum
953 2337 982 2405 id
998 2345 1212 2405 existimatores
1244 2347 1245 2382 i

174 2426 210 2489 ud
224 2446 308 2487 unam
323 2444 485 2504 mensuram
500 2426 591 2488 tribus
603 2445 696 2506 aquae
711 2428 824 2488 additis.
842 2427 896 2488 bos
912 2438 978 2489 aute
993 2437 1103 2506 partum
1118 2439 1179 2482 non

174 2509 274 2584 babet,
293 2518 323 2569 et
338 2510 429 2587 primo
446 2528 563 2589 semper
579 2513 696 2589 a'partu
711 2510 858 2573 colostrae
876 2514 955 2586 liunt,
974 2514 1002 2572 ni
1016 2509 1178 2571 admiscea-

174 2603 219 2656 tur
237 2607 328 2669 aqua,
355 2593 383 2651 in
404 2594 523 2672 pumicis
543 2595 656 2657 modum
676 2603 801 2655 coeunte
827 2596 938 2656 duritia.
970 2595 1063 2655 aduae
1088 2607 1178 2671 prae-

174 2684 277 2753 gnates
294 2678 428 2742 continuo
447 2678 618 2739 lactescunt.
658 2678 754 2756 pullus
769 2696 883 2754 eurum,
899 2678 948 2739 ubi
965 2681 1071 2757 pingue
1084 2672 1178 2753 pabu-

175 2758 243 2833 lum,
259 2757 346 2824 biduo
362 2778 380 2821 a
394 2770 477 2841 partu
496 2769 653 2823 maternum
669 2762 714 2823 lac
732 2770 867 2839 gustasse
883 2762 971 2824 letale
989 2762 1044 2822 est.
1081 2771 1207 2837 genusne

132 2850 183 2906 tat
193 2842 260 2905 uati
276 2854 397 2907 vocatur
414 2846 595 2908 colostratio.
622 2843 733 2907 Caseus
748 2862 806 2905 non
819 2846 851 2905 lit
866 2864 904 2907 ex
919 2847 1061 2924 utrimque
1078 2844 1176 2904 denta-

174 2926 228 3002 tis,
243 2930 377 3007 quoniam
393 2947 493 2989 eorum
508 2931 554 2990 lac
575 2947 633 2989 non
650 2932 718 2989 coit.
747 2930 941 2989 tenuissimum
956 2929 1093 3002 cam-elis,
1110 2944 1177 2985 mox

131 3012 288 3089 hdbtquls,
302 3014 510 3073 crassissimum
525 3015 634 3090 asinae,
650 3023 681 3073 ut
692 3031 750 3091 quo
764 3014 879 3090 coaguli
885 3015 951 3073 vice
958 3020 1083 3071 utuntur.
1101 3009 1175 3070 Con·

176 3092 256 3155 ierre
271 3093 379 3171 aliquid
395 3105 424 3155 et
438 3097 558 3159 candori
574 3098 602 3157 in
618 3098 768 3159 mulierum
789 3106 856 3157 cute
878 3096 1066 3157 existimatur.
1102 3093 1175 3172 l’op·

79 3176 85 3191 ‘
176 3194 251 3253 paea
266 3187 346 3241 certe
363 3178 471 3242 Domiti
484 3180 608 3242 Neronis
626 3184 751 3243 coniunx
766 3183 937 3261 quingentas
951 3196 1005 3257 per
1021 3178 1117 3237 omnia
1131 3195 1175 3237 se·
1185 3190 1208 3232 at

178 3274 243 3319 cum
266 3259 341 3321 letas
361 3262 479 3323 trahens
500 3264 668 3325 balnearum
691 3267 776 3325 etiam
794 3265 869 3323 solio
890 3273 979 3324 totum
1000 3278 1110 3339 corpus
1126 3261 1176 3321 illo

178 3340 255 3403 lacte
276 3344 459 3421 macerabat,
476 3346 593 3405 extendi
611 3364 727 3425 quoque
748 3357 843 3407 cutem
857 3347 990 3407 credens.
1021 3362 1108 3404 omne
1128 3362 1175 3405 au·

179 3428 237 3481 tem
250 3424 317 3501 igne
333 3428 484 3504 spissatur,
500 3444 600 3487 umore
615 3431 748 3488 senescit.
791 3429 929 3490 bubulum
945 3444 1033 3489 caseo
1051 3428 1176 3488 fertilius
