2542 3842
335 182 415 228 nau.
435 180 526 229 muso.
542 182 589 229 ιιι.
610 178 654 234 et.
675 170 758 236 (tl-
769 166 828 251 77.)
1033 168 1089 230 191

95 338 202 415 guinis,
219 346 248 397 et
258 335 326 396 ideo
343 338 372 395 in
388 295 507 397 materia
523 336 594 397 eius.
621 346 704 398 certe
714 338 796 398 iecur
809 337 882 397 nulli
897 345 944 396 est
957 338 1012 396 nisi
1027 353 1093 397 sau·

95 424 211 522 guinem
229 418 412 479 habentibus.
437 420 543 497 accipit
557 420 615 497 bpc
629 438 647 479 a
660 422 751 482 eorde
768 422 815 481 cui
829 422 969 498 iungitur,
990 420 1093 481 fundit·

97 524 154 585 que
168 523 196 564 ιιι
210 522 310 565 renas.

156 606 240 691 (75.)
257 604 316 664 Sed
330 604 359 663 in
373 602 444 663 ielle
459 606 542 681 nigro
557 605 686 663 insaniae
701 622 788 666 causa
803 604 924 683 bomini,
939 615 1136 685 morsque193

75 698 158 749 storo
175 687 299 748 reddito.
327 688 393 747 binc
408 696 437 747 et
450 689 480 746 in
493 704 589 747 mores
601 689 709 747 crimen
720 688 785 749 bilis
796 689 919 748 nomine.
946 689 1019 750 adeo
1033 708 1091 749 rna·

95 790 181 850 gnum
203 780 249 833 est
269 773 298 831 in
312 771 367 831 bac
383 780 465 849 parte
480 773 570 848 virus,
587 790 650 831 curn
665 790 698 831 se
713 772 804 833 fundit
819 772 849 831 iu
863 773 992 832 aninum.
1025 775 1093 853 quin

97 866 126 915 et
141 864 203 915 toto
217 872 321 933 sagium
341 869 468 933 corpore
486 855 616 915 colorem
638 856 731 917 oculis
756 874 872 935 quoque
893 855 1002 931 aulert,
1022 857 1092 916 illud

97 940 212 1018 quidem
226 939 368 999 redditum
382 940 468 999 etiarn
482 940 578 1015 aenis,
592 940 818 1019 nigrescuntque
834 948 965 1000 contacta
980 957 1035 1013 eo,
1054 959 1091 1000 ne
1131 936 1134 949 '

97 1025 162 1101 quis
175 1024 292 1083 miretur
309 1023 338 1082 id
353 1040 495 1083 venenum
513 1040 581 1083 esse
597 1024 781 1103 serpentium·
824 1022 931 1084 (inrent
946 1040 982 1083 eo
996 1042 1070 1102 quae
1084 1032 1135 1086 194

61 1119 87 1161 rc
97 1107 241 1186 apsinthio
261 1116 417 1167 vescuntur
435 1106 463 1165 in
483 1107 584 1167 Ponto.
621 1107 674 1168 sed
695 1106 811 1167 renibus
831 1117 861 1167 et
883 1116 964 1188 parte
985 1116 1093 1167 tanturn

96 1192 187 1251 altera
201 1192 337 1250 intestino
348 1191 472 1268 iungitur
486 1193 514 1250 in
529 1193 634 1266 corvis,
647 1191 852 1267 coturnicibus,
862 1192 1017 1270 phasianis,
1032 1193 1092 1270 qui·

95 1273 215 1335 busdam
236 1275 370 1335 intestino
386 1282 502 1351 tantum,
517 1284 548 1334 ut
562 1276 590 1333 in
605 1273 761 1350 columbis,
782 1277 936 1353 accipitre,
954 1276 1091 1334 rnnrenis.

96 1359 197 1437 paucis
213 1360 306 1419 aviurn
322 1359 349 1418 in
365 1358 482 1433 iecore,
498 1359 681 1436 serpentibus
700 1358 835 1438 portione
847 1359 1092 1436 maxume'copio·

98 1460 159 1502 surn
175 1450 203 1501 et
217 1441 355 1520 piscibus
391 1442 499 1503 onibus
513 1450 606 1502 autern
622 1452 667 1503 est
679 1450 743 1503 toto
756 1444 906 1522 plerisque
926 1444 1071 1517 intestino,
1085 1448 1135 1504 195

61 1528 172 1586 sesicut
187 1526 337 1604 accipitri,
352 1525 450 1585 milvo.
480 1535 632 1603 praeterea
649 1529 702 1586 et
693 1544 721 1585 ιιι
735 1536 858 1605 pectore
879 1535 924 1585 est
943 1535 972 1585 et
986 1527 1094 1585 deteris

96 1609 314 1685 aribus,vitulis
326 1610 441 1688 quidem
453 1610 566 1669 marinis
580 1611 615 1671 ad
626 1610 714 1671 multa
728 1610 961 1695 quoquenobile
983 1608 1091 1669 Tauro·

95 1710 158 1753 rurn
179 1694 251 1754 ielle
276 1708 379 1752 aureus
401 1693 514 1753 ducitur
536 1694 627 1753 color.
663 1686 841 1773 Haruspices
858 1691 888 1753 id
908 1692 1043 1772 Neptuno
1064 1700 1093 1752 et

94 1766 203 1837 unionis
217 1778 366 1856 potentiae
380 1777 526 1853 dicavere,
538 1779 740 1857 geminumque
750 1778 804 1838 iuit
813 1776 1022 1870 divobugusto
1035 1792 1092 1855 quo

94 1862 144 1922 die
160 1862 236 1940 ap'ud
253 1860 366 1920 Actium
379 1862 457 1921 vicit.

60 1994 86 2034 no
154 1974 367 2054 (76)llurrum
377 1978 534 2037 iocusculis
542 1977 632 2039 librae
643 1978 679 2038 ad
690 1996 836 2039 numerum
847 1977 949 2037 lunae
940 1996 967 2035 ιιι
976 1994 1075 2035 mense
1084 1984 1135 2039 196

96 2077 261 2137 congruere
275 2058 415 2135 ducuntur,
423 2060 599 2138 totidemque
612 2062 733 2121 inveniri
745 2070 860 2139 quotum
869 2060 963 2119 lumen
972 2061 1032 2119 eius
1045 2059 1092 2134 sit,

97 2152 252 2221 praeterea
273 2140 372 2201 bruma
392 2144 569 2202 increscere.
614 2140 816 2203 cuniculorum
838 2152 903 2203 exta
925 2144 953 2201 iu
975 2142 1093 2201 Raetica

96 2228 210 2304 gemina
228 2243 318 2303 saepe
332 2227 524 2304 reperiuntur.
558 2244 690 2287 ranarum
704 2226 868 2287 rubetarum
884 2225 975 2287 altera
990 2226 1062 2285 libra
1075 2243 1093 2285 a

97 2310 226 2370 formicis
241 2326 298 2368 non
313 2309 458 2389 attingitur
472 2318 593 2388 propter
603 2328 754 2388 venenum,
770 2319 801 2369 ut
811 2308 991 2369 arbitrantur.
1007 2306 1092 2367 leour

62 2410 88 2449 ιι
97 2410 228 2454 maxume
246 2394 395 2453 vetustatis
411 2393 523 2472 patiens
539 2394 667 2453 centenis
688 2395 791 2456 durare
811 2396 891 2453 anuis
912 2391 1093 2452 obsidionum

98 2478 232 2557 exempla
247 2476 412 2565 prodidere.

154 2595 238 2673 (77.)
253 2592 327 2656 Exta
342 2595 525 2674 serpentibus
541 2603 571 2656 et
588 2595 705 2655 lacertis
722 2595 820 2672 longa.
852 2592 998 2653 Caecinae
1011 2592 1135 2654 Volo?

98 2680 243 2738 laterrano
257 2679 399 2741 dracones
411 2681 564 2740 emicuisse
580 2679 616 2740 de
632 2681 708 2738 extis
722 2679 800 2739 laeto
813 2676 948 2756 prodigio
963 2676 1092 2750 traditur,

99 2770 129 2820 et
140 2761 275 2837 proiecto
286 2762 355 2822 nibil
369 2763 540 2823 incredibile
555 2764 591 2823 sit
604 2762 817 2823 aestimantibus
829 2761 939 2836 Ργιιιιο
955 2762 1019 2836 regi
1034 2776 1091 2839 quo

65 2856 90 2896 ιο
101 2844 147 2903 die
162 2844 249 2921 periit
264 2846 395 2922 praecisa
410 2847 565 2906 hostiarum
580 2848 673 2924 capita
688 2846 818 2923 repsisse
833 2846 999 2920 sanguinem
1012 2860 1092 2903 suunt

100 2925 262 2987 lambentis.
295 2927 370 2989 Exta
383 2928 489 2989 homini
502 2928 538 2989 ab
551 2929 689 2989 inferiore
703 2930 846 2989 socerum
859 2937 942 3006 parte
957 2944 1093 3006 separan-

98 3020 145 3071 tur
154 3008 328 3086 membrana,
339 3030 423 3091 quarn
433 3012 604 3091 praecordia
616 3013 774 3091 appellant,
786 3012 854 3091 quia
867 3012 947 3072 cordi
958 3021 1091 3090 praeten-

101 3094 175 3153 ditur
198 3095 275 3171 qncd
295 3094 397 3155 Graeci
416 3095 635 3175 appellaverunt
657 3092 792 3175 φρένας.
835 3093 935 3153 Omnia
957 3094 1073 3172 quidem
1083 3103 1134 3157 198
1254 3163 1255 3166 ,

99 3176 269 3256 principalia
288 3181 403 3239 viscera
424 3180 596 3247 membranis
618 3182 744 3259 propriis
765 3197 801 3239 ac
818 3179 899 3238 velut
917 3180 1029 3255 reginis
1050 3179 1091 3237 in·

37 3287 41 3298 =
66 3260 186 3321 occlusit
204 3263 360 3339 providens
380 3273 489 3323 natura.
518 3264 547 3323 in
566 3261 622 3325 bac
641 3264 738 3325 luit‘et
751 3262 908 3343 peculiaris
921 3278 1008 3322 causa
1021 3262 1091 3320 rici·

101 3346 175 3406 nitas
190 3345 263 3422 alvi,
284 3364 321 3407 ne
343 3344 408 3406 cibo
424 3347 650 3425 supprimeretur
664 3349 782 3408 animus.
813 3346 880 3407 buin
901 3353 983 3405 certe
998 3344 1090 3405 reler-

101 3438 145 3489 ιιι
160 3439 281 3509 accepta
296 3429 438 3491 subtilitas
452 3431 565 3506 mentis,
581 3431 648 3491 ideo
663 3431 741 3492 nulla
757 3440 802 3493 est
817 3432 845 3490 ei
861 3446 941 3506 caro,
957 3429 1009 3489 sed
1026 3444 1090 3489 ner·
