2542 3842
296 187 376 236 nau.
392 178 484 237 uisu.
500 188 565 237 1111.
581 184 700 241 13-15.
718 174 868 259 (at-ao.)
1042 179 1101 241 177

101 339 269 419 portionem
288 348 396 402 tantum
417 341 479 401 cius
500 340 578 419 qnod
592 349 691 401 notum
709 341 747 400 sit
760 340 953 404 iiillerionum
967 345 1100 421 gentel)

101 424 250 485 incolente
267 425 368 503 pagis,
384 442 460 501 quae
477 424 600 485 alterum
613 422 715 483 orbem
729 432 869 484 terrarum
883 444 946 487 eam
960 428 1100 507 appellat.

101 524 160 567 nec
180 507 274 567 minor
297 516 344 567 est
364 508 501 584 opinione
523 506 656 584 Eningia.
687 506 810 581 Quidam
831 507 905 568 baec
926 509 1049 572 babituri
1065 512 1143 577 adii

101 589 226 651 vistlam
246 608 339 669 usque
361 589 476 649 iluvium
499 590 690 667 aSarmatis,
711 588 857 665 Venedis,
881 592 986 669 Sciris,
1009 594 1101 654 llirris

82 674 235 749 ctradunt,
256 674 348 734 einum
371 670 543 752 Cylipenum
564 674 681 749 vocari,
703 681 735 732 et
754 674 783 732 in
803 674 881 733 ostio
903 674 966 733 eius
981 676 1102 737 insulam

101 755 217 831 Latrim,
244 773 313 815 mox
336 756 457 815 altemm
477 758 569 817 sinum
590 755 717 833 bagnum
738 757 945 817 conterminum
966 755 1099 819 Cimbris.

102 839 333 899 Promontorium
355 837 535 901 Cimbrorum
557 857 718 899 excurrens
741 840 769 899 in
788 840 876 900 maria
893 840 982 917 longe
1001 844 1100 918 penin-

103 921 196 981 sulam
222 922 313 983 eiiicit
333 940 408 1001 quae
430 922 541 983 'lartris'
560 923 735 1002 appellatur.
765 922 840 983 'lres
864 931 893 983 et
914 924 1015 1000 viginti
1035 925 1102 985 inde

103 1005 216 1067 insulae
231 1004 423 1066 Romanorum
438 1008 524 1067 armis
540 1008 686 1083 cognitae.
708 1023 807 1065 earnm
821 1007 1016 1068 nobilissimae
1031 1007 1101 1067 linr-

70 1102 95 1145 ro
108 1106 181 1149 cana
202 1086 326 1149 Fabaria
342 1091 454 1149 nostris
474 1090 551 1151 dieta
571 1108 587 1149 a
603 1088 695 1165 frugis
715 1089 899 1150 similitudine
913 1100 1019 1167 sponte
1033 1108 1101 1169 pro·

105 1173 263 1248 venientis,
285 1173 352 1232 item
368 1170 517 1233 Glaesaria
533 1190 550 1232 a
571 1173 674 1231 sucino
688 1173 805 1231 militiae
822 1172 986 1251 appellata,
1007 1175 1101 1236 abar·

103 1252 182 1315 baris
197 1254 385 1331 Austeravia,
401 1264 577 1333 praeterque
592 1254 723 1315 Actania.

168 1336 254 1417 (28.)
274 1338 349 1398 'loto
374 1347 469 1399 autern
488 1338 546 1398 boc
571 1339 641 1398 mari
666 1337 703 1398 ed
726 1337 852 1399 Scaldim
873 1356 965 1417 nsque
987 1339 1145 1406 liarinm98

70 1486 73 1493 ,
105 1418 294 1482 Germanicae
318 1421 456 1482 adcoluut
474 1430 577 1498 gentes
596 1421 666 1482 baut
687 1419 855 1498 explicabili
874 1440 1018 1483 mensura.
1045 1432 1102 1483 tarn

69 1503 249 1565 rcinmodica
266 1504 447 1584 prodentium
461 1504 606 1565 discordia
628 1513 682 1565 est.
715 1502 818 1565 Graeci
834 1513 865 1564 et
883 1506 997 1583 quidam
1011 1507 1104 1567 noemi

104 1587 178 1653 iim
192 1586 222 1647 bi
235 1604 371 1667 passuum
385 1604 465 1648 oram
480 1586 651 1649 Germaniae
673 1587 867 1663 tradiderunt,
889 1586 1021 1667 Agrippa
1036 1607 1101 1649 cum

104 1670 209 1733 Raetia
230 1680 261 1731 et
279 1670 389 1731 Norico
411 1670 617 1747 longitudinem
641 1667 840 1730 DGLXXXVl
854 1670 933 1731 milia
954 1690 1102 1749 passuum,

105 1754 285 1817 latitudinem
300 1751 443 1815 cxbvlll
456 1752 494 1813 bl.
528 1754 575 1815 14.
591 1753 714 1814 Raetiae
729 1771 823 1831 prope
840 1754 922 1815 unias
936 1757 1045 1816 maiore
1060 1756 1102 1817 la·

104 1838 242 1913 titudine,
264 1854 334 1899 eane
350 1836 428 1898 circa
442 1854 595 1898 excessum
613 1829 678 1897 eins
695 1835 844 1897 subactae.
873 1856 937 1899 uam
953 1837 1103 1900 Germania

68 1920 203 1981 romaltis
227 1928 330 1999 postea
354 1920 434 1981 annis
457 1937 512 1981 nec
532 1929 592 1981 tota
612 1922 785 1999 percognita
800 1929 855 1980 est.
889 1922 921 1981 st
937 1923 1144 1987 coniectare99

5 2074 6 2079 γ
106 2003 294 2083 permittitur,
314 2002 383 2064 bant
404 2002 522 2064 multum
541 2021 593 2065 ora
613 2003 708 2064 deerit
727 2001 904 2065 Graecorum
923 2005 1052 2081 opinioni
1072 2014 1102 2065 et

106 2085 276 2162 longitudini
298 2085 335 2146 ab
349 2084 480 2165 ligrippa
501 2086 643 2164 proditae.
677 2084 883 2147 Germanorum
897 2103 1008 2161 genera
1023 2088 1103 2163 quin-

106 2187 179 2247 que:
209 2166 324 2231 Vandili
349 2186 471 2248 quorum
496 2185 564 2246 pars
587 2166 805 2244 Bnrgodioues,
831 2166 947 2243 Varini,
974 2164 1103 2243 Charini,

106 2251 247 2313 Gotones.
277 2251 398 2329 alterum
418 2268 511 2328 genus
532 2249 732 2326 lngyoeoncs,
753 2264 873 2327 qnorum
892 2266 960 2327 pars
984 2246 1101 2326 Cimbri,
1180 2263 1184 2271 ·

70 2333 232 2395 2t'leutoni
261 2352 297 2397 ac
326 2332 508 2397 Chaucorum
536 2342 652 2410 gentes.
694 2333 828 2411 proxumi
856 2340 951 2393 antem
980 2330 1082 2392 Rbeno
1095 2342 1147 2395 100

106 2416 268 2491 Istiaones,
284 2435 406 2495 quorum
423 2415 540 2477 Cimbri.
561 2416 765 2476 mediterranei
780 2414 967 2492 Hermiones,
983 2432 1104 2495 porum

107 2498 217 2577 Suebi,
237 2498 441 2575 Hermunduri,
462 2498 573 2575 Gbatti,
595 2497 747 2560 Cherusci.
773 2501 871 2579 qmnta
891 2518 959 2580 pars
974 2499 1103 2575 Peucini,

107 2578 268 2645 Basternae
292 2599 380 2662 supra
405 2584 490 2645 dictis
515 2584 683 2644 contermini
708 2582 808 2649 Dacis.
842 2582 952 2645 Amnes
979 2582 1050 2643 olari
1075 2584 1137 2643 ium

108 2681 251 2725 oceanum
267 2665 393 2729 defluunt
414 2665 559 2741 Guttalus,
579 2665 717 2727 Visoulns
731 2667 795 2727 sive
809 2665 921 2741 Viatia,
937 2665 1037 2740 Albis,
1052 2664 1102 2724 Vi·

73 2748 216 2824 cosurgis,
233 2747 370 2826 Amisius,
384 2747 517 2826 Rhenus,
533 2748 625 2810 blesa.
647 2749 789 2811 introrsus
803 2765 876 2809 vero
890 2747 969 2809 nullo
984 2747 1105 2809 inferius

108 2830 261 2891 nobilitate
275 2829 449 2907 Hercynium
465 2834 562 2907 iugum
579 2832 785 2911 praetenditur.

171 2914 220 2973 15.
244 2912 328 2994 (29.)
349 2914 381 2975 ln
401 2912 503 2975 Rheno
526 2922 621 2975 eutem
642 2915 725 2991 ipso,
745 2909 840 2992 prope
861 2909 885 2973 G
904 2910 934 2973 bl
955 2929 1033 2990 pass.
1055 2912 1085 2973 in
1096 2923 1146 2976 101

109 2995 333 3074 longitudinem,
363 2997 540 3059 nobilissima
566 2996 739 3057 Batauorum
757 2995 849 3057 insula
873 3002 902 3055 et
923 2991 1105 3056 Cannenefa·

109 3078 196 3154 tium,
219 3088 249 3138 et
265 3078 340 3141 aliae
355 3076 745 3155 Frisiorum,·Gbaucorum,
760 3078 975 3154 Frisiavounm,
993 3078 1104 3140 Sturio·

74 3170 190 3239 ³⁵ram,
212 3160 418 3224 llarsaciorum
441 3180 515 3241 quae
542 3171 708 3229 sternuntur
727 3162 803 3222 inter
823 3160 965 3223 Helinium
985 3178 1021 3222 ac
1037 3162 1104 3222 lile·

109 3260 187 3303 vom.
216 3244 254 3305 ita
271 3246 454 3323 appellantur
469 3246 543 3305 ostia
559 3246 588 3303 in
603 3261 677 3322 quae
693 3245 802 3305 ebusus
818 3244 937 3307 Rhenus
954 3262 972 3305 a
987 3253 1104 3323 septen·

111 3328 207 3388 trione
224 3328 253 3387 iu
268 3326 366 3403 lacus,
390 3326 427 3387 ab
448 3328 601 3388 occidente
623 3328 653 3385 in
671 3345 782 3389 amnem
800 3326 912 3388 blesam
932 3323 1104 3404 respargit,

110 3408 207 3471 medio
223 3412 298 3470 inter
309 3409 384 3471 baec
399 3410 603 3472 oremodioum
614 3412 720 3473 nomini
733 3428 788 3493 suo
800 3412 967 3549 custodieps
980 3410 1104 3471 alveum.

153 3514 223 3555 nunu
238 3514 300 3552 aar.
317 3514 385 3555 rursu.
415 3498 435 3553 l.
904 3492 919 3550 1
