2542 3842
183 175 224 237 96
573 188 670 235 emm
690 186 839 235 securim

183 360 254 401 mos.
284 349 383 401 cetera
407 340 497 420 ipsius
514 342 609 402 mundi
626 342 761 419 portione
776 343 868 401 minus
885 354 1029 419 prospera
1046 348 1095 400 aut
1111 339 1180 401 dira.

184 423 333 497 Quaedam
348 424 463 502 fulgura
480 428 628 489 enuntiare
644 442 702 485 uon
717 433 816 502 putant
831 423 876 484 fas
891 442 947 485 nec
965 424 1081 499 audire,
1098 441 1181 502 prae-

183 517 315 586 terquam
337 509 361 567 si
377 507 484 587 hospiti
506 510 668 579 iudicentur
683 516 734 569 aut
755 509 877 587 parenti.
908 506 1012 584 blagna
1034 507 1115 566 huius
1131 506 1182 567 ob·

184 591 357 656 remetiente
371 594 483 653 vanitas
499 602 577 653 tacta
593 591 712 651 lunonis
725 592 799 653 aede
811 590 923 651 Romae
939 588 1124 668 deprebensa
1139 600 1184 651 est

141 680 191 737 145
204 675 314 734 Scauro
336 675 457 735 consule
480 676 528 753 qui
543 692 610 735 mox
630 675 769 753 princeps
784 675 845 734 fuit.
876 673 972 734 Noctu
992 674 1084 749 magis
1099 690 1206 752 quamn

182 758 305 819 interdiu
316 760 378 818 sine
395 759 546 818 tonitribus
562 757 698 833 fulgurat.
726 757 819 817 Unum
830 757 943 831 animal,
958 757 1112 833 bominem,
1129 774 1184 815 non

183 858 300 920 semper
326 842 498 917 exstinguit,
521 849 620 901 cetera
645 840 743 915 illico,
767 840 842 899 bunc
863 840 1002 900 videlicet
1022 849 1123 899 natura
1136 842 1183 899 tri-

182 924 288 984 buente
305 925 462 999 honorem,
488 941 552 983 oum
574 932 617 983 tot
634 923 740 983 beluae
762 923 872 983 viribus
892 932 1052 1001 praestent.
1085 922 1184 984 Omnia

183 1008 342 1067 contrarias
358 1006 492 1067 incubant
508 1009 609 1085 partis,
626 1007 714 1067 homo
725 1007 780 1066 nisi
792 1016 977 1067 convertatur
989 1007 1017 1065 in
1028 1025 1184 1084 percussas

182 1107 239 1150 non
256 1090 395 1189 cypirat.
423 1108 548 1169 superne
567 1092 616 1150 icti
632 1089 794 1150 considunt.
817 1090 941 1168 vigilans
957 1092 1031 1150 ictus
1047 1091 1182 1149 coniven-
1193 1106 1218 1147 ro

183 1172 259 1233 tibus
285 1174 395 1250 oculis,
423 1174 569 1235 dormiens
592 1174 758 1252 patentibus
781 1176 937 1254 reperitur.
970 1174 1120 1234 llominem
1145 1175 1184 1233 ita

183 1258 372 1319 exanimatum
388 1275 519 1318 cremare
531 1258 582 1319 ,ias
599 1275 656 1317 non
672 1267 727 1334 est,
745 1257 831 1317 condi
847 1268 925 1318 terra
940 1257 1046 1334 religio
1058 1257 1182 1316 tradidit.

181 1339 295 1399 Nullum
313 1340 416 1401 animal
438 1342 492 1400 nisi
511 1343 701 1402 exanimatum
721 1340 839 1401 fulmine
856 1342 1033 1401 accenditur.
1063 1340 1184 1400 volnera

181 1423 392 1483 fulminatorum
408 1423 558 1499 frigidiora
574 1434 638 1484 sunt
653 1424 768 1501 reliquo
783 1440 921 1501 corpore.

141 1515 191 1569 146
248 1507 298 1565 55.
316 1506 400 1584 (56.)
416 1504 462 1565 Ex
477 1507 512 1565 iis
528 1523 601 1583 quae
617 1515 696 1565 terra
711 1499 865 1582 gignuntur
880 1505 952 1566 lauri
972 1507 1104 1566 fruticem
1126 1523 1184 1565 non
1195 1524 1219 1565 m

182 1590 242 1662 icit,
259 1607 315 1648 nec
332 1607 462 1667 umquam
478 1590 603 1668 quinque
621 1588 705 1648 altius
722 1588 846 1666 pedibus
859 1590 1011 1649 descendit
1026 1590 1054 1648 in
1066 1597 1182 1648 terram.

181 1671 253 1729 ldeo
273 1673 369 1749 pavidi
386 1673 505 1731 altiores
522 1691 628 1750 specus
640 1672 917 1750 tutissimcsputant,
936 1681 983 1731 aut
993 1671 1183 1732 tabernacula

104 1778 105 1786 ι
182 1754 308 1832 pellibus
321 1754 469 1814 beluarum
483 1772 555 1834 quas
568 1754 674 1815 vitulos
691 1756 850 1834 appellant,
868 1757 1001 1835 quoniam
1015 1754 1072 1814 boc
1088 1755 1182 1814 solum

182 1836 284 1897 animal
301 1856 339 1895 ex
353 1838 469 1897 marinis
484 1855 541 1897 non
556 1838 710 1916 percutiat,
727 1840 800 1898 sicut
814 1856 870 1898 nec
886 1857 902 1898 e
918 1838 1086 1899 volucribus
1101 1839 1181 1916 aqui·

182 1919 248 1995 lam,
267 1937 342 1997 quae
359 1920 396 1979 ob
413 1922 469 1980 boc
486 1923 628 1998 armigera
645 1920 727 1981 liuius
742 1922 793 1981 teli
809 1923 933 1998 lingitur.
964 1922 996 1981 ln
1011 1922 1092 1982 ltalia
1109 1922 1219 1981 intereo

182 2000 365 2063 Tarracinam
389 2012 418 2063 et
441 2004 545 2064 aedem
567 2002 712 2065 Feroniae
739 2014 836 2066 turres
863 2005 980 2065 bellicis
1002 2004 1184 2085 temporibus

182 2086 298 2146 desiere
316 2086 378 2145 lieri
396 2086 473 2148 nulla
489 2104 546 2146 non
562 2106 661 2147 earum
676 2088 794 2149 fulmine
810 2089 911 2149 diruta.
1173 2137 1183 2157 .

141 2174 191 2230 rat
254 2170 303 2231 56.
322 2170 406 2249 (57.)
424 2171 543 2232 Praeter
560 2171 634 2231 haec
654 2172 793 2233 inferiore
816 2172 901 2234 caelo
922 2172 1044 2233 relatum
1070 2172 1099 2229 in
1122 2187 1183 2229 mo·

182 2263 314 2313 numento
336 2261 381 2313 est
404 2253 479 2314 lacte
498 2263 528 2314 et
545 2256 684 2331 sanguine
701 2255 831 2334 pluvisse
846 2255 895 2315 Μ’.
911 2255 1008 2316 Acilio
1025 2252 1058 2313 Ο.
1072 2253 1183 2313 Porcio

168 2352 260 2405 ‚coss
280 2344 308 2395 et
326 2354 415 2413 saepe
432 2338 515 2411 alias,
532 2339 605 2397 sicut
621 2355 708 2398 carne
723 2338 755 2397 1¹.
767 2338 922 2399 Volumnio
934 2338 1037 2398 Servio
1050 2336 1219 2414 Sulpiciozt

182 2435 277 2491 cose,
302 2435 397 2496 exque
419 2435 455 2475 ea
478 2435 534 2476 non
555 2420 700 2499 patmjsse
724 2421 801 2497 quod
821 2436 879 2481 uon
900 2420 1085 2496 diripuissent
1100 2436 1182 2479 aves.

181 2502 249 2558 item
271 2499 350 2558 ferro
376 2499 404 2557 in
425 2497 548 2558 Lucanis
570 2518 644 2559 anno
666 2510 818 2578 antequam
833 2499 1013 2561 bleramus
1036 2502 1184 2563 aPartliia

181 2585 370 2658 interemptus
394 2590 439 2640 est
464 2599 623 2660 omnesque
646 2600 710 2642 cum
732 2600 769 2641 eo
784 2582 891 2643 Lucani
911 2584 1033 2660 milites,
1061 2603 1184 2663 quorum

180 2682 299 2740 magnus
315 2681 450 2723 numerus
465 2665 493 2722 in
509 2666 642 2725 exercitu
657 2674 729 2725 erat.
755 2664 879 2743 Effigies
894 2684 969 2745 qnae
985 2668 1077 2745 pluvit
1093 2686 1181 2745 spon·

179 2764 299 2824 gearum
317 2746 380 2806 fere
398 2747 498 2806 similis
513 2748 574 2808 fuit.
601 2746 776 2826 haruspices
797 2759 1040 2827 praemonuerunt
1055 2768 1217 2829 supernato

179 2830 310 2889 volnera.
341 2829 373 2888 L.
391 2838 486 2889 autem
500 2830 590 2889 Paulo
607 2829 640 2889 C.
659 2830 800 2895 Marcello
820 2849 897 2891 coss.
915 2833 979 2893 lana
995 2834 1085 2911 pluvit
1101 2836 1181 2895 cirea

180 2912 331 2973 castellum
346 2911 548 2995 compsanam,
565 2915 643 2974 iuxta
658 2914 736 2992 quod
751 2924 818 2993 post
829 2933 932 2975 annum
943 2915 975 2975 T.
988 2917 1098 2976 Annius
1110 2916 1181 2977 llilo
1259 2975 1260 2980 ,

180 2998 297 3055 occisus
314 3006 367 3055 est.
395 2994 509 3055 Eodem
525 3014 640 3056 causam
655 2998 770 3057 dicente
788 2998 928 3059 lateribus
946 3000 1038 3060 coctis
1049 3000 1181 3079 pluvisse

178 3080 208 3138 in
223 3088 287 3137 acta
303 3080 365 3136 eius
382 3080 447 3138 anni
463 3078 584 3138 relatum
600 3088 654 3139 est.

140 3170 191 3227 148
252 3161 302 3218 57.
328 3159 412 3237 (58.)
436 3159 589 3225 Armorum
610 3162 740 3240 crepitus
761 3171 790 3222 et
816 3163 904 3223 tubae
931 3164 1041 3224 sonitus
1066 3164 1215 3224 auditosas

180 3262 197 3303 e
218 3242 301 3305 caelo
318 3239 472 3305 Cimbricis
490 3243 577 3303 bellis
602 3246 784 3321 accepimus,
810 3246 978 3325 crebroque
1003 3256 1032 3306 et
1052 3248 1132 3324 prius
1150 3256 1181 3307 et

179 3334 292 3403 postea.
308 3324 395 3383 tertio
410 3342 483 3384 sero
501 3327 651 3387 consulatu
662 3326 733 3386 llari
751 3328 788 3386 ab
801 3328 945 3388 Amerinis
961 3339 991 3388 et
1003 3327 1179 3388 Tudertibus

178 3414 309 3484 spectata
331 3422 409 3467 arma
431 3408 569 3469 caelestia
590 3409 627 3469 ab
646 3418 710 3468 ortu
734 3427 901 3489 occasuque
917 3413 991 3471 iuter
1006 3428 1039 3471 se
1055 3428 1178 3472 concur·
1257 3409 1258 3480 ι

1257 3533 1259 3586 l
