2542 3842
363 176 443 224 nan.
461 176 553 225 ausu.
571 176 637 226 1111.
655 175 697 227 ta.
720 166 873 244 (aa-ao.)
1056 168 1114 228 173

109 330 186 391 Daci
208 328 345 391 Romanis
367 330 453 405 dicti,
481 330 553 391 alias
576 330 744 404 Sarmatae,
769 329 890 391 Graecis
915 332 1114 409 Sauromatae,

110 432 273 495 eorumque
291 413 461 475 Hamaxobii
478 422 525 475 aut
540 413 645 489 Aorsi,
671 414 743 474 alias
759 413 886 488 Scythae
904 416 1071 493 degeneres
1086 427 1116 477 et

108 518 126 559 a
144 499 242 558 servis
259 499 314 557 orti
328 508 376 559 aut
391 497 588 574 Trogodytae,
604 514 673 557 mox
686 498 773 557 Alani
788 506 818 557 et
832 496 1001 559 Rhoxolani.
1028 519 1115 579 supe·

109 585 189 641 riora
213 590 308 641 antem
330 583 405 642 iuter
425 580 586 642 Danuvium
610 591 639 641 et
653 580 829 656 lleroynium
846 580 949 641 saltum
966 602 1058 663 usque
1079 586 1117 645 ad

88 665 278 725 sPanuonica
302 665 424 726 hiberna
451 662 587 724 Carnunti
614 665 879 743 Germanorumque
901 664 942 725 ibi
963 668 1117 727 conlinium

110 766 231 827 campos
255 756 285 807 et
306 748 392 826 plana
412 747 535 824 lazyges
558 750 724 825 Sarmatae,
751 750 857 809 montis
880 766 953 809 uero
974 759 1005 809 et
1026 752 1117 811 saltus

81 848 85 853 ’
110 832 190 911 pulsi
202 831 239 891 ab
250 830 296 891 his
306 831 381 893 Daci
395 832 431 891 ad
445 831 605 893 Pathissum
617 850 740 893 amnem
766 831 898 909 hilaro,
914 831 978 892 siue
993 835 1017 893 is
1028 832 1117 893 Duria
1123 842 1157 896 81

111 924 159 975 est
174 933 191 977 a
206 916 313 975 suevis
328 931 479 993 regnoque
493 914 643 977 Vanniano
655 916 794 977 dirimens
804 933 868 992 eos,
884 933 989 977 auersa
999 916 1114 977 Baster-

110 1001 178 1060 naci
198 1007 298 1059 teuent
317 998 424 1077 aliique
444 999 512 1059 iude
531 998 673 1059 Germani.
705 999 838 1077 Agrippa
860 1008 952 1061 totum
973 1018 1038 1061 eum
1058 1010 1116 1061 tra·

30 1132 38 1138 .
75 1104 102 1147 so
112 1092 190 1143 ctum
206 1080 243 1141 ab
258 1081 355 1142 llistro
371 1081 407 1142 ad
423 1099 564 1143 oceanum
580 1082 625 1141 bis
640 1083 761 1143 deciens
783 1092 936 1143 centenum
949 1083 980 1142 bl
995 1102 1074 1162 pass.
1088 1086 1116 1144 iu

112 1166 339 1243 longitudinem,
365 1176 498 1245 quattuor
514 1164 798 1244 diquadriugentum
812 1167 842 1226 in
862 1167 1057 1243 latitudinem,
1080 1169 1116 1227 ad
1160 1239 1163 1243 Α

111 1251 220 1311 flumen
246 1248 410 1311 Vistlama
441 1250 566 1309 desertis
594 1250 753 1310 Sarmatiae
778 1250 914 1329 prodidit.
945 1251 1117 1325 Scytharum

110 1349 218 1394 nomen
229 1348 437 1415 usquequaque
449 1334 550 1393 transit
567 1333 595 1392 in
607 1334 752 1393 Sarmatas
766 1342 854 1410 atque
870 1333 1039 1394 Germanos.
1061 1352 1117 1394 nec

112 1416 179 1478 aliis
195 1418 292 1496 prisca
309 1417 359 1477 illa
381 1418 492 1479 duravit
509 1416 669 1495 appellatio
687 1434 772 1495 quam
788 1419 837 1496 qui
851 1420 975 1479 extremi
989 1419 1117 1496 gentium

74 1520 102 1562 aa
112 1502 213 1562 harum
228 1501 319 1579 ignoti
335 1517 428 1579 prope
438 1501 551 1561 ceteris
565 1500 734 1561 mortalibus
753 1500 870 1579 degunt.
1167 1564 1171 1569 ,

179 1583 264 1663 (26.)
286 1584 395 1643 Verum
417 1583 454 1643 ab
477 1583 575 1644 llistro
598 1585 707 1663 oppida
726 1583 929 1661 Cremniscos,
950 1584 1159 1664 Aepolium&

112 1677 229 1731 montes
243 1666 472 1743 Macrocremni,
496 1668 591 1728 clarus
606 1669 696 1727 amuis
712 1668 804 1745 Tyra,
829 1669 939 1747 oppido
954 1686 1060 1729 nomen
1075 1671 1116 1729 in·

113 1769 229 1831 ponens
242 1749 291 1811 ubi
307 1761 390 1812 antea
407 1750 534 1829 Ophiusa
550 1752 710 1814 dicebatur.
742 1751 775 1813 lu
790 1753 896 1813 eodem
915 1753 1037 1813 insulam
1051 1772 1117 1834 spa-

112 1838 218 1895 tiosam
232 1835 361 1896 incolunt
376 1834 550 1913 Tyragetae.
579 1836 665 1897 abest
679 1854 696 1897 a
711 1835 922 1897 Pseudostomo
937 1836 1025 1898 liistri
1041 1839 1116 1898 ostio

75 1917 224 1987 aoCXXX
240 1919 353 1980 milibus
373 1936 517 1997 passuum.
550 1918 619 1980 llox
637 1921 767 1983 Axiacae
789 1923 980 1998 cognomines
999 1922 1116 1996 flumini,
1199 1983 1204 1989 ,

1 2038 6 2048 ›
112 2004 189 2064 ultra
201 2020 274 2082 quos
286 2001 423 2078 Crobyzi,
436 2005 541 2064 flumen
552 2003 683 2081 Rhodes,
695 2006 775 2065 sinus
786 2006 935 2080 Sagarius,
948 2013 1050 2083 portus
1064 2004 1116 2064 Or·

113 2087 214 2147 desos.
229 2095 258 2146 et
269 2104 285 2147 a
297 2086 373 2162 Tyra
385 2084 464 2147 CXX
475 2087 590 2147 milibus
602 2106 739 2166 passuum
750 2089 854 2149 humen
865 2087 1064 2163 Borysthenes
1076 2087 1116 2146 la-

112 2172 594 2332 hitttttttttlttttttt
608 2168 1118 2333 titt-'titttttttttttttil

76 2338 180 2399 asbus.
203 2355 303 2397 rursus
318 2338 403 2399 litore
422 2346 523 2416 portus
542 2336 737 2397 Achaeorum.
760 2337 851 2397 insula
868 2336 991 2398 Achillis
1010 2335 1160 2401 tumulosa

113 2422 179 2481 eius
192 2421 247 2479 viri
263 2421 352 2496 clara,
370 2431 399 2481 et
413 2422 449 2482 ab
466 2439 500 2481 ea
517 2419 624 2481 CXXV
638 2421 755 2483 milibus
768 2438 903 2501 passuum
915 2420 1066 2500 peninsula
1082 2419 1118 2479 ad

112 2505 236 2567 formam
251 2504 330 2583 gladi
345 2506 373 2564 iu
387 2514 583 2566 transversum
598 2514 745 2582 porrecta,
763 2508 972 2567 exercitatione
988 2505 1119 2566 eiusdem

113 2589 318 2665 cognominata
336 2586 462 2649 Dromos
485 2589 654 2666 Achilleos,
679 2592 761 2651 cuins
785 2590 992 2668 longitudinem
1014 2586 1119 2649 LXXX

113 2672 222 2732 milium
240 2688 375 2750 passuum
390 2673 506 2735 tradidit
520 2672 662 2752 Agrippa.
686 2672 789 2734 'lotum
805 2693 870 2735 eum
885 2684 1006 2735 tractum
1020 2680 1119 2732 tenent

78 2776 105 2821 ao
116 2755 201 2815 Sardi
213 2754 340 2829 Scythae
357 2764 385 2817 et
402 2757 504 2817 Siraci.
536 2755 606 2818 lude
623 2757 766 2817 silvestris
782 2757 867 2834 regio
883 2755 1025 2831 llylaeum
1039 2772 1118 2815 mare

115 2855 174 2917 quo
203 2838 327 2898 adluitur
348 2840 578 2915 cognominavit,
600 2838 811 2902 Enoeobadloe
832 2848 973 2899 vocantur
994 2838 1117 2897 incolae.

113 2922 197 2983 Ultra
213 2920 385 2999 Panticapes
401 2922 491 2983 amuis
509 2923 557 3000 qui
572 2921 718 2983 Nomadas
733 2932 764 2981 et
781 2923 916 2997 Georgos
932 2922 1118 2994 disterminat,

113 3022 184 3065 mox
209 3003 364 3065 Acesinus.
401 3007 517 3085 quidam
538 3005 715 3089 Panticapen
741 3006 889 3067 confluere
912 3004 985 3064 inira
1006 3004 1119 3065 Olbiam

114 3105 181 3148 oum
198 3086 380 3163 Borysthene
394 3090 519 3163 tradunt,
536 3088 738 3165 diligentiores
753 3088 905 3167 Hypanim,
921 3097 1000 3149 tauto
1016 3104 1118 3149 errore

79 3196 105 3238 ³5
115 3188 217 3231 eorum
230 3173 278 3249 qui
292 3172 371 3231 illum
387 3174 416 3231 in
430 3171 521 3231 Asiae
535 3181 619 3249 parte
633 3172 800 3249 prodidere.
830 3170 910 3233 blare
926 3172 1001 3233 subit
1015 3177 1161 3249 magnetii

114 3270 249 3329 recessu,
266 3254 361 3314 donee
371 3254 399 3312 V
410 3254 516 3315 milium
527 3272 663 3332 passuum
676 3255 829 3315 intervallo
843 3256 918 3316 absit
933 3255 1117 3328 allaeotide,

114 3346 202 3397 rasta
214 3336 346 3397 ambiens
363 3339 455 3414 spatia
476 3338 638 3417 multasque
657 3340 762 3415 gentis.
795 3340 873 3400 sinus
891 3339 1052 3400 Carcinites
1067 3355 1116 3415 ap·
1247 3382 1264 3397 .

116 3418 252 3498 pellatur.
280 3419 400 3481 Flumen
411 3420 539 3496 Pacyris.
559 3421 667 3501 oppida
682 3421 834 3500 Nauarum,
852 3422 985 3485 Carcine.
1001 3431 1117 3497 atergo
