2542 3842
178 161 220 223 72
523 172 553 219 o.
569 174 665 221 cumr
681 171 831 221 saeuum

170 328 257 388 dam.
276 326 334 387 iarn
347 327 406 387 teia
423 326 499 389 humi
515 327 644 387 eoliecta
659 326 749 402 equiti
767 325 926 403 porrigunt.
958 341 1023 383 nam
1047 326 1076 383 in
1095 325 1171 385 circo

178 412 215 471 ad
230 428 331 471 currus
352 413 440 471 iuncti
460 428 518 469 non
531 410 618 471 dubie
640 409 817 483 intellectum
838 408 1045 469 adhortationis
1065 418 1094 469 et
1109 409 1171 485 glu-

136 496 255 560 leonae
271 494 406 555 fatentur.
439 493 540 555 Claudi
555 491 692 555 Caesaris
708 493 899 553 saecularium
915 491 1046 552 ludorum
1062 494 1171 555 circen·

177 579 259 640 sibus
275 596 401 639 excusso
422 580 451 637 in
475 577 644 639 carceribus
665 578 764 653 auriga
785 576 890 637 albatis
917 574 1029 649 Corace
1048 593 1171 654 occupa·

170 682 265 738 nere,
284 664 435 740 primatum
457 664 610 740 optinuere
632 670 829 739 opponentes,
851 660 1045 735 effundentes,
1066 662 1193 731 omnia-s

178 764 235 825 que
252 755 351 806 contra
371 746 501 807 aemulos
517 763 592 824 quae
621 744 791 805 debuissent
811 746 986 822 peritissimo
1008 746 1108 821 auriga
1131 747 1171 805 in

177 832 298 891 sistente
315 831 467 903 iacientes,
482 848 548 892 cum
561 829 685 907 puderet
699 828 843 889 hominum
855 829 925 887 artis
937 828 974 889 ab
988 830 1072 904 equis
1087 830 1170 903 vinci,

136 924 315 992 161peracto
336 915 465 991 legitimo
484 932 569 973 cursu
589 913 626 973 ad
642 923 749 973 cretam
765 923 885 973 stetere.
916 913 1005 971 mains
1027 913 1172 989 augurium

176 998 254 1076 apud
267 999 381 1076 priscos
396 997 511 1075 plebeis
526 997 706 1058 circensibus
720 1014 846 1058 excusso
863 998 961 1072 auriga
979 997 1017 1055 ita
1031 1005 1062 1055 ut
1075 996 1101 1057 si
1116 1004 1170 1055 sta·

177 1091 223 1141 ret
236 1083 265 1141 in
283 1079 455 1159 Capitolium
483 1082 646 1143 cucurrisse
663 1098 756 1159 equos
777 1082 938 1159 aedemque
956 1089 1001 1141 tar
1021 1081 1205 1153 lustrassent

176 1184 337 1228 maurinum
351 1183 422 1224 uero
438 1167 542 1227 eodem
564 1168 735 1243 peruenisse
757 1185 773 1225 a
787 1166 858 1225 Veis
881 1181 945 1223 cum
966 1164 1060 1242 palma
1076 1172 1108 1223 et
1124 1178 1170 1223 ce

177 1268 249 1311 rona
265 1249 357 1309 effuso
379 1249 555 1311 Ratumenna
573 1252 623 1327 qui
643 1250 684 1309 ihi
698 1252 824 1325 vicerat,
848 1248 922 1309 unde
943 1257 1046 1326 postea
1070 1263 1171 1307 nomen

137 1343 298 1412 litportae
321 1343 375 1393 est
407 1336 554 1395 Sarmatae
581 1334 739 1411 longinquo
762 1334 851 1393 acturi
867 1332 961 1393 inedia
974 1332 1069 1409 pridie
1090 1348 1171 1427 prae-

179 1427 281 1497 parant
298 1436 370 1492 eos,
393 1429 492 1495 potum
507 1419 656 1493 exiguum.
662 1419 861 1494 inpedientes,
883 1426 970 1493 atque
983 1418 1033 1477 ita
1037 1434 1092 1493 per
1106 1418 1171 1477 cett·
1254 1412 1255 1477 i

178 1507 246 1561 tenu
259 1501 338 1560 inilia
353 1510 385 1559 et
397 1503 603 1599 quinquaginta
622 1504 756 1563 continuo
777 1519 862 1571 cursu
885 1499 1016 1561 euntibus
1039 1498 1207 1561 insidentis

177 1585 284 1645 Vivent
297 1586 378 1643 annis
392 1585 507 1661 quidam
520 1586 741 1662 quinquagenis,
756 1586 863 1645 semiue
877 1584 986 1643 minore
1004 1584 1108 1661 spatio.
1124 1600 1172 1643 eu·

179 1669 244 1727 dem
258 1668 451 1745 quinquennio
471 1668 559 1727 duem
577 1668 727 1727 crescendi
737 1670 835 1744 capit,
857 1685 952 1725 mares
970 1684 1043 1725 anno
1067 1666 1175 1726 addito.

177 1750 283 1810 Forma
305 1768 443 1827 equorum
466 1751 559 1827 qualis
584 1768 714 1811 maxume
736 1752 795 1827 legi
824 1757 958 1828 oporteat
978 1749 1175 1826 pulcherrime

173 1832 293 1911 quidem
308 1834 440 1910 Vergilio
455 1842 522 1896 vate
537 1834 671 1901 absoiuta
688 1844 741 1895 est.
776 1834 829 1893 sed
845 1842 874 1892 et
890 1850 942 1893 nos
959 1832 1080 1893 diximus
1097 1835 1128 1893 in
1142 1832 1175 1893 li·

176 1917 230 1978 itro
248 1917 285 1978 de
298 1916 473 1979 iaculatione
490 1920 618 1995 equestri
633 1918 765 1992 condito,
787 1926 817 1977 et
832 1917 894 1976 iere
909 1918 984 1975 inter
997 1916 1088 1975 omnis
1105 1933 1207 1977 con-an

176 2010 255 2062 stare
268 2002 366 2062 video.
394 2002 510 2063 diversa
523 2012 617 2063 autern
632 2004 712 2061 circo
734 2003 807 2061 ratio
824 2001 979 2078 quaeritur.
995 2001 1095 2077 itaque
1112 2018 1176 2061 carn

176 2084 270 2146 birni
261 2104 292 2145 ιι
308 2087 365 2147 alio
383 2086 589 2164 subiungantur
602 2087 742 2165 imperio,
762 2103 819 2145 non
834 2094 900 2147 ante
922 2085 1112 2161 quinquennis
1136 2082 1176 2143 ibi

177 2178 327 2232 certamen
340 2173 454 2249 accipit.

137 2261 189 2318 163
259 2255 359 2334 (66.)
374 2255 515 2316 Partuur
507 2274 536 2315 ru
556 2272 593 2315 eo
614 2272 726 2331 genere
748 2254 868 2313 undenis
895 2232 1040 2311 mensibus
1067 2250 1174 2325 ierunt,

178 2338 351 2399 duodecimo
374 2340 503 2413 gignunt.
540 2342 633 2399 eoitus
655 2355 745 2397 verno
765 2337 950 2414 aequinoctio
965 2334 1041 2393 bimo
1058 2334 1212 2410 utriquest

178 2422 326 2497 ιιιςιιιι,
349 2420 434 2480 seda
451 2422 563 2481 trimatu
584 2421 691 2481 firmior
711 2429 818 2498 partus.
853 2428 975 2495 generat
996 2435 1056 2475 mas
1072 2418 1107 2477 ad
1124 2435 1177 2477 an·

175 2523 234 2565 nos
248 2503 363 2579 triginta
378 2503 448 2577 tris,
469 2512 570 2581 utpote
588 2522 652 2563 cum
671 2521 688 2563 a
704 2504 781 2563 circo
803 2512 871 2581 post
892 2503 1059 2561 vicesimum
1073 2518 1179 2561 annum

177 2589 323 2648 mittantur
335 2586 372 2645 ad
387 2586 528 2650 subolem.
553 2585 666 2664 Opunte
684 2595 713 2645 et
729 2587 764 2645 ad
780 2585 967 2663 quadraginta
982 2585 1101 2645 durasse
1117 2593 1177 2647 tra·

135 2669 265 2734 rendunt
278 2670 401 2731 adintrrm
418 2670 508 2732 modo
527 2671 555 2730 in
569 2669 727 2730 attollenda
742 2671 839 2749 priore
858 2678 940 2747 parte
962 2669 1103 2746 corporis.
1120 2669 1178 2727 sed

179 2752 418 2829 adgenerandum
429 2753 699 2834 paucieapirnalium
708 2752 953 2815 minoriertiiitas.
971 2752 1069 2831 quade
1085 2768 1213 2815 cauma

139 2837 331 2901 intervalia
341 2837 519 2902 admissurae
531 2838 642 2912 dantur,
654 2855 710 2897 nec
721 2844 816 2897 tamen
828 2837 1009 2915 quindecim
1002 2837 1085 2895 initus
1098 2838 1177 2897 eins-

177 2919 245 2984 uem
263 2923 331 2983 anni
350 2922 430 2983 volet
451 2922 588 2983 tolerare.
626 2939 763 2999 equarum
788 2920 876 2982 libido
897 2922 1088 2996 exstinguitur
1107 2920 1178 2982 iuba

42 3074 45 3080 ¹
178 3012 272 3072 tonsa.
302 3006 423 3081 gignunt
448 3007 529 3068 annis
552 3006 684 3068 omuibus
708 3006 744 3065 ad
773 3006 1030 3103 quadragesimum.
1064 2988 1179 3079 vistim

137 3096 302 3168 ldeeqnom
323 3090 504 3167 septuaginta
522 3092 647 3167 quinque
669 3106 758 3149 ιιιοι
777 3090 915 3167 proditur
948 3090 976 3147 in
990 3089 1047 3149 hoo
1061 3102 1180 3163 genere

178 3173 392 3251 gravidastnua
407 3175 492 3250 parit,
508 3183 683 3251 praeterque
700 3182 814 3233 ceteras
830 3173 918 3236 fetum
934 3172 1033 3248 diligit.
1059 3181 1088 3232 et
1102 3188 1178 3233 sane
1190 3189 1217 3233 at

86 3323 91 3329 ,
181 3257 265 3333 equis
283 3256 388 3315 amoris
408 3258 518 3317 innasci
537 3257 708 3315 veneficium
734 3256 922 3333 hippomanes
946 3255 1127 3333 appeliatum
1148 3255 1181 3313 in

83 3372 87 3388 ·
177 3338 288 3413 trente,
303 3339 417 3399 caricae
433 3340 639 3415 magnitudine,
665 3340 765 3399 colore
783 3340 877 3415 nigro,
894 3340 971 3417 quod
987 3340 1080 3399 statim
1096 3338 1181 3399 edito

181 3430 266 3496 partu
279 3422 401 3499 devorat
414 3420 474 3481 ieta
488 3429 537 3481 aut
554 3430 667 3499 partum
681 3422 717 3479 ad
731 3421 821 3483 ubera
837 3439 894 3481 uon
906 3422 1035 3505 admittit.
1064 3425 1090 3481 si
1111 3420 1184 3501 quis
1255 3466 1256 3473 ι
