2542 3842
192 169 253 232 276
408 245 412 252 ,
538 171 846 221 commemorem

383 269 390 292 1

193 338 248 396 iam
265 349 337 393 vero
353 330 427 392 alios
445 329 552 389 lectum
565 335 742 404 exspectare
756 341 813 385 non
828 339 929 400 posse,
945 324 1031 383 immo
1047 339 1132 381 vero
1151 339 1210 382 nec

193 419 326 491 tunicam,
342 415 493 492 nudosque
508 411 547 472 1111
561 411 693 490 protinus
710 418 742 468 et
755 407 1017 482 anhelos-ingentia
1033 423 1111 464 vasa
1135 423 1207 465 con·

193 504 302 580 ripere,
320 499 400 560 velut
415 495 450 558 ad
466 496 688 556 ostentationem
703 493 819 565 virium,
834 508 869 550 ac
883 489 971 567 plene
982 489 1162 565 infundere,
1179 499 1208 548 ot

193 587 287 646 statim
306 591 420 643 vomant
439 591 598 658 rursusque
617 577 762 650 hauriant,
786 576 872 652 idque
891 574 1204 652 iterumt'ertiumque,

194 679 335 746 umquam
356 665 392 726 ad
411 663 559 745 perdenda
581 660 774 736 clangendi,
797 668 827 718 et
848 668 989 736 tamquam
1012 657 1132 718 edundi
1157 657 1224 718 illas

154 762 205 818 140
216 770 273 812 oon
288 751 400 829 possint
412 749 466 808 nisi
481 765 534 825 per
550 763 656 824 corpus
670 744 829 804 bnmannm.
852 742 899 806 Ad
910 743 968 803 boc
982 743 1140 820 pertinent
1155 761 1203 820 pe·

194 837 329 914 regrinae
353 833 578 894 exercitationes
605 837 635 888 et
654 828 795 888 volutatio
815 827 845 885 in
866 843 957 886 caeno
978 844 1013 886 ac
1034 835 1202 903 pectorosa

196 919 320 981 nervicis
337 917 484 995 repandae
499 913 664 974 ostentatio.
691 929 745 989 per
758 913 852 972 omnia
864 910 939 971 baec
955 908 1154 988 praedicatur
1170 911 1201 969 si·

196 1005 232 1064 tis
254 1002 364 1082 quaeri.
396 1001 450 1060 iam
465 1016 536 1058 vero
559 1015 633 1076 quae
651 995 820 1056 inhibendo
837 994 1006 1069 certamina,
1029 1011 1112 1071 quae
1136 1011 1203 1053 vasa

196 1086 343 1149 adulteriis
366 1083 494 1158 caelata,
521 1091 663 1158 tamqnam
684 1097 791 1158 perse
811 1096 911 1158 parum
931 1077 1038 1138 doceat
1061 1077 1203 1139 libidines
1211 1093 1224 1130 n

196 1167 376 1231 temulentia!
398 1168 434 1226 ita
451 1167 516 1224 vina
532 1183 569 1226 ex
583 1163 701 1223 libidine
716 1161 891 1238 hauriuntur,
905 1171 993 1239 atquc
1007 1163 1100 1222 etiam
1119 1181 1201 1240 prae

196 1255 253 1314 snio
268 1252 400 1312 invitatur
417 1249 542 1309 ebrietas
558 1257 599 1324 et,
615 1249 640 1306 si
656 1245 700 1307 dis
716 1247 825 1324 placet,
842 1247 953 1306 emitur.
978 1245 1054 1306 alius
1066 1254 1098 1304 ut
1114 1254 1210 1324 quau'

197 1347 255 1396 tum
273 1334 377 1396 biberit
389 1336 495 1394 tantum
508 1333 566 1394 edit
580 1332 703 1409 pretium
714 1330 890 1390 vinolentiae
902 1329 970 1411 lege
980 1330 1111 1407 accipit,
1131 1331 1200 1390 alios

156 1430 205 1486 141
216 1428 348 1499 quantum
363 1418 427 1478 alea
442 1416 599 1496 quaesierit
616 1423 722 1474 tantum
742 1413 823 1474 bibit.
852 1413 932 1474 'lunc
945 1413 1019 1474 avidi
1035 1423 1199 1474 matronam

199 1504 276 1565 oculi
293 1503 433 1575 licentur,
463 1517 569 1578 graves
593 1498 717 1578 produnt
737 1499 857 1574 marito,
884 1508 951 1557 tunc
972 1497 1058 1558 11111111
1078 1507 1220 1559 secretio

198 1586 390 1666 proferuntur.
411 1585 460 1644 alii
474 1592 645 1644 testamenta
661 1601 713 1642 sua
725 1591 897 1661 nuncupant,
913 1580 961 1642 alii
971 1581 1130 1642 mortifera
1143 1583 1199 1642 elo·

199 1679 298 1732 cuntur
315 1669 515 1746 rediturasque
533 1685 587 1744 per
603 1666 728 1742 iugulum
744 1683 836 1726 voces
849 1683 908 1726 non
922 1665 1087 1740 continent,
1115 1686 1199 1746 quam

197 1752 292 1812 multis
306 1751 345 1811 ita
359 1751 548 1828 interemptis,
564 1749 713 1826 volgoque
725 1751 833 1809 veritas
847 1751 902 1809 iam
912 1747 1048 1809 attributa
1060 1751 1128 1808 vino
1143 1761 1198 1808 est.

198 1838 325 1910 interea,
342 1844 372 1894 ut
388 1843 503 1912 optume
521 1834 615 1906 cedat,
633 1833 726 1892 solem
741 1834 881 1892 orientem
896 1850 952 1892 non
968 1834 1128 1908 videntne
1144 1835 1196 1892 mi·

157 1918 462 1986 111111111111111.
492 1916 559 1976 binc
579 1914 674 1996 pallor
695 1925 724 1975 et
743 1933 838 1992 genae
857 1916 1019 1997 pendulae,
1047 1916 1227 1977 oculorumo

200 2005 317 2078 ulcera,
340 2000 478 2062 tremulae
494 2019 592 2060 manus
617 2000 797 2061 effundentes
813 2001 899 2080 plena
915 2019 985 2063 vasa
999 2010 1046 2078 et,
1069 2019 1151 2081 quae
1168 2003 1200 2062 sit

199 2105 293 2166 poena
307 2104 465 2166 praesens,
488 2085 607 2148 furiales
630 2086 722 2143 somni
740 2094 770 2144 et
790 2086 902 2165 inquies
918 2094 1060 2145 nocturna
1076 2087 1199 2162 praemi·

198 2188 302 2248 umque
318 2187 453 2238 summum
476 2169 623 2228 ebrietatis
639 2167 727 2228 libido
743 2177 912 2247 portentosa
926 2187 962 2228 ac
976 2168 1139 2229 iucundum
1154 2189 1199 2231 ne·
1227 2224 1228 2227 ,

198 2255 251 2314 ias.
283 2264 401 2332 postero
416 2253 464 2314 die
482 2270 519 2310 111
535 2268 586 2311 ore
602 2251 706 2312 balitus
722 2253 831 2313 cadiae
842 2271 937 2313 rerum
949 2253 1076 2313 omnium
1088 2253 1199 2315 oblivio
1219 2298 1223 2309 .

198 2355 334 2415 morsque
350 2335 515 2396 memoriae.
542 2353 649 2412 rapere
663 2353 696 2394 se
710 2336 749 2396 ita
763 2338 850 2396 vitam
865 2336 1044 2418 praedicant,
1062 2356 1134 2398 cum
1149 2334 1227 2418 pri-u

157 2430 298 2484 1131111111
314 2420 389 2478 diem
406 2417 512 2476 cotidie
529 2419 667 2496 perdant,
687 2419 729 2478 illi
744 2437 817 2478 vero
836 2422 1052 2484 etvenieotem.
1081 2419 1199 2484 Tiberio
1225 2418 1226 2447 ¹

200 2503 319 2564 Claudio
336 2501 467 2580 principe
490 2511 556 2562 ante
580 2502 634 2561 bos
654 2520 744 2562 annos
765 2517 812 2562 xc
832 2504 986 2562 institutum
1003 2512 1035 2561 ut
1053 2505 1147 2566 ieiuni
1162 2507 1200 2564 bi·
1224 2502 1225 2557 1

102 2635 105 2645 .
199 2588 301 2648 berent
317 2595 459 2665 potusque
475 2585 533 2644 vini
555 2585 744 2646 antecederet
759 2585 853 2661 cibos,
870 2587 997 2647 externis
1013 2596 1043 2646 et
1057 2588 1118 2648 hoc
1133 2591 1201 2650 arti·
1223 2592 1224 2665 l

199 2671 251 2730 bns
274 2686 308 2729 ac
323 2669 500 2730 medicorum
514 2669 630 2748 placitis
646 2671 774 2728 novitate
790 2688 908 2748 semper
920 2671 1018 2750 aliqua
1032 2690 1108 2733 sese
1125 2692 1200 2734 com-

157 2762 208 2818 144
219 2753 418 2814 mandantium.
448 2747 570 2830 gloriam
592 2753 647 2813 bac
671 2753 773 2813 virtute
794 2753 890 2814 Parthi
911 2764 1068 2834 quaerunt,
1097 2758 1221 2818 famant

180 2889 182 2900 ,
199 2835 274 2916 apud
291 2838 418 2900 Graecos
428 2837 601 2900 ¹Alcibiades
619 2837 737 2912 meruit,
759 2837 835 2916 apud
857 2855 911 2898 nos
932 2855 1102 2915 cognomen
1120 2847 1202 2905 etiam
1221 2844 1222 2885 l

198 2919 349 2982 Novellius
365 2919 526 3000 Torquatus
543 2919 782 2996 Mediolanensis,
803 2921 840 2981 ad
855 2910 1095 3000 proconsulatum
1111 2947 1203 3006 usque
1220 2982 1221 2993 ,

200 3025 216 3064 1
229 3016 363 3082 praetura
374 3005 533 3066 honoribus
548 3007 650 3082 gestis,
664 2996 754 3066 tribus
766 3006 888 3082 congiis,
905 3005 979 3066 unde
992 3015 1021 3065 et
1034 3026 1205 3086 cognomen

199 3088 239 3148 illi
255 3089 317 3164 luit,
333 3091 428 3166 epotis
444 3107 501 3147 uno
518 3091 642 3168 impetu,
660 3099 809 3168 spectante
824 3091 954 3152 miraculi
968 3093 1064 3170 gratia
1080 3084 1220 3157 Tiberio*

199 3173 338 3250 priocipe.
372 3173 399 3230 111
415 3181 533 3232 senecta
548 3175 603 3234 iam
625 3191 730 3234 severo
753 3184 839 3252 atque
856 3177 941 3236 etiam
960 3193 1051 3235 saeuo
1075 3179 1160 3241 alias
1181 3188 1220 3240 etl

159 3261 207 3314 145
219 3255 275 3330 ipsi
297 3253 410 3314 iuventa
433 3255 468 3314 ad
490 3275 598 3317 merum
620 3260 739 3334 pronior
759 3257 861 3319 iuerat.
899 3278 991 3337 eaque
1014 3248 1218 3326 commenda-l

77 3349 89 3361 ·
109 3367 111 3378 ·
199 3337 277 3393 tione
293 3336 443 3396 credidere
456 3337 487 3396 L.
500 3339 634 3398 Pisonem
648 3339 726 3398 urhis
743 3342 882 3405 cnraeab
900 3361 936 3403 eo
948 3342 1108 3424 delectum,
1129 3348 1208 3430 quod

198 3414 285 3476 biduo
310 3417 478 3498 duabusque
498 3419 630 3480 noctibus
649 3426 881 3502 perpotationem
903 3429 1104 3490 continuasset
1131 3431 1209 3513 apud

1211 3764 1213 3791 1
