2542 3842
357 201 437 249 unu.
453 201 542 249 ausu.
558 202 608 249 111.
627 200 654 252 5.
671 188 800 273 (tt—to.)
1046 191 1104 253 137

112 355 302 434 exspatiantia
323 363 400 415 tecta
418 356 520 415 multas
543 356 682 415 addidere
704 356 793 415 urbis.
823 356 854 416 lu
871 359 961 436 prima
982 360 1146 434 regiones&

111 448 266 519 praeterea
290 438 372 498 luere
395 440 423 497 iu
445 438 524 499 Latio
549 440 627 499 clara
654 440 760 517 oppida
783 442 938 516 Satricum,
963 442 1102 516 Pometia,

112 524 246 600 Scaptia,
261 521 444 597 Politorium,
461 521 599 597 Tellena',
617 522 725 596 Tilata,
741 522 884 598 Caenina,
900 523 1015 600 Picano,
1033 523 1103 586 Cru-

112 608 293 681 stumerium,
315 606 479 681 Ameriola,
501 605 673 682 Medullum,
696 604 895 682 Corniculum,
912 608 1040 669 Saturnia
1055 609 1105 668 ubi

89 709 185 775 cnunc
200 688 291 751 Rome
308 698 367 765 est,
389 689 533 767 Antipolis
549 691 626 767 quod
643 709 717 751 nuuc
732 689 912 750 laniculum
904 709 931 749 m
948 701 1029 769 parte
1045 691 1102 752 Ro·

110 792 185 849 mae,
194 773 364 848 Antemnae,
376 770 545 849 Camerium,
557 772 690 849 Collatia,
701 774 862 850 Amitinum,
871 773 982 849 Norbe,
994 774 1102 849 Sulmo,

112 868 223 919 etcum
246 857 290 916 bis
314 868 428 917 carnem
449 858 477 915 in
496 866 592 917 monte
610 858 724 918 Albano
747 858 824 919 soliti
847 860 984 935 accipere
1005 859 1145 936 populi69

110 941 272 1016 Albenses,
288 940 410 1016 Albani,
427 940 580 1015 Aesulaui,
599 942 777 1018 Accienses,
794 942 935 1017 Abolani,
954 940 1104 1017 Bubetani,

109 1025 226 1101 Bolani,
244 1022 413 1099 Cusuetani,
431 1022 592 1099 Coriolani,
608 1024 780 1103 Fidenates,
796 1026 915 1101 Toretii,
932 1025 1103 1100 Hortenses,

75 1128 101 1171 ao
111 1109 305 1185 Latinienses
331 1107 504 1185 Longulani,
521 1106 666 1184 Manates,
683 1108 826 1170 Macrales
835 1108 1103 1184 ,Mutucumenses

109 1193 289 1268 Munienses,
304 1192 520 1269 Numinienscs,
537 1154 700 1268 Olliculabi,
717 1155 859 1268 Octulani,
875 1191 991 1265 Pedani,
1008 1192 1102 1253 Pollu·

110 1278 193 1352 scini,
207 1276 445 1355 Querquetulani,
460 1237 566 1351 Sicubi,
580 1276 756 1352 Sisolenses,
773 1275 971 1350 Tolerienses,
988 1275 1102 1335 Tutien-

110 1379 170 1436 ses,
185 1322 377 1434 Vimitellarii,
393 1360 565 1433 Velienses,
581 1358 769 1435 Venetulani,
785 1359 973 1419 Vitellenses.
1005 1359 1047 1419 lta
1065 1367 1145 1423 exto

109 1446 226 1523 antiquo
237 1444 316 1504 Latio
327 1404 389 1503 ttl’l
401 1443 501 1522 populi
513 1445 653 1503 interiere
668 1445 730 1503 sine
744 1445 886 1521 vestigiis.
913 1443 946 1503 ln
956 1441 1100 1523 Campano

73 1537 203 1595 raautem
220 1537 292 1604 agro
308 1527 424 1587 Stabiae
446 1527 581 1606 oppidum
601 1527 684 1587 luere
706 1546 796 1606 usque
814 1529 850 1588 ad
867 1524 918 1585 Cn.
935 1526 1101 1605 Pompeium

110 1621 140 1673 et
154 1612 184 1672 b.
202 1610 340 1671 Catonem
354 1611 499 1686 consules,
515 1611 607 1689 pridie
622 1610 738 1672 kalend.
756 1612 824 1687 Mai,
840 1627 897 1689 quo
916 1610 962 1670 die
976 1609 1102 1672 LfSulla

108 1697 223 1773 legatus
246 1694 326 1754 bello
349 1694 451 1753 sociali
473 1695 501 1755 id
519 1694 645 1769 delevit,
670 1695 748 1773 quod
765 1712 840 1754 nunc
862 1696 891 1753 in
909 1694 1005 1754 villam
1021 1694 1100 1754 abiit.

107 1778 258 1840 Intercidit
271 1778 310 1837 ibi
332 1787 362 1837 et
381 1777 530 1837 Taurania.
557 1788 621 1838 sunt
638 1780 796 1839 morientes
813 1776 931 1839 Casilini
949 1778 1100 1856 reliquiae.

107 1862 266 1923 Praeterea
281 1870 382 1921 auctor
403 1870 448 1920 est
462 1860 563 1922 Antias
581 1862 717 1941 oppidum
737 1861 898 1922 Latinorum
914 1862 1036 1940 Apiolas
1053 1880 1100 1922 ca·

71 1965 99 2007 ro
109 1955 189 2025 ptum
206 1962 222 2005 a
237 1944 267 2004 t.
286 1944 440 2026 Tarquinio
455 1963 538 2023 rege,
556 1964 593 2005 ex
609 1947 689 2006 cuius
704 1947 813 2024 praeda
829 1945 1001 2025 Capitolium
1017 1947 1042 2005 is
1059 1946 1100 2005 in·

110 2029 267 2089 cboaverit.
297 2028 324 2088 A
339 2031 477 2090 Surrento
498 2030 534 2089 ad
549 2030 672 2089 Silarum
689 2048 799 2089 amnem
813 2032 928 2106 triginta
942 2030 1019 2088 milia
1034 2047 1099 2107 pas·
1181 2059 1191 2069 .

109 2130 189 2173 suum
205 2130 277 2188 ager
288 2112 448 2173 Picentinus
463 2113 514 2174 luit
532 2112 700 2186 Tuscorum,
716 2113 825 2189 templo
842 2111 957 2170 lunonis
972 2112 1100 2186 Argivae

108 2197 146 2257 ab
161 2196 265 2255 lasona
282 2197 395 2256 condito
412 2197 541 2272 insignis.
568 2195 643 2253 intus
657 2194 793 2272 oppidum
810 2194 933 2266 Salerni,
949 2192 1084 2252 Picentia.

172 2278 256 2358 (10.)
276 2278 303 2339 A
324 2280 417 2340 Silero
434 2280 517 2356 regio
535 2278 619 2337 tertia
643 2286 672 2337 et
691 2294 763 2354 ager
776 2276 905 2335 Lucanus
919 2274 1099 2353 Bruttiosque
1108 2283 1141 2339 71

73 2364 225 2441 reincipit,
249 2381 305 2422 nec
327 2363 366 2421 ibi
392 2360 456 2423 rara
478 2361 635 2421 incolarum
656 2362 820 2421 mutatione.
851 2359 1016 2419 Tenueruut
1038 2360 1101 2418 eam

106 2447 240 2523 Pelasgi,
258 2445 402 2523 Oenotrii,
419 2447 497 2523 Itali,
513 2445 679 2523 Morgetes,
698 2444 797 2522 Siculi,
815 2443 954 2506 Graeciae
969 2460 1099 2503 maxume
1189 2480 1192 2484 ›

107 2530 225 2610 populi,
243 2532 397 2590 novissime
413 2530 519 2591 Lucani
534 2549 549 2591 a
566 2529 737 2590 Samnitibus
752 2532 806 2589 orti
822 2529 895 2590 duce
911 2528 1010 2588 Lucio.
1041 2526 1099 2605 Op·

106 2614 205 2693 pidum
219 2613 350 2673 Paestum
367 2612 486 2673 Graecis
503 2613 656 2674 Posidonia
673 2613 865 2692 appellatum,
888 2614 965 2671 sinus
982 2611 1097 2671 Paesta-

107 2716 177 2772 nus,
201 2696 344 2795 oppidum.
354 2695 426 2757 Elea
447 2715 521 2776 quae
538 2715 611 2757 nunc
627 2696 722 2772 Velia,
751 2697 974 2776 promontorium
988 2694 1098 2753 Palinu-

71 2807 98 2851 ω
108 2799 186 2855 rum,
210 2798 227 2841 a
248 2797 305 2858 quo
321 2782 392 2839 sinu
397 2781 555 2841 recedente
570 2782 708 2841 traiectus
723 2780 759 2839 ad
777 2778 944 2839 Columnam
950 2776 1099 2852 Rhegium

108 2824 220 2924 centlum
238 2862 357 2940 Mpass.
388 2863 558 2924 Proxumum
573 2874 668 2923 autem
684 2864 750 2922 huic
771 2859 876 2923 llumen
891 2857 1022 2935 Melpes,
1049 2876 1099 2957 op·
1089 2863 1144 2919 ta

106 2948 203 3026 pidum
217 2946 391 3023 Ruxentum,
410 2946 550 3009 Graeciae
566 2947 678 3021 Pyxus,
694 2944 768 3004 laus
783 2946 882 3003 amnis
904 2943 956 3001 luit
973 2950 1002 3000 et
1017 2943 1106 3020 oppi-

106 3032 173 3091 dum
189 3031 291 3090 eodem
308 3033 431 3091 nomine.
461 3029 507 3089 Ab
524 3048 560 3091 eo
575 3029 712 3089 Bruttium
726 3028 808 3102 litus,
827 3025 962 3104 oppidum
978 3024 1097 3100 Blanda,

105 3114 211 3173 llumen
225 3113 340 3189 Batum,
366 3123 466 3193 portus
489 3113 658 3173 Parthenius
679 3111 886 3186 Phocensium,
912 3111 1000 3169 sinus
1008 3109 1097 3169 Vibo-

70 3200 214 3273 seueasis,
233 3198 316 3257 locus
332 3195 521 3273 Clampetiae,
538 3197 674 3275 oppidum
690 3194 793 3254 Temsa
808 3210 824 3254 a
840 3192 958 3255 Graecis
973 3192 1097 3255 Temese

105 3281 212 3341 dictum
234 3291 264 3341 et
284 3278 514 3339 Crotoniensium
530 3279 634 3340 Terina
656 3280 791 3355 sinusque
809 3279 912 3355 ingens
928 3276 1095 3337 Terinaeus.

104 3364 242 3441 oppidum
255 3360 411 3423 Consentia
423 3364 506 3421 intus.
531 3362 562 3421 ln
574 3361 724 3442 peninsula
737 3361 838 3421 lluuius
850 3360 997 3432 Acheron,
1013 3364 1139 3435 aquato

103 3447 242 3529 oppidani
253 3446 450 3507 Acherontini.
477 3445 584 3526 llippo,
601 3445 678 3525 quod
692 3460 767 3505 nuuc
780 3445 923 3505 Vibonem
937 3442 1096 3503 Valentiam
1211 3457 1213 3460 ·
