2542 3842
176 141 252 232 '274
385 155 388 161 ¹
498 151 854 234 ⁴commonentem
976 237 984 244 g

190 351 363 404 sinerentur.
396 342 448 403 sed
463 342 590 402 cinerem
606 359 623 402 e
636 343 704 400 ritis
718 340 870 401 sarmentis
886 349 935 400 ant
950 323 1061 420 qr'ercu
1076 342 1202 419 praeie-

189 437 263 488 runt.
294 429 363 506 quin
377 435 408 486 et
424 427 559 486 marinam
575 440 678 506 aquam
694 425 824 485 eiusdem
838 425 882 484 rei
896 428 989 502 matie
1001 442 1039 484 ex
1054 426 1121 485 alto
1137 429 1202 504 peti

128 531 132 540 ·
188 511 289 572 iubent
304 511 474 589 servarique
489 509 527 569 ab
542 509 726 588 acquinoctio
742 525 850 583 verno,
867 517 916 570 ant
931 519 1012 571 oerte
1027 517 1121 569 nocte
1137 512 1200 570 sol·

190 597 268 657 stitio
294 605 324 655 et
351 595 486 672 aquilone
512 593 600 654 dante
625 594 749 669 hauriri,
776 594 844 668 vel,
873 596 899 653 si
920 595 998 654 circa
1019 594 1200 654 vindemiam

149 687 200 743 12¹!
209 679 372 755 haurietur,
402 677 537 756 decoqui.
575 679 628 739 Pix
647 681 676 738 in
695 678 779 739 ltalia
801 677 838 738 ad
858 695 929 738 vasa
947 679 1014 737 rino
1037 679 1220 739 condendos

188 781 319 824 maxume
344 762 483 842 probatur
501 761 619 824 Bruttia.
652 763 684 823 lit
703 782 722 823 e
743 764 848 841 plceee
869 764 982 837 resina,
1004 763 1034 820 in
1053 761 1197 841 Hispania

190 857 285 910 autem
307 866 324 908 e
345 847 482 927 pinastris
501 847 625 907 minume
645 847 771 909 laudate.
806 855 854 907 est
876 849 950 906 enim
973 848 1070 906 resina
1094 847 1196 907 lrnrum

188 949 284 993 amara
307 942 337 992 et
363 931 443 993 arida
468 940 498 990 et
521 932 603 1007 gravi
634 932 738 992 odore.
776 931 966 991 differentiam
990 932 1196 1012 rationemque

146 1015 197 1089 ,g‘i
211 1015 348 1092 ‚faciendi
369 1031 511 1095 proxumo
526 1015 673 1076 volumine
692 1014 949 1076 demonstrabimus
969 1012 1044 1074 inter
1067 1016 1196 1076 arbores

176 1065 281 1161 beram
304 1101 373 1161 uitia
385 1109 502 1178 praeter
517 1116 603 1178 supra
619 1100 696 1184 dicia
712 1117 782 1160 acor
795 1108 844 1159 aut
858 1099 992 1159 fumidum
1006 1100 1102 1176 viros,
1122 1102 1221 1178 picisn

187 1194 282 1246 autem
297 1183 420 1244 adustio.
453 1183 681 1263 experimentum
692 1199 781 1259 vero,
799 1186 825 1243 si
838 1182 1000 1260 fragmenta
1016 1183 1196 1244 subluceant

146 1278 242 1334 mec
258 1269 311 1328 sub
328 1265 416 1330 dente
431 1269 594 1328 lentescant
609 1285 698 1328 acore
716 1268 848 1347 iucundop
874 1266 945 1328 daie
959 1268 1057 1346 picem
1074 1266 1195 1328 ldaean

187 1369 319 1414 nunno
352 1352 473 1431 probat,
509 1351 630 1414 Graecia
660 1353 817 1428 Piericam,
844 1351 993 1429 Vergilius
1021 1350 1194 1426 Naryciam.

188 1437 389 1514 diligentiores
414 1438 573 1498 admiscent
601 1437 713 1513 nigram
740 1434 916 1511 mastichen,
942 1453 1018 1514 qnae
1045 1438 1075 1495 in
1101 1437 1193 1497 Ponto

185 1519 313 1582 bitumini
325 1521 425 1582 similis
437 1521 573 1598 gignitur,
587 1529 616 1580 et
627 1521 677 1579 iris
687 1520 815 1579 radicem
827 1520 991 1598 oleumque.
1012 1537 1077 1580 nam
1094 1538 1194 1583 ceram
1202 1539 1220 1579 n

186 1605 396 1684 accipientibus
412 1607 490 1666 vasis
508 1600 677 1682 bonperttrm
698 1613 744 1663 est
763 1606 829 1663 rino
845 1621 997 1664 acescere.
1026 1604 1081 1664 sed
1099 1613 1193 1666 treus·

184 1689 265 1750 ferre
280 1692 310 1750 iu
325 1707 359 1748 ea
374 1707 445 1750 vasa
459 1690 488 1747 in
502 1687 606 1766 quibus
623 1697 735 1748 acetum
750 1689 838 1748 inerit
853 1688 951 1748 utilius
966 1705 1051 1766 quem
1065 1690 1095 1748 in
1111 1709 1149 1750 ea
1166 1693 1194 1748 in

143 1781 197 1837 129
209 1771 312 1851 quibus
332 1771 417 1832 dulce
438 1780 487 1831 aut
507 1772 638 1833 mulsum.
676 1769 851 1833 Catofiubet
872 1774 938 1833 rina
958 1775 1044 1833 conci
1080 1776 1126 1832 eri
1146 1808 1194 1820 -

125 1919 130 1923 ,
184 1855 242 1916 boc
254 1857 329 1916 enirn
343 1855 430 1916 utitur
443 1855 536 1916 verbo
549 1887 592 1900 ·--
603 1857 709 1915 cineris
719 1855 799 1915 lixivi
811 1873 875 1915 cum
888 1856 1003 1916 defruto
1015 1791 1089 1917 nobb
1100 1866 1191 1935 parte

185 1939 456 2018 quadragesimale
480 1941 620 2015 culleum,
643 1940 692 1999 uel
714 1939 784 1999 salis
806 1940 998 2020 sesquilibra,
1023 1943 1140 2001 interim
1163 1949 1227 2002 et²⁰

184 2029 270 2084 tunso
289 2041 443 2085 marmore.
472 2023 592 2084 incitet
614 2023 954 2101 sulpurismerltionem,
976 2028 1094 2108 resinae
1116 2045 1193 2087 vero

142 2117 196 2171 130
205 2109 234 2168 in
249 2109 423 2169 nouissimis.
447 2125 536 2186 snper
547 2108 719 2169 omniaaddi
730 2105 945 2168 maturescente
959 2110 1015 2169 iam
1028 2112 1097 2169 vino
1110 2112 1195 2172 iubet

184 2199 323 2269 mustum,
347 2192 426 2271 qnod
447 2192 498 2251 ille
518 2193 654 2252 tortivum
675 2192 820 2275 appellat,
844 2209 899 2252 nos
917 2193 1118 2270 intellegimus
1141 2213 1194 2256 no-

183 2278 301 2338 vissime
320 2274 500 2355 expressum.
535 2283 564 2336 et
579 2275 718 2336 adicimus
734 2277 882 2353 tinguendi
897 2279 990 2355 gretia
1005 2278 1149 2355 colores,
1165 2291 1197 2340 nt

184 2361 360 2440 pigmentum
377 2359 495 2439 aliquod
511 2361 587 2435 vini,
603 2369 691 2438 atque
708 2362 748 2420 ite
763 2362 895 2442 pinguius
913 2361 993 2436 lieri,
1015 2363 1061 2423 tot
1075 2366 1227 2425 venei-²⁵

185 2445 238 2504 ciis
249 2445 368 2524 placere
381 2445 509 2520 cogitur,
526 2451 555 2504 et
568 2445 704 2504 miramur
716 2446 832 2504 noxium
848 2463 925 2504 esse.
951 2446 984 2505 ln
995 2447 1096 2507 vitium
1108 2450 1197 2509 inoli-

183 2530 277 2590 nantls
287 2527 514 2606 experimentum
526 2535 572 2588 est
581 2527 694 2588 lamnae
703 2527 856 2618 plumbeae
866 2539 990 2590 mutatus
1000 2531 1030 2590 in
1040 2549 1077 2591 eo
1092 2533 1194 2592 colos.

142 2621 193 2675 131
267 2609 351 2692 (26.)
377 2611 525 2691 Proprium
547 2619 643 2672 autem
671 2614 745 2672 iuter
771 2613 900 2692 liquores
922 2615 990 2674 vino
1012 2612 1197 2677 mucescere

183 2695 275 2756 autin
291 2705 404 2756 acetum
424 2695 515 2770 verti,
539 2705 713 2774 exstantque
733 2698 894 2757 medicinae
911 2699 1073 2760 'uolumine
1104 2699 1198 2762 liaex

180 2779 239 2837 vini
254 2780 362 2842 siccata
374 2779 479 2857 recipit
492 2780 567 2856 ignis
582 2797 617 2839 ao
632 2781 695 2840 sine
710 2780 844 2861 alimento
857 2799 911 2860 per
926 2801 960 2842 se
972 2783 1085 2860 llagrat.
1117 2789 1225 2846 einins

183 2863 245 2924 eius
264 2865 330 2924 nitri
345 2872 473 2923 naturam
488 2863 576 2925 babet
593 2865 871 2944 easdemqueviris,
897 2866 954 2927 boe
969 2868 1093 2945 amplius
1112 2873 1197 2949 quod

180 2948 315 3027 pinguior
332 2948 461 3008 sentitur.
1033 3018 1037 3027 ,

140 3041 192 3094 132
245 3031 294 3091 21.
319 3031 403 3110 (27.)
426 3031 530 3112 lingna
546 3043 576 3094 et
588 3033 716 3094 collecto
727 3035 784 3094 iarn
795 3037 862 3094 rino
872 3035 1033 3095 differentia
1045 3037 1074 3096 in
1087 3040 1197 3100 caelo.

181 3117 259 3178 circa
274 3115 358 3193 Alpis
380 3115 486 3193 ligneis
508 3118 587 3178 vasis
611 3117 737 3178 condunt
758 3119 934 3198 circulisque
956 3121 1072 3197 cingunt
1097 3131 1199 3202 atque

182 3202 266 3261 etiam
281 3199 375 3260 bieme
390 3199 488 3278 gelida
503 3201 616 3278 ignibus
632 3205 760 3280 rigorem
775 3211 884 3263 arcent.
910 3221 1003 3264 rarum
1020 3205 1114 3283 dictu,
1134 3210 1234 3270 sedas

181 3283 335 3362 aliquando
356 3284 458 3344 visum.
489 3286 581 3363 ruptis
597 3288 675 3346 vasis
692 3295 801 3346 stetere
816 3287 961 3363 glaciatae
975 3288 1087 3366 moles,
1115 3289 1199 3368 pro-⁸

181 3365 241 3442 digi
262 3367 365 3441 modo,
390 3368 524 3445 quoniam
546 3369 603 3427 riui
622 3378 722 3430 natura
742 3370 950 3447 congelascit.
985 3372 1057 3432 alias
1077 3375 1118 3434 ad
1138 3378 1198 3436 fri·

140 3455 191 3510 13³
203 3465 257 3524 gus
280 3457 376 3550 stupet
391 3455 512 3508 tontum.
547 3451 676 3512 mitiores
690 3453 797 3533 plagae
818 3453 905 3514 doliis
925 3454 1050 3539 condunt
1076 3457 1198 3539 infodi
