2542 3842
371 194 450 241 usu.
466 194 557 241 assu.
581 194 629 241 ιιι.
648 192 731 243 Η
750 182 779 256 (ι
784 181 868 259 -3)
1049 179 1108 240 159

173 348 201 409 3.
218 347 281 426 (2.)
296 346 410 408 lnsccta
423 348 503 409 multi
518 314 659 425 negarunt
670 346 793 425 spirare,
809 345 897 424 idque
914 346 1026 405 ratione
1041 363 1107 423 per·
1120 358 1138 411 5

111 433 276 525 suadentes,
295 433 427 509 quoniam
443 433 557 493 viscera
575 434 710 493 interiora
726 449 819 491 nexus
834 427 981 507 spirabilis
996 446 1053 487 non
1068 431 1109 489 in·

111 517 217 579 essent,
241 518 337 592 itaque
354 517 454 577 vivere
469 526 499 575 ut
513 517 613 593 iunges
629 516 819 593 arboresque,
832 512 885 571 scd
897 511 1056 591 plurumum
1068 515 1108 573 ln-

109 611 223 661 teresse
240 600 330 677 spiret
345 600 452 679 aliquid
470 618 506 661 an
525 603 611 661 uiuat.
647 599 749 660 eadem
769 598 806 659 de
821 614 908 657 causa
923 613 980 657 nec
993 600 1108 674 sangui·

87 702 175 746 anem
193 685 227 743 iis
244 700 321 758 esse,
337 686 384 760 qui
400 686 437 743 sit
452 684 536 745 nullis
554 683 719 745 carentibus
730 683 820 743 eorde
836 690 924 760 atque
938 682 1049 741 iecore.
1066 684 1123 762 sicN

108 788 163 829 nec
178 769 289 845 spirare
306 784 341 826 ea
357 768 460 846 quibus
477 769 574 847 pulmo
590 768 674 827 desit.
703 767 779 828 unde
793 782 948 825 numerosa
962 767 1108 841 quaestio·

108 872 173 911 num
190 853 283 911 series
299 852 436 911 exoritur.
467 852 554 914 iidem
570 854 644 911 enim
658 861 688 910 et
702 869 805 910 vocem
818 867 886 909 esse
901 848 946 907 luis
961 858 1069 924 negant
1081 852 1140 915 ino

108 945 186 995 tauto
202 953 347 1004 murmure,
361 937 466 1014 apium,
480 936 643 997 cicadarum
654 951 728 995 sono
739 944 769 995 et
783 934 848 995 aliis
863 950 938 1010 quae
953 934 1014 991 suis
1023 935 1108 993 aesti·

109 1019 258 1081 mabuntur
274 1018 357 1079 locis.
388 1037 452 1079 nam
474 1020 540 1079 milri
565 1021 711 1079 contuenti
733 1037 767 1077 se
787 1018 934 1097 persuasit
949 1034 1044 1075 rerum
1059 1035 1108 1077 na·

76 1113 171 1164 notura
186 1102 255 1165 nihil
271 1102 442 1163 incredibile
458 1105 623 1167 existimare
640 1104 677 1163 de
695 1120 739 1163 ea
767 1120 823 1162 nee
837 1102 934 1175 video,
951 1118 1003 1159 cur
1017 1102 1108 1198 magis

110 1189 221 1267 possint
237 1186 425 1247 contrahere
441 1188 560 1253 animam
576 1188 643 1247 talia
658 1196 688 1247 et
703 1188 803 1245 vivere
819 1202 903 1264 quam
918 1186 1030 1261 spirare
1046 1186 1109 1243 sine

108 1270 289 1345 visceribus,
311 1270 388 1349 quod
405 1272 489 1331 etiam
504 1273 532 1331 in
547 1272 663 1329 marinis
679 1271 829 1331 docuimus
844 1269 972 1346 quamvis
988 1271 1150 1355 arcenteb,
1130 1270 1151 1302 ¹⁰

109 1356 245 1433 spiratum
261 1354 401 1413 densitate
425 1363 454 1413 et
474 1354 623 1415 altitudine
642 1340 762 1415 umoris
797 1352 907 1414 Volane
924 1352 1039 1429 quidem
1061 1314 1129 1412 ali·
1121 1362 1136 1415 7

110 1456 166 1516 qua
182 1446 212 1497 et
226 1438 348 1500 animatu
364 1456 466 1499 carere
482 1440 508 1497 in
525 1441 589 1536 ipso
606 1440 707 1516 spiritu
723 1435 981 1511 viventia‚lrabere
991 1453 1108 1495 sensum

76 1534 99 1575 1⁵
109 1524 213 1597 vietus,
229 1523 444 1598 generationis,
459 1524 574 1601 operis,
590 1530 678 1600 atque
693 1524 779 1582 etiam
791 1522 830 1581 de
844 1520 940 1579 tuturo
956 1536 1063 1594 curam,
1080 1528 1109 1579 et

109 1606 237 1685 quamvis
256 1622 314 1663 non
328 1606 385 1664 sint
399 1606 526 1677 membra
542 1624 617 1684 quae
633 1606 715 1681 velut
730 1607 827 1666 cerina
842 1622 945 1679 sensus
961 1603 1106 1678 invehant,

109 1707 176 1749 esse
192 1698 287 1749 minen
300 1690 334 1749 iis
350 1691 484 1765 auditum,
501 1688 649 1766 olfactum,
665 1698 819 1767 gustatum,
836 1688 939 1749 eximia
954 1696 1109 1765 praeterea

108 1782 226 1836 naturae
243 1773 328 1848 dona,
344 1773 514 1849 sollertiam,
529 1774 661 1849 animum,
677 1782 778 1849 artem,
795 1774 860 1851 quis
870 1771 959 1833 iacile
975 1771 1108 1831 credide·

56 1876 59 1883 “
108 1854 166 1917 rit‘l
182 1858 354 1933 Sanguinem
370 1874 427 1917 uon
441 1875 509 1917 esse
524 1858 560 1917 iis
575 1858 687 1933 fateor,
702 1858 827 1917 sicutne
845 1854 1031 1917 terrestribus
1047 1854 1138 1934 qui-8

74 1956 100 1997 oo
110 1940 176 2001 dem
191 1942 301 1999 cunctis
316 1940 389 2000 inter
403 1958 436 2001 se
453 1942 585 2016 similem,
602 1960 711 2003 verum.
733 1950 764 2001 ut
778 1942 898 2019 saepiae
912 1939 1027 1997 inmari
1044 1956 1108 1997 san·

110 2023 202 2098 guinis
218 2025 286 2081 viris
302 2032 488 2083 atramentum
505 2025 631 2101 optinet,
651 2041 839 2101 purpurarum
859 2024 961 2098 generi
983 2020 1109 2080 infector

83 2105 159 2165 ‘ille
180 2123 284 2179 sucus,
308 2106 352 2165 sic
368 2115 398 2165 et
413 2107 529 2165 insectis
550 2108 680 2183 quisquis
702 2115 748 2165 est
767 2105 862 2173 vitalis
883 2121 964 2163 umor
983 2104 1031 2163 bic
1054 2106 1109 2163 erit

109 2190 236 2263 sangnis.
254 2188 389 2266 denique,
405 2190 577 2259 existimatio
595 2208 631 2249 ne
648 2208 700 2249 sua
719 2191 823 2267 cuique
837 2190 884 2263 sit,
899 2186 984 2246 nobis
1000 2204 1107 2265 propo·

36 2302 46 2310 ·
109 2273 193 2331 situm
208 2282 252 2339 est
266 2280 382 2333 naturas
396 2291 490 2333 rerum
504 2272 672 2334 manifestas
690 2273 828 2348 iudicare,
845 2289 903 2331 non
916 2287 1018 2329 causas
1029 2270 1107 2331 inda·

73 2370 179 2432 cogare
203 2354 312 2417 dubias.

170 2442 199 2501 4.
217 2440 280 2519 (3.)
299 2438 430 2515 lnsecta,
453 2450 483 2501 ut
499 2439 629 2518 intellegi
647 2443 757 2520 possit,
777 2458 835 2501 non
851 2440 983 2501 videntur
997 2437 1135 2503 baberet

109 2542 227 2599 nervos,
243 2542 299 2583 nee
314 2542 381 2583 ossa
397 2542 453 2585 nec
467 2526 564 2603 spinas
580 2542 635 2584 nec
650 2525 846 2601 cartilaginem
858 2542 914 2583 nec
926 2523 1042 2601 pinguia
1053 2539 1108 2581 uec

110 2610 223 2683 earnis,
239 2626 276 2669 ne
291 2618 415 2669 crustam
432 2610 546 2685 quidem
562 2608 706 2685 fragilem,
722 2618 753 2667 ut
764 2607 905 2686 quaedam
921 2608 1040 2682 marina,
1051 2623 1107 2665 nec

110 2708 184 2768 qnae
203 2693 265 2751 iure
287 2692 398 2753 dicatur
419 2693 509 2767 cutis,
533 2693 585 2753 sed
605 2693 720 2753 mediae
743 2692 890 2751 cuiusdam
915 2690 989 2747 inter
1014 2691 1107 2749 omnia

73 2792 100 2833 eo
110 2775 184 2832 hacc
199 2783 317 2835 naturae
333 2792 440 2853 corpus
454 2777 545 2836 arenti
561 2776 670 2850 simile,
687 2792 779 2835 nervo
794 2773 952 2847 mollius,'
943 2790 972 2829 ru
987 2772 1107 2850 reliquis

111 2854 239 2947 gartibus
257 2858 343 2917 tutius
357 2876 429 2917 vere
444 2876 528 2936 quam
544 2860 651 2919 durius.
682 2856 721 2917 Et
741 2859 799 2917 boe
814 2857 941 2917 solem'
922 2874 958 2915 us
975 2864 1036 2929 est,
1052 2876 1108 2915 nec

110 2947 263 3017 praeterea
278 2940 364 3001 aliud
395 2940 464 3001 nibil
481 2943 555 3001 intus
575 2943 628 2999 uisi
649 2942 800 3002 admodum
823 2940 925 3019 paucis
944 2940 1107 2998 intestinum

109 3021 282 3098 inplicatam.
303 3025 400 3103 itaque
412 3023 532 3085 divolsis
547 3025 703 3101 praecipua
717 3024 857 3085 vitantes
872 3032 903 3082 et
916 3024 1038 3101 partium
1049 3024 1104 3081 sin·
1116 3034 1149 3087 lo

110 3104 240 3182 gularum
256 3106 417 3184 palpitatio,
432 3108 498 3185 quia
515 3125 712 3205 quaecumque
729 3118 775 3168 est
788 3110 862 3168 ratio
876 3107 972 3167 vitalis
986 3106 1036 3165 illa
1050 3122 1107 3165 non

74 3209 101 3251 aa
111 3190 199 3249 certis
216 3190 291 3249 inest
304 3189 451 3265 membris,
469 3190 521 3251 sed
535 3200 596 3251 toto
611 3192 641 3249 in
651 3209 794 3289 camora,
808 3193 931 3251 minume
947 3201 1041 3251 umen
1059 3206 1105 3248 ca·

110 3273 185 3351 pite,
203 3272 354 3351 solumque
375 3292 432 3333 non
453 3283 584 3335 movetur
603 3275 658 3335 uisi
679 3294 744 3338 cnm
760 3285 883 3355 pectore
902 3273 1041 3335 avolsum.
1074 3272 1107 3332 ln

110 3355 189 3415 nullo
211 3374 323 3435 genere
346 3357 444 3435 plures
465 3367 529 3418 sunt
549 3358 657 3456 pedes,
680 3369 709 3419 et
730 3360 833 3440 quibus
854 3378 892 3420 ex
913 3360 957 3417 luis
973 3357 1106 3433 plurumi,

111 3440 216 3501 diutius
236 3441 334 3501 vivont
355 3440 484 3517 diuolsa,
506 3450 535 3501 ut
557 3444 585 3500 in
607 3443 810 3523 scolopendris
830 3443 992 3503 videmnss
1001 3440 1107 3501 babent
