2542 3842
322 173 404 220 nur.
425 173 515 222 nram
536 172 597 221 un.
623 167 745 222 ta-aa,
769 155 918 241 (ta-aa.)
1035 151 1099 222 '225

159 327 243 406 (46.)
263 324 483 401 Myrobalanum
502 325 680 402 Trogodytis
703 334 733 386 st
751 325 900 388 Thebaidi.
914 337 943 387 et
957 326 1142 393 lsmmsroo

92 431 169 491 quae
184 409 319 477 Iudaeam
331 409 368 470 ab
381 409 519 486 Aegypto
534 411 715 472 disterminat
728 427 879 470 comune
893 422 950 472 est.
972 413 1099 472 nascitur

91 505 257 574 unguento,
273 495 376 572 utipso
388 494 503 556 nomino
517 494 656 571 adparet,
670 511 728 571 quo
743 496 812 555 itesr
824 495 964 555 indicatur
975 503 1006 555 et
1016 495 1097 572 glao-

92 581 159 644 dem
175 597 243 641 essa
257 577 370 639 arboria
388 577 582 654 heliotropio,
606 595 692 655 qnam
706 577 837 661 dicemus
858 579 933 638 inter
952 578 1139 655 barbacanas

67 664 179 728 rsimili
193 662 277 726 lolio.
306 661 417 724 fructus
436 662 631 744 magnitudine,
644 661 799 724 abellanae
819 664 911 722 nucis.
934 661 980 723 Ex
994 663 1039 723 lais
1053 665 1138 728 iulol

92 746 202 810 Arabia
219 751 344 828 nascens
365 746 485 823 Syriaca
501 745 675 824 appellatur,
692 755 778 807 erest
793 747 931 821 cudida,
948 757 1048 808 contra
1067 753 1098 808 in

93 830 244 894 Thebaide
268 831 360 908 nigra·
390 829 554 908 praefertur
574 830 623 890 illa
638 829 766 890 bonitate
785 830 847 890 olai
862 831 940 909 qued
961 833 1095 909 exprimi·

92 924 154 989 tur,
179 910 233 978 sed
258 915 344 992 copia
366 913 520 974 Thebaica.
552 915 625 975 inter
645 913 720 976 baec
740 913 938 991 Trogodytica
958 915 1097 976 aibssima

94 1008 150 1059 est.
169 1007 235 1060 aunt
247 1000 295 1076 qui
307 996 511 1076 Aethiopicam
522 997 566 1058 bis
578 997 757 1076 praeierant,
773 997 910 1075 glandem
921 999 1032 1075 nigram
1038 1018 1096 1072 osc

57 1101 84 1142 ro
95 1084 250 1162 pinguem,
266 1081 430 1159 nucleoque
445 1082 564 1158 gracili,
581 1082 638 1148 sed
650 1081 763 1158 liquere
777 1083 825 1160 qai
840 1083 1011 1160 exprimitur
1024 1084 1095 1144 odo·

92 1168 210 1242 ratiori,
225 1174 395 1228 nascentem
407 1169 436 1225 in
450 1164 670 1244 campestribus.
701 1165 876 1243 Aegyptiam
896 1167 1079 1244 pinguiorem
1087 1176 1137 1230 102

94 1267 162 1314 asae
178 1259 208 1310 et
224 1251 369 1312 crassiore
392 1251 503 1310 cortice
528 1250 680 1310 rubentem
697 1257 741 1324 et,
770 1251 900 1326 quamuis
918 1251 947 1310 in
962 1251 1095 1328 palustri·

93 1333 147 1394 bus
163 1343 316 1409 nascatur,
337 1332 502 1394 breviorem
518 1335 741 1410 siccioremayue.
769 1351 788 1392 e
808 1334 926 1393 divorso
940 1334 1096 1411 Arabicam

94 1418 216 1480 viridem
236 1436 271 1478 ac
289 1418 450 1478 tenuiorem
465 1428 510 1492 et,
528 1419 663 1495 quoniam
676 1420 714 1477 ait
727 1427 896 1491 montuosa,
914 1419 1094 1495 spissiorem.

60 1519 86 1559 ιε,
96 1501 184 1579 longe
205 1511 298 1562 autom
319 1511 462 1579 optumam
482 1501 631 1562 Petraeam
653 1519 691 1562 ex
714 1518 773 1579 quo
800 1500 921 1560 diximus
944 1502 1065 1580 oppido,
1073 1522 1093 1563 s.
1104 1522 1138 1556 nr

94 1587 179 1663 nigro
195 1587 317 1662 cortice,
333 1585 438 1648 nucleo
452 1585 584 1646 candido.
613 1585 792 1662 unguentarii
804 1594 899 1644 autem
911 1593 1018 1645 tastum
1031 1603 1095 1646 ccr-

95 1671 170 1732 tlcea
192 1679 339 1748 premunt,
366 1670 470 1732 medici
492 1669 629 1744 nucleos,
661 1669 816 1746 tundentes
838 1668 941 1728 minsa
960 1669 1096 1747 paulatim

97 1753 221 1814 calidas
243 1771 289 1815 ua.
703 1778 735 1821 ru
826 1792 829 1798 ·

158 1773 315 1916 sthi.)
338 1834 528 1912 blyrobalauo
547 1837 575 1898 in
590 1823 881 1914 unguentis-similem
896 1851 1139 1916 proxumum-103

59 1941 87 1982 ao
99 1939 154 1998 quo
170 1939 251 1983 uaum
266 1919 354 1982 babet
369 1920 462 1997 palma
473 1921 505 1980 in
521 1920 659 1998 Aegypto
674 1939 749 1999 quae
765 1931 887 1980 vocatur
902 1922 1032 2000 adipson,
1054 1927 1095 1984 ri

96 2003 184 2077 ridie,
202 2003 294 2066 odore
306 2003 373 2063 mali
389 2005 522 2078 cotonei,
538 2004 619 2063 mallo
634 2007 710 2064 intua
724 2005 813 2079 liguo.
842 2004 990 2080 colligitur
1001 2016 1096 2068 autam

97 2086 183 2165 paulo
204 2095 269 2148 ante
293 2103 375 2163 quam
399 2087 518 2164 incipiat
532 2095 739 2148 maturescere.
767 2086 846 2163 good
866 2089 893 2145 si
907 2086 1095 2167 relinquatur,

96 2167 363 2248 phoenicobalanus
384 2177 505 2230 vocatur
527 2178 557 2229 et
575 2171 715 2246 nigrescit
735 2172 944 2249 sescentisque
963 2172 1094 2233 inebriat

96 2252 284 2328 myrobalano
308 2253 428 2330 pretium
451 2255 480 2312 in
496 2252 584 2312 libras
599 2251 626 2312 X
644 2266 681 2313 Π.
702 2254 852 2314 institores
867 2262 896 2314 et
911 2253 1026 2317 laecum
1046 2273 1095 2317 aaa·

60 2357 88 2398 aa
98 2338 196 2414 guenti
213 2337 270 2398 boo
285 2338 398 2398 nomine
414 2335 573 2416 appellant.
861 2403 865 2411 ,

158 2419 244 2500 (48.)
262 2419 400 2484 calamus
414 2438 532 2499 quoque
549 2421 686 2482 odoratur
697 2423 726 2480 io
739 2421 847 2482 Arabia
861 2439 986 2482 noscam
1000 2439 1078 2482 cota·
1087 2432 1138 2487 104

96 2507 187 2566 munis
202 2504 280 2568 ludis
295 2515 382 2584 atque
405 2505 507 2579 Syriae
523 2513 585 2580 est,
609 2506 638 2564 in
655 2522 713 2583 qua
730 2507 818 2565 uincit
831 2506 932 2567 omnis.
952 2506 978 2567 ‘a
994 2515 1096 2566 nostre

97 2592 167 2650 mari
185 2602 227 2650 ct.
243 2590 343 2650 stadiis
359 2591 432 2648 inter
440 2587 575 2648 Libanum
591 2598 716 2648 montem
729 2588 874 2667 aliumque
890 2590 1096 2666 ignobilem-—

97 2690 170 2747 nos,
187 2683 217 2733 ut
229 2674 342 2752 quidam
355 2674 576 2748 existimavere,
592 2672 786 2734 Antilibanum
797 2673 875 2732 -io
889 2672 1022 2734 maratis
1034 2690 1096 2733 mo·

63 2755 162 2822 sodioa
178 2758 255 2818 iuxta
270 2757 379 2831 lacum,
406 2758 485 2818 ouius
507 2757 645 2834 palustria
663 2766 775 2816 aestate
792 2757 951 2831 siccatas,
976 2757 1094 2821 trica&

97 2837 133 2899 ab
148 2855 185 2916 ego
204 2839 303 2902 stadiis
319 2841 445 2900 calamus
461 2848 490 2898 et
506 2841 605 2900 iuncus
621 2841 734 2902 odorati
749 2841 911 2917 gignatur.
937 2857 1008 2899 sans
1019 2842 1094 2902 enim

97 2922 224 2984 dicamus
244 2931 276 2983 'et
299 2923 336 2984 de
359 2925 462 2999 iunco,
487 2924 615 3000 quamvis
636 2924 694 2984 alio
710 2921 808 2982 herbis
827 2922 923 2982 dicato
937 2923 1126 3000 volumine„

98 3008 231 3084 quonian
246 3016 340 3070 mmen
351 3007 399 3070 bic
408 3017 620 3084 unguentorum
627 3008 746 3066 materia
758 3014 904 3066 tractatur.
921 3007 1075 3084 nibilergc
1085 3018 1136 3070 105

98 3108 114 3152 a
137 3091 245 3152 ceteris
268 3091 450 3168 trigenaria
475 3090 608 3152 differunt
628 3099 765 3168 aspectu,
787 3089 842 3149 sad
863 3090 990 3150 adamus
1010 3106 1093 3168 prae·

63 3175 219 3240 instantior
234 3174 324 3236 odore
340 3177 434 3235 statim
451 3194 467 3234 e
484 3174 644 3252 longinquo
657 3175 774 3248 invitat,
796 3173 914 3233 mollior
928 3183 1017 3250 tacta,
1034 3191 1094 3234 na·

99 3257 212 3335 liorqne
228 3259 275 3335 qui
291 3260 381 3318 minus
397 3258 509 3335 fragilis
524 3267 556 3318 et
569 3259 616 3335 qui
631 3255 763 3316 assulose
778 3257 875 3334 potius
890 3275 974 3337 qoam
988 3258 1038 3336 qai
1048 3273 1093 3318 ra·
1224 3305 1228 3313 .

100 3341 185 3420 pbani
201 3341 286 3402 modo
300 3342 448 3418 frangitur.
469 3339 555 3402 ,Inest
573 3341 687 3402 listolae
700 3357 853 3415 araneum,
876 3341 955 3420 good
969 3349 1135 3407 vocanti«

100 3423 216 3568 llorffi·
230 3427 431 3570 NpArTuegltgaptlIolr
448 3434 493 3486 est
508 3426 554 3486 cni
569 3426 758 3506 numercpiua.
787 3424 901 3569 reliqu?
914 3424 1048 3505 probatio
1061 3433 1093 3486 at
