2542 3842
190 164 249 228 126
422 180 425 183 ·
529 178 557 224 c.
574 178 668 224 runnu
685 178 834 225 succum

181 334 227 393 los
244 350 280 393 ao
300 333 402 392 volare
423 341 545 411 cogant,
568 335 644 392 sicut
659 342 688 392 et
709 334 806 409 corvi,
823 336 871 412 qui
891 344 920 394 et
936 334 994 413 ipsi
1012 350 1071 391 non
1090 351 1182 395 carue

146 416 148 423 “
180 417 415 477 tantum'aluntur
442 418 494 477 sed
515 417 651 476 robustos
673 434 788 498 quoqne
812 419 888 477 lctus
909 434 978 477 suos
995 417 1094 494 fugant
1115 420 1191 477 lou-⁰
1269 457 1270 460 =

175 494 253 577 'glan
286 502 382 580 itaque
397 504 494 579 parvis
505 502 534 560 in
549 502 621 560 vicis
634 516 690 559 non
703 503 768 579 plus
782 501 848 560 bina
860 502 992 577 coniugia
1005 510 1080 577 suut,
1098 502 1183 561 circa
1201 577 1211 582 ἡ
1269 511 1270 558 ι

180 584 362 643 Crannonem
385 585 499 663 quidem
519 584 687 644 Thessaliae
710 586 820 661 singula
839 594 993 664 perpetuo.
1017 587 1198 661 ‹wuston-ese

139 677 172 731 32
183 667 277 728 suboli
295 670 362 727 loco
380 668 492 727 cedunt.
524 668 647 727 Diversa
663 670 691 727 iu
706 669 760 728 lunc
774 678 806 727 et
820 668 1069 747 supradictaalite
1086 682 1204 746 quae-s

181 752 254 811 ulam.
286 754 366 812 corvi
381 760 446 811 aute
463 752 614 811 solstitium
628 761 786 829 generant,
804 754 891 813 iidem
904 749 1080 830 aegrescunt
1094 769 1181 812 sexa·
1269 807 1270 824 p

181 836 263 912 genis
279 836 390 910 diebus,
409 836 455 894 siti
470 854 611 910 maxume,
629 846 780 913 antequam
796 837 843 895 lici
858 846 1018 914 coquantur
1032 846 1178 895 aunumuo.

182 921 282 978 cornix
299 919 334 978 ab
351 936 387 978 eo
402 928 534 997 ternpore
557 921 715 998 conripitur
730 920 841 979 morbo.
876 918 967 979 Corvi
986 922 1099 997 pariunt
1114 938 1179 979 cum

181 1002 339 1081 plurumum
356 1004 467 1082 quinos.
506 1022 558 1063 ore
575 1019 627 1062 eos
649 1017 754 1082 parere
769 1014 817 1064 aut
838 1005 917 1063 coire
934 1004 1039 1081 volgus
1058 1004 1177 1064 arltitra·

181 1096 242 1162 tur‚
265 1087 390 1164 ideoque
410 1087 559 1163 gravidas,
590 1089 615 1147 si
626 1088 751 1147 'ederint
772 1089 919 1147 coruinum
940 1104 1044 1162 onom,
1067 1106 1120 1165 per
1140 1104 1175 1147 os
1188 1108 1214 1147 ro

179 1181 290 1249 partum
313 1170 458 1247 reddere,
480 1178 566 1250 atque
586 1172 615 1229 io
632 1180 722 1231 totum
743 1171 905 1235 difficulter,
918 1190 1038 1251 parere,
1055 1173 1080 1230 si
1100 1181 1179 1230 tecto

181 1255 348 1313 inferantur.
380 1254 557 1315 Aristoteles
572 1265 675 1332 negat,
690 1272 764 1330 non,
781 1255 924 1330 Hercule,
940 1257 1033 1332 magis
1047 1272 1129 1333 quam
1150 1257 1179 1313 in

181 1337 411 1415 Aegyprotnun
427 1339 479 1398 sed
494 1338 572 1398 illam
588 1339 836 1399 exosculatlouom
852 1357 926 1417 quac
944 1358 1035 1418 saepe
1052 1336 1181 1398 cernimur

139 1422 298 1501 annualem
313 1424 341 1480 iu
356 1422 495 1481 columbis
514 1438 590 1483 esse.
622 1421 710 1482 Gorvi
724 1424 753 1481 in
768 1425 904 1501 auspiciis
922 1424 977 1483 noli
992 1424 1124 1483 videntur
1135 1423 1178 1479 iu-

181 1506 328 1565 tellectum
354 1504 463 1565 habere
488 1507 727 1583 significationum
756 1524 879 1565 suarum.
919 1523 983 1566 narn
1015 1524 1078 1565 curu
1101 1504 1234 1564 llediru‘

180 1589 311 1665 hospites
328 1590 417 1647 occisi
433 1598 514 1663 sunt,
532 1607 630 1649 omues
648 1608 664 1648 e
681 1589 886 1667 Peloponneso
903 1599 933 1647 et
950 1590 1043 1649 Attica
1056 1589 1179 1665 regione

181 1671 360 1730 volaverant.
392 1687 527 1748 pessuma
544 1689 642 1730 eornm
655 1674 839 1749 significatio,
860 1690 923 1731 cum
938 1672 1061 1748 glutiunt
1074 1690 1180 1731 vocem

179 1752 258 1811 velut
276 1752 452 1829 strangulati.
530 1766 531 1769 ’
1117 1775 1120 1779 ’

137 1847 171 1899 34
247 1836 329 1915 (16.)
351 1835 449 1895 lineos
463 1836 566 1913 unguis
578 1845 607 1896 et
618 1846 775 1897 nocturnae
786 1854 856 1897 aves
869 1836 985 1912 halent,
998 1845 1029 1895 ut
1040 1847 1180 1914 uooeuao,

151 1956 152 1963 ι
178 1918 274 1993 bubo,
292 1920 397 1979 ululae.
435 1921 555 1979 omnium
574 1920 674 1980 luorum
690 1921 813 1980 lebetes
832 1920 955 1979 interdiu
979 1920 1064 1979 ocuti.
1098 1920 1212 1987 harbon

180 2003 308 2063 funebris
331 2014 360 2063 et
376 2021 507 2064 maxume
528 2004 706 2065 abominatus
726 2003 853 2082 publicis
867 2006 1024 2082 praecipue
1040 2006 1177 2081 auspiciis
1269 2045 1270 2054 ι

181 2089 295 2148 deserta
311 2088 425 2165 incolit,
442 2106 497 2148 nec
516 2098 621 2149 tautum
640 2090 772 2149 desolata
792 2090 846 2149 secl
864 2085 925 2148 diro
943 2090 1029 2147 etiam
1049 2096 1080 2146 et
1100 2090 1175 2170 inac-
1269 2079 1270 2150 l

181 2190 276 2247 cessa,
292 2175 386 2232 noctis
401 2183 567 2249 monstrum,
583 2192 638 2233 neo
655 2183 738 2233 canta
752 2173 849 2251 aliquo
863 2172 976 2231 vocalis
989 2172 1043 2231 sed
1058 2172 1174 2247 gemitu.

137 2267 172 2318 35
186 2258 283 2335 itaque
305 2258 334 2315 iu
354 2256 472 2316 urbibus
492 2266 539 2316 aut
561 2259 675 2316 omniuo
697 2259 725 2316 iu
742 2259 808 2317 lnce
823 2258 903 2333 nisus
922 2256 1012 2316 dnum
1034 2261 1177 2313 ostentum

180 2350 234 2399 est.
263 2341 439 2417 privatorum
450 2339 580 2399 domibus
591 2342 761 2401 insidentem
772 2341 931 2418 plurumum
940 2340 1005 2399 scio
1016 2355 1075 2397 uon
1085 2336 1212 2400 fuissene

89 2427 93 2433 ’
180 2424 310 2503 feralem.
340 2423 421 2481 volat
443 2420 593 2500 numquam
614 2441 672 2501 quo
694 2425 799 2498 tituta,
813 2424 865 2483 sed
881 2431 1065 2482 mausuersus
1081 2421 1176 2481 auler-

180 2516 234 2567 tur.
266 2500 391 2583 Capitoli
411 2506 515 2566 cellam
535 2509 626 2583 ipsam
646 2509 760 2583 maurit
780 2509 849 2566 Sex:
873 2505 1006 2584 Palpelio
1026 2504 1122 2565 Histro
1144 2503 1175 2563 lu.

180 2588 307 2649 Pedaulo
331 2604 427 2665 coss,
442 2598 564 2667 propter
586 2591 662 2668 quod
682 2590 764 2649 nouis
784 2588 893 2649 llartiis
907 2590 979 2650 uris
996 2589 1113 2647 lustrata
1129 2597 1178 2647 est

66 2701 70 2711 ·
172 2688 217 2730 co
237 2690 320 2732 anuo.
1086 2725 1090 2729 .

138 2766 172 2819 36
227 2756 274 2817 13.
301 2756 383 2836 (17.)
405 2757 586 2834 lnauspicata
602 2750 647 2815 est
665 2765 695 2815 et
708 2757 883 2817 incendiaria
899 2758 971 2831 avis,
989 2769 1072 2834 qnam
1087 2770 1211 2835 prop-su
1269 2821 1270 2826 γ

175 2849 225 2917 ter
247 2858 456 2919 saepenumero
477 2840 624 2901 lustratam
651 2840 751 2900 urbem
776 2843 818 2899 in·
831 2840 979 2901 annalibus
1007 2839 1174 2915 iunmrlmas,

181 2926 254 2985 siout
270 2924 300 2984 L.
319 2923 421 2985 Cassio
439 2923 472 2984 0.
491 2923 581 2985 llario
604 2942 699 3000 coss,
717 2942 774 3002 quo
788 2942 863 2985 anno
878 2934 908 2984 et
921 2922 1036 2983 luulroue
1053 2924 1118 2982 ilco
1132 2922 1175 2981 la-

181 3018 269 3069 strata
286 3017 339 3067 est.
371 3009 454 3082 Quae
470 3011 507 3069 sit
520 3010 581 3069 avis
597 3026 632 3069 ea
648 3028 703 3068 noo
719 3010 863 3087 reperitur
879 3026 936 3067 uec
948 3007 1078 3066 maiar.
1114 3006 1174 3083 qai·

182 3093 245 3153 dam
268 3092 307 3151 ita
328 3094 565 3169 interpretantur,
590 3091 792 3153 incendiariam
814 3110 882 3151 esse
902 3106 1102 3170 quaecumque
1125 3088 1174 3148 ad·

128 3176 136 3229 J
182 3176 309 3257 paruerit
327 3175 481 3236 carbonem
496 3176 595 3237 lercns
612 3194 649 3235 ex
666 3176 784 3236 aristei
800 3175 946 3242 altaribus.
981 3174 1030 3233 alil
1051 3176 1208 3251 spirnnr-as

180 3262 273 3319 nicom
289 3276 352 3319 eam
373 3270 496 3333 uocant,
519 3260 572 3319 red
586 3260 660 3319 haec
679 3262 741 3338 ipsa
763 3276 838 3337 quae
860 3270 940 3320 esset
953 3260 1029 3316 iuter
1049 3252 1174 3334 anicani

140 3352 217 3407 37se
241 3345 317 3403 scire
339 3343 450 3402 diceret
471 3360 528 3401 non
550 3344 655 3401 iuveni.
694 3345 740 3402 14.
764 3342 885 3403 Gllvimn
906 3358 1021 3421 qaoque
1040 3355 1122 3399 avem
1136 3338 1173 3399 ab

180 3424 483 3501 antiquis'uominatam
495 3426 689 3485 animaduerto
699 3428 835 3501 ignorari.
857 3426 969 3504 quidam
979 3423 1174 3483 clamatoriam
1199 3444 1204 3449 ’
