2542 3842
154 164 215 228 268
296 207 300 214 ,
478 177 786 228 commmoratur

110 343 146 398 89
222 334 271 394 13.
302 331 367 392 lion
390 331 496 394 licebat
517 333 545 393 id
570 332 683 392 leminis
704 331 815 394 Romae
836 333 948 395 bibere.
985 333 1168 396 invenimus

154 419 227 476 inter
240 417 374 497 exempla
389 415 493 494 Egnati
510 413 624 476 lieceni
638 433 776 494 morem,
789 419 865 497 quod
880 421 976 478 nuum
992 418 1130 479 bibisset
1149 440 1168 480 e

153 500 250 575 dolio,
274 502 453 562 interiectam
471 501 540 560 insti
560 519 576 567 a
596 501 717 575 marito,
738 520 861 580 cumque
876 504 974 562 caedis
991 520 1009 562 a
1024 501 1166 564 Romulo

152 584 324 646 absolutum.
347 583 453 645 Fabius
466 583 562 644 Pictor
574 585 601 642 in
615 585 764 644 annalibus
778 587 837 644 suis
849 587 966 665 scripsit
979 596 1165 664 matronam,

152 667 230 748 quod
246 667 361 728 loculos
383 671 412 728 in
427 666 529 748 quibus
549 678 631 728 arant
647 668 747 730 claves
765 671 891 728 vinariae
906 671 1002 730 cellae
1018 674 1187 749 resigna-s

42 827 44 830 ¹
109 762 145 817 90
155 754 262 827 visset,
277 771 294 812 a
310 754 368 811 suis
384 753 478 812 inedia
493 753 565 810 mori
579 761 718 812 coactam.
745 751 817 813 (lato
831 754 899 813 idco
914 754 1104 833 propinquos
1119 755 1166 814 fe·

152 837 234 896 minis
249 835 380 896 osculum
395 835 464 898 dare
484 843 515 894 ut
529 837 636 894 scirent
655 853 692 895 an
711 845 845 897 temetum
859 837 983 901 olerent.
1014 838 1079 898 boc
1102 848 1168 898 tum

152 939 256 982 nomeu
274 922 341 980 vino
361 929 440 995 erat,
462 917 584 978 undeet
603 919 770 981 temulentia
788 921 945 999 appellata.
982 919 1036 981 Gn.
1053 921 1165 981 Domi·

152 1007 207 1065 tius
221 1003 310 1064 iudex
322 1003 515 1082 pronuntiavit
527 1003 677 1062 mulierem
687 1004 779 1066 videri
794 1005 860 1083 plus
873 1007 930 1064 vini
941 1004 1057 1065 bibisse
1071 1025 1168 1086 quam

151 1089 323 1150 mletudinls
347 1104 434 1148 causa
453 1087 516 1147 viro
537 1089 694 1164 insciente,
718 1098 748 1149 et
769 1089 838 1148 dote
863 1089 1002 1148 multavit.
1044 1087 1197 1168 diuquc1⁰

108 1180 142 1236 91
155 1175 218 1234 eius
235 1173 279 1232 rei
302 1187 404 1248 magna
426 1171 602 1250 parcimonia
621 1171 683 1232 init.
716 1172 747 1232 L.
772 1171 901 1251 Papirius
919 1172 1088 1250 imperator
1114 1175 1166 1234 ad-

151 1275 255 1318 versus
270 1251 413 1316 Samnites
425 1253 607 1314 dimicaturus
621 1256 817 1331 votnmiecit,
831 1257 857 1314 si
869 1256 1006 1329 vicinat,
1018 1253 1092 1316 lovi
1110 1275 1166 1336 po-

151 1341 249 1402 cillum
268 1339 335 1399 viui.
366 1339 491 1417 denique
514 1341 590 1399 iuter
604 1339 681 1399 dona
701 1340 844 1400 sextarios
866 1339 949 1398 lactis
966 1339 1054 1398 datos
1077 1341 1167 1400 inve-

150 1429 252 1500 nimus,
265 1439 403 1502 nusquam
414 1423 481 1482 vinl.
511 1422 586 1482 idem
599 1417 673 1482 Cato
685 1440 748 1483 cum
761 1424 791 1481 iu
804 1421 969 1500 Hispaniam
984 1423 1165 1500 navigaret,

149 1509 226 1570 uode
252 1525 316 1568 cum
339 1505 482 1587 triumpho
503 1505 603 1580 rediit,
627 1525 685 1566 non
706 1505 784 1568 aliud
803 1507 899 1565 vinum
913 1505 986 1564 bibit
1000 1523 1096 1584 quam
1117 1520 1196 1567 re-as

150 1594 257 1670 miges,
287 1593 446 1652 intantum
471 1588 617 1650 dissimilis
645 1591 708 1650 istis
736 1591 785 1668 qul
818 1591 903 1649 etiam
929 1591 1068 1649 convivis
1106 1592 1165 1651 alia

151 1693 234 1756 quam
260 1673 446 1752 sibimetipsis
477 1673 635 1733 ministrant
664 1681 713 1733 aut
739 1674 920 1751 procedente
949 1688 1057 1734 mensa
1094 1675 1162 1734 sub-

148 1762 246 1819 iciant.

106 1853 141 1909 oa
217 1841 300 1919 (15.)
325 1838 493 1899 lautissima
515 1837 590 1915 apud
611 1838 725 1916 priscos
738 1840 803 1899 nina
824 1847 906 1898 erant
921 1857 1042 1899 murrae
1064 1841 1155 1900 odore

150 1924 280 2000 condita,
303 1931 332 1982 ut
350 1923 471 2002 adparet
491 1922 519 1980 in
541 1921 632 1984 Plauti
652 1921 749 1982 labala
771 1941 845 2002 quae
860 1922 949 1983 Persa
970 1924 1193 1998 insci-ibbone

150 2025 319 2088 quamquam
335 2007 363 2066 in
378 2025 413 2069 ea
427 2015 456 2067 et
475 2005 613 2067 calamum
628 2005 694 2066 addi
708 2005 797 2066 iubet.
825 2006 892 2066 idco
910 2005 1029 2084 quidam
1044 2026 1163 2068 aroma·

148 2095 201 2154 tite
224 2092 385 2154 delectatos
401 2107 532 2152 maxume
555 2089 683 2150 credunt.
714 2089 766 2150 sed
786 2088 890 2150 Fabius
911 2088 1096 2153 Dossennus
1119 2092 1166 2154 bis

148 2177 281 2238 versibus
297 2176 441 2236 decernit:

262 2257 1039 2336 Mittebamvinumpulcbrnm,1uurrinam,

150 2345 220 2406 etin
237 2343 456 2404 Acharistione:
1175 2359 1197 2400 ac
1230 2310 1232 2420 l

262 2427 389 2487 Panem
405 2433 440 2484 et
457 2423 660 2501 polentam,
682 2425 807 2484 viuum
828 2423 1040 2482 murrinam.
1230 2426 1232 2545 p

106 2511 323 2576 boscaevolam
342 2523 458 2586 quoqne
474 2516 503 2568 et
516 2506 546 2566 L.
560 2508 674 2568 Aelium
692 2517 721 2568 et
736 2508 849 2569 llteium
864 2503 1044 2582 Capitonem
1069 2511 1104 2569 in
1117 2530 1165 2571 ea·

150 2593 215 2654 dem
234 2593 373 2653 sententia
388 2592 478 2651 luisse
499 2591 601 2667 video,
618 2594 752 2670 quoniam
767 2592 795 2649 in
810 2587 955 2650 Pseudolo
978 2591 1038 2651 sit:

149 2675 252 2750 Quod
287 2675 318 2733 si
348 2692 445 2754 opus
476 2684 554 2749 est,
584 2683 620 2733 ut
652 2675 761 2734 dulce
792 2679 934 2751 promat
970 2672 1168 2754 indidem,

360 2755 639 2835 ecquidhabetl
665 2751 952 2832 cliuillllogas‘l·
1178 2773 1202 2815 co

148 2839 965 2920 blurrinam,passum,defrutum,mclla...,

148 2925 251 3005 quibus
264 2925 386 3004 adparet
395 2943 452 2986 nou
464 2928 539 2988 iuter
548 2927 613 2986 vina
627 2925 713 2985 inodo
726 2926 887 2997 murrinam,
903 2921 957 2982 sed
967 2922 1050 2984 iuter
1064 2927 1173 2992 dulcia

148 3010 455 3088 quoquenonlnatum.
956 3043 960 3068 .-

105 3103 141 3158 94
213 3094 261 3154 14.
285 3093 369 3171 (16.)
393 3091 562 3170 Apothecae
583 3091 675 3150 luisse
698 3099 726 3150 et
746 3089 863 3149 diffundi
882 3087 969 3151 solita
987 3090 1062 3154 vina
1086 3113 1173 3158 anno

43 3215 44 3224 κ
147 3187 320 3238 noxxxnt.
361 3175 441 3234 urbis
473 3175 595 3251 adparet
622 3171 779 3233 indubitato
804 3171 945 3250 Opimiani
976 3173 1042 3232 vini
1073 3193 1206 3260 arg&

147 3270 261 3335 mento,
285 3259 340 3318 iam
361 3256 551 3334 intellegente
572 3273 652 3316 suum
670 3256 775 3315 bonum
791 3253 881 3314 ltalia.
912 3255 1044 3319 nondum
1062 3269 1173 3325 tame„

146 3341 203 3401 itta
219 3349 326 3418 genera
341 3343 369 3399 iu
384 3339 514 3399 claritate
530 3348 620 3398 eraut.
647 3340 744 3415 itaque
759 3339 852 3397 omnia
867 3346 935 3396 tunc
949 3338 1056 3414 penita
1073 3363 1175 3408 unum

106 3420 255 3486 sobabcut
272 3421 398 3481 consulis
410 3437 524 3480 nomeu,
542 3422 591 3479 Sic
602 3437 718 3498 quoque
733 3429 836 3498 postea
853 3420 900 3479 diu
916 3427 1128 3492 transmarina
1145 3436 1175 3492 in
