2542 3842
400 207 482 254 nar.
497 206 588 255 mss.
603 165 650 253 ut.
668 201 712 259 34.
730 190 801 276 (39.)
1039 191 1098 253 261

109 356 242 434 XXXVI,
264 367 295 418 ut
308 366 403 418 tamen
418 359 446 416 in
461 367 543 435 parte
560 358 702 417 Venetiae
719 367 896 434 exaequetur
910 358 1009 417 umbra
1029 374 1099 434 gno·

110 442 190 500 moni.
220 441 395 519 amplissima
411 441 473 500 dies
493 440 627 500 horarum
643 441 892 518 aequinoctialium
908 440 962 499 XV
977 449 1006 499 et
1022 442 1100 518 qnin-

109 534 195 583 tarum
214 526 335 602 partium
357 524 452 583 horae
471 525 563 582 trium.
612 523 757 583 Hactenus
780 525 956 600 antiquorum
981 533 1141 588 exactam

110 606 326 666 celebravimus.
368 607 548 683 sequentium
564 607 776 683 diligentissimi
792 607 869 683 quod
891 615 1025 683 superest
1042 616 1099 665 ter·
1122 633 1127 642 ·

88 707 199 755 ararum
221 690 313 749 tribus
334 690 526 767 adsignavere
547 691 719 765 segmentis:
752 689 874 750 alenai
898 707 951 766 per
966 687 1100 748 Maeotim

108 774 198 833 lacum
219 782 248 831 et
263 773 406 832 Sarmatas
432 790 523 850 usque
541 771 742 847 Borysthenen
762 782 848 850 atquc
872 773 909 830 ita
934 788 988 848 per
1001 770 1100 831 Dacos

107 864 272 935 partemque
285 854 471 930 Germaniae,
495 854 618 931 Gallias,
640 856 743 914 oceani
758 856 843 915 litora
859 854 999 932 amplexi,
1024 855 1100 932 quod

109 947 186 998 esset
201 937 334 1010 horarum
348 937 431 1014 xvt,
453 939 574 997 alterum
592 955 646 1015 per
660 937 869 1016 Hyperboreos
885 946 913 996 et
928 936 1099 996 Britanniam

109 1021 239 1081 horarum
249 1020 346 1097 XVll,
363 1030 539 1098 postremum
551 1021 716 1096 Scythicum
729 1020 869 1099 aliipaeis
883 1021 957 1096 iugis
971 1019 999 1078 in
1010 1019 1144 1093 Tin-aaa

76 1125 101 1167 ro
110 1104 165 1180 len,
178 1105 270 1183 inquo
280 1103 341 1163 dies
355 1107 596 1177 continuarentur,
610 1112 640 1162 ut
647 1103 779 1179 diximus,
791 1113 936 1181 nocteque
950 1102 1092 1180 pervicis.
1101 1122 1143 1165 aas

70 1180 75 1188 ’
108 1186 195 1248 Iidem
210 1196 240 1246 et
255 1195 320 1246 ante
338 1188 479 1265 principia
495 1204 569 1264 quae
585 1187 706 1246 lecimus
721 1203 848 1264 posuere
868 1187 993 1250 circulos
1012 1184 1100 1244 duos:

108 1272 225 1348 primurn
247 1287 301 1347 per
321 1271 441 1330 insulam
455 1268 576 1328 Meroen
598 1277 628 1329 et
642 1268 849 1330 Ptolemaidem
864 1271 892 1327 in
912 1267 1011 1327 Rubro
1032 1270 1102 1326 mari

109 1353 144 1413 ad
161 1352 380 1430 elephantorum
395 1361 516 1411 venatus
533 1352 692 1426 conditam,
708 1352 756 1412 uhi
771 1352 956 1428 longissimus
966 1349 1034 1435 *dies
1049 1348 1103 1410 Xll

109 1435 241 1495 horarum
258 1445 355 1511 esset,
378 1436 490 1495 dimidia
505 1435 577 1507 hora
592 1435 731 1513 amplior,
748 1436 903 1495 secundum
920 1453 972 1512 per
987 1433 1104 1515 Syenen

76 1539 101 1579 aa
110 1518 236 1595 Aegypti
251 1527 381 1594 euntem,
406 1519 549 1597 quiesset
570 1518 704 1582 horarum
719 1517 803 1595 Xlll,
823 1519 966 1596 iidemque
982 1514 1103 1591 singulis

109 1602 221 1661 dimidia
243 1601 375 1661 horarum
396 1603 488 1680 spatia
511 1620 601 1681 usque
625 1602 661 1662 ad
676 1601 802 1661 ultimum
817 1601 954 1662 adiecere
977 1598 1101 1660 circulis.

109 1683 145 1745 Et
159 1684 298 1746 hactenus
316 1686 352 1745 de
367 1687 461 1745 terris.
