2542 3842
362 169 442 216 unu.
459 122 550 218 utcu.
566 169 624 217 au.
642 146 728 220 Η.
746 156 849 238 (tt-a)
1045 114 1113 214 '283‘

25 337 29 376 t
109 328 229 402 odorum
242 341 328 388 causa
341 324 512 384 dictumest.
539 323 601 386 ludi
613 342 652 384 ex
667 323 810 387 castaneis
823 325 967 384 etsesima
979 331 1066 400 atque
1079 319 1149 395 ruppe
1236 326 1248 377 ,t

25 423 28 450 ⁵
108 430 197 487 oryza
211 411 311 472 iacere
328 407 469 484 dicuntur,
484 407 696 486 Ichthyophagi
712 426 730 466 c
744 407 884 486 piscibus.
911 406 1012 486 Inopia
1026 407 1105 482 cogit
1116 412 1150 468 29

25 523 26 530 ¹
107 495 262 576 aliquando
278 494 412 554 luminum
430 509 517 552 causa
535 501 564 552 et
579 510 595 551 e
613 491 721 570 platani
735 490 818 550 batis
834 492 896 550 lieri
911 509 987 571 aqua
1003 501 1033 550 et
1046 479 1108 550 hale

106 579 269 641 maceratis.
298 576 336 638 llt
358 576 560 638 oenanthinum
582 576 613 634 lit
634 575 671 636 de
694 577 758 654 ipsa
773 575 936 651 oenanthe,
959 584 989 635 ut
1003 575 1110 635 dictum

79 673 153 727 sest
168 666 197 724 in
212 663 393 738 unguentis·
411 659 550 722 Gleucino
566 669 687 720 mustum
706 660 870 737 incoquitur
885 661 997 739 vapore
1013 659 1103 734 lento,
1116 654 1151 732 ,¹34

108 747 143 810 ab
166 747 230 806 uliis
254 748 316 805 uine
331 746 390 822 igni
410 745 592 804 circumdatis
613 745 743 803 vinaceis
758 743 860 802 diebus
874 757 937 804 xxr
950 742 995 803 bis
1011 744 1107 818 singu·

107 832 144 891 lis
160 831 346 908 permirtum,
369 830 602 907 consumiturque
616 835 738 888 mustum
753 827 831 888 oleo.
857 827 946 904 aliqui
961 844 1019 887 nou
1035 842 1109 886 sam·

107 914 248 994 psuchum
264 917 372 974 tantum
389 912 547 976 admiscent
561 911 614 972 sed
630 913 715 971 etiam
726 911 900 990 pretiosiora
912 912 1108 974 odoramenta.
1221 947 1225 959 ι

108 1017 172 1058 uam
191 1000 223 1057 'in
246 998 404 1076 gymnasiis
413 1013 535 1074 quoque
557 996 689 1057 conditur
702 994 858 1069 odoribus,
883 995 936 1055 sed
951 994 1107 1054 vilissimis.

72 1105 98 1146 ro
108 1083 155 1142 Fit
172 1090 205 1154 et
216 1100 254 1142 ex
269 1071 436 1161 aspalatho,
454 1079 577 1155 calamo,
594 1079 735 1154 balsamo,
750 1080 795 1155 iri,
813 1078 1007 1154 cardamomo,
1023 1079 1104 1140 meli·
1116 1087 1152 1141 30

108 1168 182 1243 loto,
197 1166 286 1226 nardo
303 1163 426 1241 Gallico,
442 1181 570 1243 panace,
587 1163 778 1241 sampsucho,
794 1163 923 1238 helonio,
940 1163 1110 1228 cinnamomi

107 1251 218 1324 radice,
237 1250 360 1309 omnium
375 1250 454 1308 sucis
472 1249 501 1308 in
516 1248 585 1309 oleo
600 1247 753 1308 maceratis
769 1249 988 1326 expressisque.
1021 1248 1110 1306 sicet

109 1334 258 1396 rhodinum
277 1352 293 1392 c
311 1333 397 1409 rosis,
414 1334 557 1392 iuncinum
573 1349 588 1390 e
604 1332 706 1406 iunco,
723 1331 802 1408 quod
819 1341 864 1390 est
879 1348 1004 1392 rosaceo
1020 1329 1115 1390 simil·

109 1419 215 1493 limum,
231 1419 299 1478 item
308 1417 486 1493 hyoscyamo
504 1425 533 1475 et
546 1415 662 1494 lupinis,
677 1414 819 1475 narcisso.
843 1415 1003 1493 plurumum
1014 1424 1110 1476 autem
1188 1437 1192 1442 ·

72 1492 100 1563 1‘5
109 1505 137 1563 iu
149 1501 286 1606 Aegypto
301 1519 318 1560 e
332 1500 452 1579 raphani
466 1501 575 1560 semine
590 1508 638 1559 aut
648 1499 778 1576 grandus
791 1498 921 1559 barbara
934 1499 1011 1577 qood
1023 1498 1107 1558 obor-

108 1588 188 1646 tinon
203 1593 323 1661 vocant,
343 1587 413 1644 item
437 1585 579 1644 essesimu
595 1593 625 1642 et
640 1585 732 1645 urtica
755 1583 832 1660 quod
847 1583 990 1644 cnidinum
1006 1583 1107 1661 appel·

109 1672 176 1731 lant.
200 1668 225 1730 lt
240 1669 300 1730 lilio
316 1677 347 1728 et
362 1667 475 1730 alibilit
490 1667 604 1728 subdiu
621 1667 697 1742 sole,
714 1667 791 1742 luna,
807 1669 908 1746 pruina
923 1676 1106 1738 maceratum.
1116 1674 1150 1729 31

108 1756 173 1815 Suis
194 1751 294 1814 herbis
315 1760 480 1830 conponunt
499 1754 572 1812 inter
591 1749 806 1830 Cappadociam
828 1761 858 1813 et
872 1750 1011 1813 Galatiam
1032 1751 1111 1830 quod

39 1857 58 1892 ·-
109 1839 279 1915 Selgiticum
292 1846 413 1912 vocant,
430 1837 526 1896 neruis
541 1835 693 1896 admodum
707 1835 794 1912 utile,
814 1836 889 1896 sicut
903 1837 931 1896 iu
946 1835 1028 1897 ltalia
1043 1835 1108 1913 lgu·

70 1936 99 1976 2⁰
109 1923 176 1980 uini.
207 1921 313 1998 Epioe
329 1921 359 1984 tr
374 1921 451 1998 quod
467 1921 604 1998 pissinum
620 1919 784 1997 appellant,
802 1937 866 1978 cum
881 1922 1031 1998 coquitur,
1046 1918 1108 1980 uel·

109 2003 219 2063 leribus
235 2021 322 2081 supra
337 2003 454 2066 halitum
469 2005 531 2062 eius
546 2005 683 2080 expansis
699 2011 786 2081 atque
800 2004 840 2062 ita
855 2005 1026 2081 expressis,
1040 2020 1108 2080 pro·
1157 2056 1163 2069 Χ
1192 1998 1210 2060 ζ

108 2087 204 2148 batum
218 2105 350 2148 maxume
369 2085 519 2149 cBruttia.
556 2095 602 2146 est
616 2087 690 2146 enim
706 2086 894 2164 pinguissima
910 2095 940 2146 et
954 2087 1108 2148 remansis·
1156 2122 1160 2133 ι

109 2173 190 2231 sima.
218 2171 301 2231 color
315 2161 383 2230 oleo
396 2170 503 2231 fulvos.
530 2170 643 2248 Sponte
656 2171 785 2229 nascitur
799 2171 827 2229 in
839 2170 944 2246 Syriae
962 2172 1107 2232 maritimis
1116 2178 1151 2232 32
1204 2199 1208 2207 Ι

110 2255 188 2334 quod
206 2255 362 2316 elaeomeli
377 2263 492 2314 vocant.
521 2264 615 2314 manat
631 2273 670 2314 ex
683 2252 835 2314 arboribus
847 2254 965 2332 pingue,
983 2256 1110 2315 crassius

70 2361 99 2400 as
109 2339 215 2414 melle,
234 2340 330 2398 resina
347 2340 459 2398 tenuius
468 2339 487 2413 ,'
499 2355 605 2416 sapore
620 2337 713 2413 dulci,
730 2347 760 2398 et
773 2337 831 2398 hoc
847 2338 978 2398 medicis.
1007 2339 1109 2406 Veteri

109 2440 226 2502 quoque
243 2422 311 2482 cleo
328 2439 395 2482 usus
412 2422 506 2483 estad
526 2422 667 2500 quaedam
679 2439 790 2498 genera
803 2422 980 2484 morborum.
1010 2417 1108 2485 existi·

107 2517 199 2568 matur
211 2515 241 2568 et
253 2506 335 2566 ebori
347 2507 517 2570 vindicando
529 2523 545 2566 a
558 2507 634 2568 carie
649 2506 720 2565 utile
732 2523 810 2566 esse.
834 2515 915 2567 certe
926 2506 1109 2591 simulacrum
1170 2566 1171 2570 ,

108 2593 225 2652 Saturni
242 2590 351 2652 llomae
367 2591 440 2652 intus
457 2591 525 2650 oleo
541 2591 685 2667 repletum
701 2594 756 2651 est.
1006 2612 1009 2629 ·

172 2673 200 2734 8.
223 2673 286 2752 (8.)
308 2676 403 2753 Super
423 2676 515 2756 omnia
534 2691 607 2734 vero
627 2673 788 2748 celebravit
809 2691 952 2734 amurcam
971 2673 1104 2736 laudibus
1116 2684 1152 2738 33

71 2756 194 2818 socam
235 2758 314 2818 dolia
334 2759 444 2820 olearia
464 2758 612 2836 cadosque
631 2758 682 2818 illa
703 2757 798 2833 imbui,
825 2775 863 2816 ue
882 2757 980 2817 bibant
1000 2759 1109 2833 oleum,

109 2858 223 2902 amurca
238 2840 334 2917 subigi
349 2860 433 2902 areas
449 2842 575 2903 terendis
590 2841 745 2915 messibus,
762 2849 793 2900 ut
808 2840 948 2902 formicae
959 2843 1108 2922 rimaeque

25 2971 26 3004 ,
108 2923 219 3000 absint,
245 2926 312 3003 quin
327 2933 356 2984 et
370 2925 459 2986 lutum
475 2927 615 3002 parietum
630 2943 666 2986 ac
680 2925 804 2985 tectoria
819 2935 850 2984 et
863 2923 1026 3003 pavimenta'
1041 2926 1108 2989 bor·

25 3045 27 3090 q
100 3025 223 3067 reorum
244 3009 391 3084 frumeuti,
416 3011 552 3068 vestiaria
574 3009 661 3070 etiarn
680 3017 781 3069 contra
803 3009 949 3071 teredines
965 3028 1001 3072 ac
1021 3013 1108 3071 noxia

25 3135 28 3174 ,
109 3092 269 3152 animalium
285 3111 399 3153 amurca
414 3092 560 3172 adspergi,
577 3095 684 3154 semina
700 3093 812 3170 frugum
828 3093 971 3172 perfundi.
1000 3094 1108 3154 morbis

25 3217 28 3254 ,
71 3175 332 3254 sequadripedum,
356 3177 489 3238 arborum
511 3182 626 3257 quoque
651 3177 700 3238 illa
718 3177 907 3252 medendum,
933 3178 1051 3238 efficaci
1072 3179 1108 3238 ad

25 3299 30 3340 ,
109 3261 208 3320 ulcera
235 3258 371 3321 interiora
395 3261 507 3323 humaui
528 3279 645 3340 quoque
670 3263 739 3322 oris.
777 3261 840 3322 lora
861 3263 946 3342 etiam
969 3271 1002 3321 et
1024 3263 1151 3326 coriaut

25 3381 30 3428 ,
109 3345 202 3404 omnia
218 3352 248 3402 et
263 3343 430 3418 caloiamina
445 3347 565 3423 axisque
581 3345 703 3406 decoctu
717 3347 819 3422 ungui,
840 3355 928 3424 atque
942 3355 1107 3408 aeramenta

25 3467 30 3514 μ
108 3435 210 3488 contra
235 3430 401 3505 aeruginem
427 3431 592 3506 colorisque
616 3431 709 3506 gratia
732 3429 938 3508 elegantioris,
964 3440 995 3492 et
1017 3439 1106 3492 totam
