2542 3842
167 134 207 197 92
553 148 649 197 ratur
666 116 817 197 sncuunu

126 300 291 366 audiuimus
306 300 419 381 spirare
441 309 472 361 et
486 300 598 361 uicinus
614 300 660 361 iris
679 317 774 362 corus.
800 301 829 362 hi
850 309 881 364 et
903 301 1033 383 reliquos
1054 314 1160 382 conpe-
1265 331 1266 344 ι

167 393 250 445 scunt
273 392 303 444 et
324 384 408 443 nubis
430 384 557 462 abigunt.
586 385 672 445 umidi
692 384 809 445 Africus
832 383 862 445 et
883 387 1043 464 praecipue
1065 397 1161 448 auster

166 468 277 530 Italiae.
300 477 414 529 narrant
429 477 459 527 et
472 470 501 527 in
512 468 603 527 Ponto
619 469 739 527 caecian
753 470 783 527 in
797 486 830 527 se
845 469 962 529 trahere
974 467 1068 529 nubis
1090 470 1161 531 sicui
1265 491 1266 502 ¹

104 558 106 563 ’
168 568 254 611 corus
270 559 299 610 et
312 552 461 611 volturnus
478 560 683 629 praeterquam
698 551 875 612 desinentes.
893 552 1006 613 nivales
1021 553 1118 632 aquilo
1134 562 1164 612 et

167 635 336 714 septentrio.
362 634 517 718 grandines
534 636 694 712 septentrio
709 637 835 713 inportat
849 643 881 695 et
896 651 992 694 coras
1010 646 1187 698 aestuosuss

167 728 279 792 auster,
302 717 392 795 tepidi
406 713 556 777 volturnus
572 724 601 777 et
615 716 757 777 favonius.
783 718 872 777 iidem
886 718 1043 779 subsolano
1059 720 1162 780 siccio-

166 818 262 879 res,
244 802 296 860 et
287 818 316 859 ιιι
332 809 421 860 totum
436 816 537 859 omnes
552 817 569 859 a
585 802 784 877 septentrione
806 809 836 859 et
852 801 1047 861 occidente
1023 803 1165 862 sicciores

126 892 271 964 utquam
293 902 310 943 a
332 883 452 942 meridie
479 892 509 941 et
536 883 659 941 oriente
691 883 905 943 saluberrimus
925 894 1021 943 autem
1042 886 1164 945 omnium
1244 878 1252 894 ⁸

167 967 281 1049 aquilo,
302 966 406 1023 noxius
422 974 519 1024 auster
533 973 563 1024 et
577 966 669 1042 magia
686 965 798 1064 simus,
822 965 956 1026 fortassis
972 969 1038 1044 quia
1053 969 1164 1028 umidus

166 1052 299 1129 frigidior
313 1057 368 1110 est.
389 1048 480 1106 minus
497 1048 608 1107 esurire
625 1064 664 1107 eo
679 1048 807 1126 spirante
824 1048 979 1109 creduntur
993 1051 1159 1113 animantes
1173 1070 1198 1111 ro

166 1134 285 1196 Etesiae
307 1142 394 1193 noctu
409 1132 542 1194 desinunt
558 1131 642 1207 fere,
667 1141 697 1191 et
718 1132 837 1192 atertia
860 1132 918 1192 diei
939 1133 1010 1193 hora
1026 1135 1163 1194 oriantur.

166 1221 195 1280 in
208 1217 345 1295 Hispania
361 1223 391 1277 et
405 1215 476 1277 Asia
493 1214 529 1275 ab
545 1215 658 1274 oriente
674 1214 759 1275 datus
775 1224 822 1275 est
838 1231 954 1290 eorum,
978 1216 1008 1275 in
1022 1216 1114 1278 Ponto
1128 1215 1165 1278 ait
1265 1239 1266 1244 ¹

167 1302 320 1381 aquilone,
341 1300 463 1379 reliquis
484 1300 513 1359 in
529 1298 660 1376 partibus
674 1316 692 1359 a
707 1299 839 1359 meridie.
868 1299 978 1376 spirant
993 1309 1088 1359 autem
1103 1308 1165 1361 eta
1265 1293 1267 1318 '

166 1386 277 1458 bruma,
293 1400 357 1442 oum
371 1394 511 1443 vocantur
522 1381 674 1457 ornithiae‚
691 1382 744 1441 sed
756 1382 885 1441 leniores
897 1390 927 1440 et
938 1384 1040 1460 paucis
1051 1384 1164 1444 dicbus.
1265 1393 1267 1425 ³

74 1530 77 1541 p
166 1469 329 1528 Permutant
343 1474 372 1525 et
386 1466 442 1525 duo
460 1475 587 1525 naturam
602 1481 666 1522 curn
681 1466 752 1539 situ,
777 1474 875 1524 auster
891 1463 1011 1525 Africae
1029 1484 1161 1543 serenus,
1174 1482 1200 1527 tt

126 1561 176 1616 128
186 1549 282 1629 aquilo
297 1548 420 1608 nubilus.
454 1547 561 1607 Omnes
577 1546 657 1607 venti
673 1546 786 1607 vicibus
801 1548 861 1607 suis
878 1548 987 1625 spirant
1000 1550 1110 1610 maiore
1126 1567 1183 1609 ert

166 1643 283 1713 parte
258 1642 309 1691 aut
322 1640 352 1691 ut
367 1632 527 1691 contrarius
539 1630 702 1691 desinenti
692 1632 819 1709 incipiat.
837 1649 901 1690 cum
915 1648 1047 1708 proxumi
1040 1633 1163 1693 caden-
1265 1602 1267 1718 i

166 1716 242 1777 tibus
258 1708 391 1791 snrgunt,
413 1714 531 1775 olaevo
547 1714 664 1773 latere'
656 1732 685 1773 ιιι
699 1714 831 1774 dcxuum
845 1724 875 1773 ut
892 1715 938 1774 sol
953 1715 1088 1776 ambiunt
1118 1715 1164 1776 De
1265 1741 1266 1758 ι

168 1799 277 1859 ratione
290 1814 389 1857 eorum
400 1806 544 1857 menstrua
559 1806 660 1895 (puerta
672 1815 801 1857 maxume
818 1798 884 1857 luna
895 1798 1035 1859 decernit.
1057 1799 1164 1859 iisdem

167 1890 262 1942 eutem
284 1870 379 1939 ver'rtis
400 1882 430 1939 in
452 1882 625 1940 contrarium
648 1882 799 1957 navigatur
822 1882 946 1959 prolatis
967 1882 1108 1959 pedibus,
1134 1891 1199 1941 utto

166 1973 253 2023 noctu
274 1962 445 2043 pierumque
466 1962 588 2023 aduersa
605 1963 677 2023 vela
696 1974 879 2025 concurrant.
907 1964 1015 2025 Austro
1038 1967 1165 2026 maiores

167 2048 270 2107 ductus
286 2046 406 2106 eduntur
425 2062 508 2127 quam
524 2046 677 2125 aquilone,
694 2049 828 2127 quoniam
843 2048 893 2108 ilie
909 2042 1038 2107 infernus
1053 2067 1092 2108 ex
1106 2050 1165 2108 imo

166 2131 236 2189 mati
253 2131 351 2207 spirat,
367 2130 415 2190 hic
431 2147 549 2190 summo.
567 2127 694 2209 ideoque
709 2142 777 2209 post
787 2142 902 2192 austros
913 2133 992 2191 noxii
1003 2133 1164 2211 praecipue

126 2223 283 2281 lauterrae
300 2224 403 2274 motus.
433 2213 527 2273 Noctu
551 2224 666 2291 auster,
688 2216 812 2276 interdiu
833 2216 930 2293 aquilo
951 2214 1164 2291 vehementior,

167 2306 197 2355 et
211 2297 247 2356 ab
264 2306 327 2355 ortu
342 2297 445 2357 dantes
464 2297 657 2356 diuturniores
677 2307 742 2358 sunt
758 2298 795 2358 ab
817 2314 926 2359 occasu
941 2298 1083 2357 dantibus.
1113 2316 1200 2363 snas

167 2380 350 2456 ptentriones
367 2380 459 2455 inpari
475 2379 539 2437 iere
557 2380 689 2437 desinunt
703 2397 840 2454 numero,
855 2398 931 2458 quae
950 2378 1117 2439 observatio
1134 2389 1166 2439 et
1265 2399 1266 2426 ³

167 2463 196 2520 in
212 2461 275 2519 aliis
286 2460 381 2519 multis
396 2475 492 2517 rerum
504 2468 622 2517 naturae
638 2461 767 2534 partibus
780 2462 867 2519 valet.
883 2478 979 2519 mares
992 2462 1090 2538 itaque
1101 2464 1165 2520 exi·

168 2551 323 2602 stumantur
337 2544 454 2619 inpares
468 2542 587 2599 numeri.
618 2539 671 2600 Sol
692 2550 722 2599 et
742 2552 831 2617 auget
851 2552 881 2602 et
897 2544 1049 2621 conprimit
1068 2543 1164 2604 flatus.
1265 2599 1267 2641 p

169 2634 255 2701 auget
271 2624 408 2695 exoriens
430 2624 580 2696 occidens,
597 2625 750 2702 conprimit
763 2626 938 2686 meridianus
954 2627 1072 2686 aestivis
1091 2636 1164 2687 teru-

168 2708 296 2785 poribus.
324 2708 420 2785 itaque
438 2706 534 2766 medio
556 2707 613 2766 diei
634 2716 683 2768 aut
706 2709 800 2767 noctis
821 2709 991 2788 pleramque
1013 2711 1204 2788 sopiunturso
1265 2709 1267 2769 ἶ

169 2792 217 2869 qui
233 2799 280 2850 aut
301 2791 386 2850 nimio
405 2791 515 2867 frigore
531 2798 579 2850 aut
596 2800 678 2849 aestu
695 2791 854 2852 solvuntur.
866 2792 919 2852 ·Et
931 2792 1071 2853 imbribus
1085 2795 1165 2854 venti
1265 2817 1266 2850 ;

169 2874 325 2951 sopiuntur.
344 2881 549 2952 exspectantur
564 2881 658 2933 autem
672 2869 804 2935 maxume
821 2878 895 2936 unde
906 2876 1001 2935 nubes
1014 2875 1165 2936 discussae

127 2962 178 3019 130
190 2958 370 3035 adaperuere
388 2957 508 3017 caelum.
541 2954 671 3016 Omnium
687 2959 803 3037 quidem
828 2959 869 3036 (si
891 2959 982 3019 libeat
1003 2958 1165 3019 ohservare

168 3040 307 3098 minumus
330 3040 469 3119 ambitus)
490 3040 588 3099 redire
610 3040 730 3101 easdem
748 3043 823 3100 uicis
845 3043 1033 3120 quadriennio
1059 3050 1165 3102 exacto
1265 3050 1267 3061 '

168 3120 307 3180 Eudoxus
329 3131 423 3199 putat,
450 3140 507 3182 non
529 3132 681 3183 ventorum
702 3124 789 3184 modo
813 3142 914 3184 verum
939 3135 969 3184 et
988 3125 1205 3221 reliquarumss

169 3211 369 3281 tempestatum
389 3222 491 3281 magna
513 3222 551 3265 ex
565 3214 658 3283 parte.
685 3214 716 3265 et
739 3216 785 3267 est
804 3209 977 3286 principium
997 3208 1096 3267 lustri
1101 3206 1166 3267 eius
1265 3206 1267 3258 !

171 3303 288 3428 sierpper
298 3287 481 3347 intercalario
493 3304 567 3348 anno
580 3289 736 3351 caniculam
747 3300 820 3350 ortu
839 3290 885 3351 De
894 3290 1082 3369 generalibus
1092 3306 1165 3349 seu

170 3376 207 3427 ts
241 3383 304 3428 aec
