2542 3842
26 336 29 423 l

340 181 420 227 unu.
443 178 532 225 uren.
555 180 589 226 x.
613 174 734 229 61-63.
752 166 905 245 (ot-ss.)
1062 168 1118 228 151

126 345 233 397 stantes
256 335 339 395 ambo
363 334 438 393 inter
458 350 490 391 re
515 332 668 411 conplexi,
688 331 764 393 feles
785 349 864 391 mare
882 341 999 408 -stente,
1016 334 1121 395 lemine
1184 357 1187 372 ‚

25 426 27 485 l
126 420 303 493 subiacente,
319 417 425 495 volpes
439 418 468 475 in
483 417 574 479 latera
590 418 741 494 proiectae
761 434 925 493 moremque
941 418 1046 477 lemine
1061 436 1118 476 arn·

24 544 25 551 κ
128 505 222 583 plexa.
257 513 402 562 taurorum
420 517 630 577 cervorumque
648 500 772 560 feminee
787 501 843 559 vim
861 517 918 559 non
933 502 1067 575 tolerant,
1085 520 1119 561 ea

124 589 159 649 de
180 604 266 647 causa
289 585 485 661 ingrediuntur
505 586 536 645 in
554 593 708 662 conceptu.
741 584 820 644 cerui
840 584 967 644 uicissim
988 585 1024 644 ad
1046 585 1118 645 alias

101 678 268 731 strauseunt
292 669 377 728 etad
400 670 513 746 priores
540 669 670 728 redeunt.
700 668 831 728 lacertae
852 676 883 727 ut
906 686 941 727 eo
961 686 1035 747 quae
1056 671 1118 727 sine

123 754 244 834 pedibus
260 762 325 811 sunt
344 752 530 813 circumflexu
545 770 682 811 venerem
704 768 823 810 novere.
855 750 954 811 Omnia
969 752 1100 812 animalia
1111 760 1160 815 175

104 838 178 918 ‘quo
201 837 308 896 maiore
328 852 454 913 corpore
470 836 527 895 lroc
554 838 646 895 minus
668 835 803 894 fecunda.
841 835 972 912 singulos
998 837 1118 913 gignunt

123 921 285 998 elepllanti,
304 919 422 995 cameli,
449 921 525 998 equi.
552 919 682 979 acanthis
709 918 874 996 duodenos,
902 919 962 977 avis
985 920 1143 979 minuma.v

124 1003 263 1064 Ocissime
278 1004 390 1081 pariunt
405 1021 479 1081 quae
495 1002 643 1082 plurumos
658 1004 786 1079 gignunt.
820 1019 877 1097 spuo
892 1004 983 1062 maius
999 1011 1044 1061 est
1058 1005 1116 1061 ani·

90 1087 188 1163 romal,
204 1096 281 1147 tanto
303 1087 406 1147 diutius
427 1087 567 1147 formatur
590 1088 618 1145 in
632 1096 725 1145 utero.
763 1086 866 1145 diutius
888 1094 1038 1163 gestantur
1056 1088 1116 1164 qui-

123 1172 176 1231 bus
198 1171 330 1248 longiore
352 1171 514 1230 enutritae
536 1172 646 1247 spatie,
674 1187 770 1247 neque
794 1172 985 1229 crescentium
1007 1163 1136 1247 tempe·¹

123 1258 196 1315 stiva
212 1255 247 1315 ad
269 1254 463 1331 generandum
485 1263 575 1313 aetas.
608 1252 691 1326 Quae
713 1253 822 1313 solidos
849 1253 956 1313 habent
979 1252 1100 1329 ungules
1109 1262 1159 1317 176
1219 1264 1222 1269 '

123 1339 263 1415 singulos,
279 1356 352 1416 quae
368 1337 494 1397 bisulcas
516 1346 545 1397 et
561 1338 693 1414 geminos
710 1338 832 1413 pariunt.
863 1353 982 1413 quorum
1004 1338 1031 1395 in
1046 1336 1116 1412 digi-

123 1431 168 1481 tos
184 1422 288 1501 pedum
301 1421 403 1481 fissura
419 1421 508 1480 divisa
525 1430 579 1496 est,
601 1436 636 1481 ea
648 1421 845 1479 numerosiora
858 1421 887 1479 in
903 1420 973 1479 fetu.
1004 1420 1057 1481 sed
1072 1438 1118 1479 su·

90 1524 113 1567 15
123 1507 239 1584 periore
255 1506 347 1566 omnin
361 1504 509 1582 periectos
528 1504 615 1564 edunt
629 1512 738 1582 partus,
754 1504 828 1564 lraec
839 1504 999 1578 inclrontos,
1017 1505 1117 1580 inquo

124 1598 188 1647 sunt
207 1604 317 1665 genere
345 1589 482 1663 leaenae,
507 1605 608 1664 ursae,
634 1596 663 1646 et
685 1587 789 1665 volpes
811 1588 933 1651 inlormc
955 1589 1040 1647 etiam
1059 1604 1117 1645 ma·

123 1674 168 1751 gie
189 1690 271 1749 quarn
293 1672 456 1749 supradicta
476 1673 565 1749 parit,
587 1689 739 1749 rarumque
759 1680 804 1731 est
826 1672 927 1731 videre
947 1673 1116 1749 parientem.

122 1765 226 1834 postea
244 1756 396 1817 lambendo
415 1756 587 1815 calefaciunt
601 1756 677 1815 letus
693 1756 785 1815 omnia
801 1773 836 1814 ea
856 1764 886 1814 et
908 1754 1038 1830 figurant.
1069 1772 1117 1832 pa·

122 1842 196 1899 riunt
216 1840 373 1918 plurumum
397 1848 561 1918 quaternos.
594 1836 708 1899 (laccos
735 1845 830 1898 autem
855 1840 975 1915 gignunt
1001 1845 1159 1913 onnes,17'1
1239 1905 1242 1912 Δ

88 1922 199 1999 eolupi,
227 1923 402 2000 pantherae,
429 1922 522 1983 thoes.
563 1940 664 1982 cenum
692 1923 774 2000 plura
800 1940 918 1998 genera.
957 1921 1116 1983 Laconicae
1156 1954 1165 1977 ι

124 2014 228 2063 octavo
252 2023 349 2065 mense
372 2007 513 2082 utrimque
541 2014 690 2081 generant.
729 2006 824 2063 ierunt
846 2005 995 2080 sexaginta
1017 2004 1119 2063 diebus

125 2096 153 2147 et
168 2088 327 2164 plurumum
343 2087 444 2146 tribus.
477 2097 593 2146 ceterae
609 2105 698 2147 canes
714 2096 742 2147 et
764 2096 921 2145 semestres
947 2090 1051 2147 coitum
1068 2106 1117 2164 pe·

123 2171 237 2229 liuntur.
262 2172 405 2248 inplentur
420 2187 520 2229 omnes
533 2187 588 2229 uuo
607 2170 694 2229 coitu.
716 2179 871 2248 quaerente
888 2171 989 2228 iustum
1005 2180 1117 2247 tempus

124 2271 290 2330 concepere
313 2252 417 2313 diutius
433 2271 539 2313 caecos
553 2253 660 2313 habent
680 2253 802 2327 catulos,
818 2272 874 2311 nec
895 2254 985 2311 omnis
999 2254 1117 2312 totidem

88 2357 113 2397 ro
124 2336 235 2396 diebus.
270 2338 475 2397 existumentur
489 2338 517 2395 in
531 2339 611 2395 urino
629 2336 764 2397 attollere
782 2355 848 2395 crus
869 2337 932 2397 iere
949 2346 1116 2395 semestres.

123 2421 151 2479 id
168 2429 211 2479 est
228 2420 339 2496 elgnum
355 2422 539 2481 consummati
555 2422 656 2479 virium
674 2420 798 2479 roboris.
831 2420 955 2504 feminae
970 2419 1026 2479 lroc
1042 2420 1117 2479 idem

123 2504 262 2563 sidentes.
281 2504 381 2563 Partus
397 2504 521 2565 duodeni
537 2503 639 2581 quihus
650 2506 884 2577 numerosissimi,
897 2513 997 2564 cetero
1014 2505 1101 2582 quini,
1109 2511 1159 2566 178

123 2588 196 2661 seni,
214 2587 365 2665 aliquando
378 2588 492 2663 singuli,
511 2587 587 2667 quod
603 2587 799 2665 prodigiosum
814 2596 921 2666 putant,
937 2588 1010 2647 siout
1026 2588 1118 2645 omnis

123 2672 207 2729 maris
230 2682 277 2731 eut
300 2673 390 2731 onmis
418 2673 537 2731 leminas
556 2673 645 2749 gigni.
680 2674 787 2749 primos
808 2688 939 2749 quosque
961 2672 1047 2732 maris
1067 2689 1116 2748 pa·

88 2754 209 2827 coriunt,
238 2754 266 2817 in
290 2757 396 2814 ceteris
419 2756 567 2815 alternant.
597 2757 730 2815 ineuntur
750 2774 767 2813 a
790 2764 872 2833 partu
900 2762 984 2811 sexto
1006 2772 1115 2813 mense.

18 2840 22 2847 '
124 2834 252 2897 Octonos
273 2836 432 2897 Laconicae
455 2839 574 2916 pariunt.
611 2838 728 2917 propria
749 2840 777 2896 in
798 2854 834 2897 eo
860 2855 971 2913 genere
993 2838 1116 2896 maribus

123 2918 224 2979 labore
240 2922 383 2981 salacitas.
417 2923 514 2981 vivont
536 2921 671 2981 Laconici
694 2922 775 2980 annis
791 2920 883 2994 denis,
907 2921 1029 2979 feminae
1045 2921 1114 2979 duo·

123 3002 221 3079 denis,
248 3013 345 3068 cetera
360 3022 468 3081 genera
484 3004 643 3082 quindenos
659 3021 765 3079 annos,
781 3003 934 3082 aliquando
956 3012 985 3062 et
1005 3004 1115 3079 uiginti,

123 3104 178 3147 neo
198 3097 257 3147 tota
278 3098 328 3147 sua
345 3096 439 3147 aetate
462 3094 604 3165 generant
623 3088 686 3147 iere
708 3106 725 3147 a
746 3086 917 3147 duodecimo
939 3087 1114 3147 desinentes.

88 3192 115 3233 ³5
123 3162 233 3229 Folium
251 3180 280 3230 et
298 3170 514 3231 ichneumonum
531 3171 641 3249 reliqua
661 3180 691 3231 ut
705 3188 814 3231 canum.
846 3174 943 3231 vivont
958 3175 1037 3231 annis
1053 3179 1157 3234 se·179
1249 3189 1250 3208 ³

124 3254 177 3311 nis.
208 3254 373 3333 dasypodes
390 3256 464 3313 omni
482 3272 580 3313 mense
596 3256 709 3333 pariunt
726 3264 756 3315 et
776 3256 965 3333 superfetant,
985 3256 1057 3313 sicut
1073 3254 1114 3312 le·

125 3351 223 3411 pores.
255 3356 271 3397 a
294 3347 375 3416 partu
391 3340 483 3397 statim
505 3338 657 3416 inplentur.
691 3340 855 3416 concipiunt
876 3340 1002 3417 quamuis
1026 3338 1115 3397 ubera

58 3470 62 3479 .
125 3418 251 3481 siccante
268 3418 336 3483 ictu.
368 3424 478 3500 pariunt
494 3432 588 3483 autem
603 3439 721 3483 caecos.
752 3422 908 3501 elephanti,
925 3432 954 3481 ut
968 3417 1156 3504 diximus„¹‚⁷{,
1242 3431 1247 3503 j
