2542 3842
339 146 419 195 uun.
436 146 527 197 man.
543 149 592 197 ιιι.
616 142 659 199 ιι.
677 136 828 214 (ιι-ιι).
1028 132 1087 197 189

17 356 19 393 Ι
81 307 156 363 sime
179 302 292 371 oculos.
330 301 383 362 sed
402 302 457 363 hos
480 303 599 381 primurn
620 303 726 377 amori,
744 319 796 363 cor
811 300 979 365 nouissime.
1014 301 1088 363 lluic

17 438 19 477 Ι
80 389 261 486 praecipuus
282 385 372 449 calor.
410 386 530 464 palpitat
556 394 637 447 certe
658 394 689 446 et
709 404 791 464 quasr
784 385 936 448 alterum
953 382 1102 450 movetur

17 524 19 551 ,
81 473 158 533 1ιιιιι
169 471 303 534 ιιιίιιιιι11ι
316 469 466 548 praemolli
478 470 618 549 firmoque
630 479 762 548 opertum
777 469 961 531 membranae
977 470 1087 556 involu-

17 554 18 561 ’
82 574 148 632 cro,
161 556 297 617 munitum
310 562 454 615 costarum
466 562 495 613 et
507 556 636 633 pectoris
648 572 741 630 muro,
753 564 784 614 ut
796 556 890 631 pariat
901 549 1089 653 praecipuam
1171 597 1173 604 ·

17 640 161 719 avitae
181 656 295 700 causam
313 647 343 698 et
357 638 506 714 originem.
537 638 630 699 Prima
642 637 809 699 domicilia
800 646 874 697 rntra
888 656 922 697 se
935 638 1028 698 animo
1041 648 1071 700 et
1079 650 1130 705 182

17 726 18 729 ’
83 724 226 825 sanguini
241 721 363 801 praebat
386 723 504 781 sinuoso
526 740 617 800 specu
633 730 662 781 et
680 722 708 780 in
725 722 836 798 magnis
851 721 1022 782 animalibus
1038 725 1086 783 tri

82 807 172 885 plici,
193 792 315 867 idnnllo
337 824 394 867 noo
409 808 534 905 gemino.
572 806 611 865 ibi
626 824 708 866 mens
724 805 842 866 habitat
875 803 922 865 Ex
933 805 991 866 boc
1007 806 1087 867 fonte

83 891 159 953 duae
180 890 306 967 grandes
321 909 414 951 venae
433 891 461 949 in
482 891 579 969 priora
596 899 625 949 et
639 900 723 967 terga
737 890 911 964 discurrunt,
927 906 1088 969 sparsaque

83 991 229 1034 ramorum
251 976 328 1035 serie
349 992 402 1053 per
425 974 496 1035 alias
516 975 643 1035 minores
664 973 794 1034 omnibus
814 972 949 1033 membris
971 975 1087 1035 vitalem

49 1060 255 1135 aosanguinem
270 1060 374 1135 rigant.
407 1058 500 1117 solum
516 1058 573 1119 hoc
588 1060 732 1132 viscerum
746 1057 821 1117 vitiis
840 1075 898 1117 non
914 1066 1086 1134 maceratur,
1123 1110 1129 1116 .
1185 1055 1190 1063 ’

84 1160 141 1203 nec
156 1143 300 1220 supplicia
322 1143 398 1203 vitae
414 1140 517 1217 trabit,
544 1142 712 1220 laesumque
724 1150 855 1222 'mortem
878 1141 958 1202 illico
981 1141 1086 1210 adfert.

86 1226 195 1285 ceteris
213 1228 357 1304 corruptis
375 1226 500 1287 vitalitas
517 1227 546 1283 in
562 1226 652 1285 corde
667 1226 759 1285 durat.

150 1310 235 1388 (70.)
259 1310 346 1369 Bruta
360 1310 557 1369 existimantur
572 1310 734 1370 animalium
749 1308 853 1387 quibus
864 1309 965 1369 durum
979 1310 1066 1386 riget,
1077 1319 1129 1374 183

17 1454 18 1471 ,
86 1393 206 1455 audacia
223 1393 325 1472 quibus
343 1410 462 1473 parvom
485 1402 545 1469 est,
569 1393 673 1473 pavida
689 1392 793 1473 quibus
807 1393 999 1470 praegrande.
1028 1411 1086 1453 ma·

17 1495 201 1537 auxumam
222 1486 316 1537 autem
342 1487 387 1537 est
407 1479 541 1557 portione
562 1476 705 1551 muribus,
731 1477 846 1555 lepori,
864 1478 961 1552 asino,
985 1494 1086 1552 cervo,
1197 1482 1206 1498 ’

17 1536 18 1641 f
86 1561 262 1639 pantherae,
286 1562 432 1637 mustelis,
454 1562 574 1637 hyaenis
595 1570 624 1621 et
640 1560 771 1622 omnibus
786 1561 890 1621 timidis
903 1571 953 1624 aut
966 1570 1087 1659 propter

17 1650 18 1659 ’
86 1654 192 1705 metum
212 1646 363 1705 maleficis.
396 1644 427 1705 lo
443 1644 640 1724 Paphlagonia
660 1644 728 1705 buna
743 1644 912 1722 perdicibus
928 1645 1027 1707 corda.
1057 1646 1086 1705 in

17 1704 19 1827 ἰ
88 1746 227 1809 equorum
242 1731 331 1791 corde
349 1738 378 1789 et
394 1729 481 1791 boum
496 1747 564 1791 casa
577 1731 761 1808 reperiuntur
775 1729 925 1801 interdum.
955 1728 1067 1806 Augeat
1079 1737 1130 1793 184

17 608 19 681 l

17 1874 18 1911 1
86 1813 116 1873 id
129 1831 192 1913 per.
198 1814 328 1891 singulos
344 1832 434 1875 annos
449 1816 476 1875 in
496 1814 609 1874 homine
630 1822 661 1874 et
681 1813 762 1875 binas
783 1813 933 1873 drachmas
949 1812 1089 1895 ponderis

52 1898 123 1961 acad
144 1900 410 1995 qoinquagesimum
432 1898 592 1973 accedere,
617 1898 654 1959 ab
677 1914 714 1957 eo
731 1897 845 1958 detrahi
859 1898 1041 1971 tantundem,
1057 1906 1087 1957 et

88 1980 153 2040 iden
177 1998 234 2039 non
254 1983 354 2040 vivere
377 1982 519 2041 bominem
541 1982 616 2041 ultra
637 1981 824 2040 centesimum
842 1998 944 2050 annum
969 1981 1086 2046 delectu

90 2062 186 2125 cordis
200 2063 337 2141 Aegyptii
361 2066 538 2138 existimant,
563 2062 666 2161 quibua
685 2080 748 2124 mos
764 2072 811 2123 est
828 2063 971 2124 cadavera
986 2065 1086 2125 adser-

88 2164 157 2206 vare
166 2146 316 2207 medicata.
341 2147 426 2207 Hirto
440 2147 529 2207 corde
541 2148 621 2223 gigni
614 2147 773 2225 quosdam
782 2146 914 2208 bomines
927 2147 1128 2224 proditur,185

90 2248 183 2321 neque
198 2231 272 2291 alios
286 2231 415 2291 fortioris
431 2249 498 2291 esse
513 2231 682 2305 industriae,
697 2232 773 2290 sicut
786 2229 999 2292 Διίιιοιιιιιιιιι
1010 2230 1087 2291 bles·

17 2382 18 2405 ,
54 2335 81 2375 ιι
91 2316 199 2376 senium
215 2317 263 2393 qui
283 2326 346 2377 coc
366 2316 473 2375 occidit
487 2314 744 2375 Lacedaemonios.
780 2316 843 2393 ipse
861 2314 1085 2378 convolneratus

90 2408 189 2479 captus
205 2399 297 2459 semel
313 2418 367 2479 per
379 2418 531 2461 cavernam
545 2399 743 2459 lautumiarum
756 2400 850 2461 evasit
860 2400 1009 2477 angustias
1023 2399 1085 2459 vol·
1193 2395 1196 2402 ’

18 2500 19 2505 ’
90 2485 165 2561 pium
181 2484 274 2545 aditus
290 2493 416 2546 secutus.
450 2486 550 2545 iterum
566 2492 671 2561 captus
681 2484 785 2561 sopitis
801 2483 971 2546 custodibus
981 2500 1085 2543 somno

90 2568 149 2629 ad
140 2586 237 2645 agnem
254 2570 407 2631 advolutus
426 2570 488 2641 lora
510 2587 574 2629 curn
590 2584 717 2668 corpore
739 2569 860 2632 exmsit.
890 2569 976 2633 tertio
999 2576 1085 2646 capto

89 2650 305 2713 lacedaemonii
318 2664 421 2732 pectus
439 2654 607 2713 dissecuere
619 2654 727 2768 viventi
735 2651 957 2730 ,hirsutumque
973 2669 1026 2713 cor
1039 2667 1085 2713 ro·

56 2744 201 2879 anperturp
219 2746 274 2795 est.

105 2819 198 2895 ,(71
203 2826 226 2890 .)
249 2819 280 2881 ln
296 2820 384 2879 corde
401 2838 508 2881 summo
521 2761 689 2899 pinguitudo
703 2820 844 2898 quaedam
859 2828 905 2879 est
920 2819 1005 2879 laetis
1019 2837 1069 2880 eu·
1078 2830 1130 2885 186

91 2868 136 2959 ιιι.
166 2919 223 2962 non
247 2922 364 2983 semper
391 2914 484 2967 autem
509 2907 538 2963 in
558 2912 642 2981 parte
662 2914 793 2964 extorum
815 2902 941 2966 habitum
963 2911 1017 2963 est.
1053 2903 1085 2963 1..

92 2984 234 3046 Postumio
255 2988 361 3049 Albino
377 3006 449 3065 rege
468 3004 614 3047 sacrorum
633 2997 702 3066 post
720 2989 907 3049 centesimam
921 2988 1087 3049 vicesimam

82 3066 201 3131 sextam
217 3069 432 3151 Olympiadem,
455 3090 518 3131 cum
534 3088 587 3131 rex
601 3070 729 3147 Pyrrhus
744 3090 783 3133 cx
801 3071 884 3133 ltalia
898 3071 1087 3147 decessisset,

17 3171 144 3247 aecor
162 3156 191 3215 in
215 3158 290 3217 extis
309 3156 508 3235 barus-pices
500 3156 647 3234 inspicere
661 3164 832 3235 coeperunt.
860 3153 982 3218 (laesuri
997 3154 1085 3216 dicta-

81 3240 161 3315 tori,
178 3256 235 3319 quo
251 3240 297 3301 dic
313 3240 432 3319 primum
448 3250 530 3301 veste
546 3257 691 3339 purpurea
707 3242 853 3319 processit
870 3249 956 3321 atque
973 3240 1001 3299 in
1013 3240 1086 3299 sella

94 3342 178 3386 aurea
201 3324 292 3399 sedit,
313 3324 484 3385 sacrificanti
503 3324 579 3385 bis
570 3343 599 3383 ιιι
623 3325 699 3385 extis
721 3324 821 3385 defuit.
856 3324 931 3385 unde
954 3325 1086 3424 qpaestic

93 3426 193 3486 magna
214 3412 251 3473 dc
272 3370 445 3471 divinatione
469 3408 749 3486 argumentantibus,
771 3410 936 3488 potueritne
957 3409 1019 3468 sine
1035 3408 1086 3469 illo
