2542 3842
170 126 228 193 184
514 135 822 187 c.euru1sacnm>1

124 310 244 358 raaces
257 299 403 356 vetustate
417 298 528 371 putres.
558 288 624 354 Ncu
639 292 776 353 conivere
793 292 915 354 dirim
931 312 1005 372 quae
1019 312 1078 355 non
1092 297 1172 366 obli·

126 379 249 456 lttquis
266 376 360 437 oculis
377 375 430 436 sed
446 375 620 437 circumacto
635 376 731 453 eapite
750 385 913 437 cernerent.
943 376 1172 443 Chamaeleonis

166 461 270 521 oculos
286 462 366 539 ipsos
383 459 541 535 circumi
556 466 634 519 totos
645 459 774 521 tradunt·
796 461 894 522 cancri
908 464 937 521 in
950 462 1102 541 obliquum
1114 468 1170 527 ad·

166 546 291 625 spiciunt
306 553 402 609 crusta
416 543 513 621 fragili
530 542 660 605 inclusas
673 552 822 620 gerentes.
856 545 980 607 locustis
993 548 1171 627 squillisque

165 646 268 706 magna
293 646 332 689 ex
357 624 439 707 parte
466 626 519 689 sub
543 626 647 690 ecdem
671 630 844 689 munimento
868 630 1003 708 praeduri
1029 634 1196 705 eminente

167 712 295 787 droun
316 712 378 775 duri
401 721 466 773 aunt
480 712 571 773 minus
593 720 712 771 cernunt
734 730 818 792 quam
838 730 959 790 quornm
979 715 1074 775 umidi:
1103 736 1167 777 ser·

150 799 293 876 ‚poncium
314 797 417 860 catulis
437 806 467 857 et
485 794 664 857 hirundinum
679 796 784 873 pullis,
798 798 824 855 si
843 798 910 876 quis
932 808 1029 873 eruat,
1051 803 1168 861 renasci

126 890 175 945 1⁵3
183 882 304 943 madunt.
338 880 516 941 Insectcrmn
533 880 657 941 omnium
678 888 708 940 et
722 882 808 941 testei
821 881 995 959 operimenti
1011 885 1089 944 ccdli
1105 902 1167 945 rna·

166 974 269 1026 rentur
285 967 359 1027 sicut
373 963 583 1043 quadripedum
600 981 695 1025 auree.
727 964 831 1043 quibus
844 965 958 1043 iraqilia
974 970 1166 1046 operimenta,

167 1050 202 1109 iis
220 1050 297 1111 oculi
317 1049 388 1110 duri.
416 1048 516 1109 Omnia
536 1048 604 1107 talia
627 1056 657 1108 et
679 1048 776 1127 pisces
800 1059 829 1109 et
851 1051 962 1111 insecta
981 1068 1038 1109 non
1059 1051 1200 1114 babentia
1227 1120 1233 1129 ι

166 1151 259 1212 qenes
280 1152 337 1197 nec
357 1134 487 1211 integunt
510 1132 621 1193 oculos.
658 1132 789 1193 cumbas
804 1132 970 1196 numbram
991 1136 1057 1196 vitri
1076 1138 1167 1199 modo

165 1218 305 1281 tralucida
318 1216 494 1279 obtenditur.
714 1279 724 1285 ,,
1208 1274 1218 1301 q

126 1310 178 1367 154
233 1302 317 1380 (56.)
340 1301 503 1383 Palpebrae
529 1302 558 1361 in
582 1304 666 1377 genis
686 1303 793 1363 bomini
815 1305 972 1383 utrimque,
995 1304 1168 1365 mulieribus

166 1400 239 1448 raro
257 1386 344 1447 etiarn
364 1386 490 1448 iniectae
512 1385 667 1447 cotidiano.
705 1395 783 1447 tanta
807 1395 853 1447 eet
873 1388 990 1449 decoris
1006 1387 1167 1451 adfectatio

166 1478 197 1531 ut
208 1472 373 1547 tinguantur
383 1470 461 1531 oculi
476 1486 601 1549 quoque.
633 1470 689 1531 alia
703 1470 741 1529 de
756 1488 843 1531 causa
858 1471 916 1533 bac
929 1482 1028 1533 natura
1043 1471 1169 1535 dederat
1178 1490 1200 1529 ιι

168 1570 222 1617 ceu
238 1554 342 1617 vallam
359 1554 503 1633 quoddam
524 1553 604 1613 visus
620 1562 650 1614 et
664 1556 1046 1631 promineas‘munimentum
1062 1565 1169 1615 ccntm

167 1638 349 1699 occursantia
367 1635 497 1697 animalia
508 1644 556 1697 aut
569 1637 624 1697 alia
639 1637 758 1699 iortnito
778 1638 941 1698 incidentia.
968 1638 1099 1698 delinere
1111 1656 1168 1699 eas

124 1733 175 1787 155
184 1722 251 1781 baut
265 1721 397 1782 inmerito
410 1736 519 1779 venere
533 1719 743 1780 abundantibus
757 1720 879 1781 tradunt.
907 1721 953 1780 Ex
969 1722 1076 1779 ceteris
1092 1722 1168 1783 nulli

156 1810 230 1867 ‚aunt
245 1802 300 1863 nisi
316 1801 419 1883 quibus
435 1810 464 1861 et
478 1803 507 1863 in
521 1802 635 1880 reliquo
649 1818 775 1880 corpore
785 1802 851 1880 pili,
868 1803 921 1863 sed
937 1802 1168 1881 quadripedibus

164 1886 368 2047 bittit
382 1884 1200 2049 ‘tlttttltrlllllttllitltatltl?²·

378 2012 388 2047 ι
645 2012 655 2044 s
1153 2002 1166 2013 ”

165 2054 255 2131 ritant,
271 2064 302 2117 ut
315 2054 454 2117 lacertae.
480 2053 727 2117 struthocamelus
740 2052 837 2113 alitum
852 2053 918 2133 sola
926 2063 961 2113 ut
969 2052 1055 2113 bomo
1068 2056 1163 2114 utrim-

167 2154 224 2218 que
243 2138 400 2217 palpebras
417 2138 513 2202 babet.

73 2276 75 2295 ,
125 2230 177 2286 156
230 2222 314 2301 (57.)
336 2220 381 2281 Ne
394 2240 489 2299 genae
508 2222 623 2302 quidem
639 2221 785 2297 omnibus,
796 2222 864 2281 ideo
879 2238 974 2300 neque
991 2223 1160 2281 dictationes

166 2306 202 2365 iis
219 2324 298 2385 quae
328 2306 430 2368 animal
455 2316 605 2383 generant.
642 2307 793 2383 graviores
813 2305 909 2365 alitum
930 2304 1068 2365 inferiore
1086 2319 1195 2381 ponaer

167 2392 318 2464 conivent,
343 2389 462 2449 eaedem
481 2391 622 2449 nictantur
646 2388 683 2449 ab
707 2388 820 2467 angulis
840 2389 1004 2449 membrana
1027 2388 1158 2449 obeunte.

168 2472 319 2535 columbae
341 2480 370 2531 et
390 2471 492 2533 similia
513 2482 634 2551 utraque
658 2474 801 2533 conivent.
838 2480 867 2531 at
880 2470 1073 2551 quadripedes
1086 2486 1162 2547 qaae

37 2626 40 2637 ¹
168 2555 366 2633 drepanium,
390 2565 421 2615 ut
434 2556 612 2631 testudines,
627 2556 783 2630 crocodili,
806 2555 945 2617 inferiore
960 2564 1080 2627 tantum,
1096 2554 1161 2611 sine

126 2648 175 2704 15⁷
185 2638 243 2699 ulla
259 2638 415 2699 nictatione
430 2649 551 2719 propter
566 2638 726 2718 praeduros
744 2637 857 2699 oculos.
895 2638 1060 2699 Extremum
1074 2634 1162 2695 ambi·

167 2732 225 2783 tum
238 2738 333 2799 genae
348 2726 507 2800 superioris
522 2723 630 2803 antiqui
646 2723 741 2783 cilium
753 2740 915 2798 vocavere,
927 2724 1002 2785 unde
1018 2732 1048 2783 et
1060 2738 1162 2799 super·
1173 2736 1200 2779 at

168 2804 243 2867 cilia.
274 2806 331 2867 boc
346 2806 467 2871 volnere
482 2808 580 2886 aliquo
601 2806 746 2869 diductum
761 2825 819 2868 non
833 2808 989 2884 coalescit,
1004 2816 1036 2866 ut
1050 2808 1078 2866 in
1092 2822 1165 2883 pau·

168 2890 212 2951 cis
224 2889 336 2951 humani
352 2892 485 2970 corporis
500 2890 645 2953 membris.
727 2934 732 2950 .

230 2972 315 3052 (58.)
338 2972 414 3037 lnlra
431 2977 534 3038 oculos
548 2974 642 3037 malae
657 2976 763 3037 bomini
777 2984 901 3050 tanturm
921 2991 994 3054 quas
1008 2966 1098 3050 prisci
1112 2968 1178 3048 ge?

110 3124 111 3131 χ
168 3074 219 3119 aas
234 3057 392 3137 vocabant,
413 3070 465 3120 x11
481 3059 642 3123 tabularum
659 3060 811 3121 interdicto
826 3058 887 3119 radi
907 3076 923 3117 a
939 3057 1052 3117 leminis
1067 3063 1164 3115 retau-

167 3148 223 3201 tes
255 3140 374 3219 pudoris
388 3142 463 3204 baec
478 3144 575 3207 sedes.
605 3143 645 3203 ibi
659 3144 790 3216 minume
806 3142 966 3203 ostenditur
979 3139 1080 3199 rubor.
1173 3156 1200 3199 aa

128 3228 179 3289 lta
231 3224 315 3303 (59.)
338 3225 414 3286 Intra
429 3245 481 3287 eae
492 3226 665 3289 bilaritatem
676 3230 821 3306 risumque
834 3224 992 3287 indicantes
1008 3222 1120 3283 buccae
1136 3231 1167 3281 et

168 3307 255 3367 altior
267 3307 373 3369 bonini
387 3318 510 3385 tantum,
533 3328 618 3388 quem
632 3312 700 3373 nori
712 3327 810 3370 mores
825 3308 964 3369 subdolae
980 3306 1109 3366 inrisioni
1123 3304 1166 3365 di·

171 3406 293 3467 cavere,
311 3408 407 3453 nasus.
442 3390 508 3451 Non
528 3392 577 3452 alii
597 3392 756 3465 animalium
777 3410 862 3453 nares
883 3391 1018 3452 emineat.
1051 3387 1166 3464 avibus,
