2542 3842
146 117 207 181 248
485 131 515 178 o.
535 130 632 178 anrur
647 129 796 179 accusor

1265 204 1266 252 l

142 285 278 352 adcolunt
292 284 467 346 Attalimitac
485 284 595 363 oppido
611 283 740 344 ciusdem
754 282 886 343 nominis.
913 283 947 342 iis
961 283 1049 344 iuncti
1066 281 1140 344 Cha·

143 370 265 431 colatae.
307 369 443 446 oppidum
466 368 528 428 Sibi
553 367 630 447 quod
654 365 757 442 Graeci
777 366 891 444 Apaten
911 376 1032 442 vocant,
1060 367 1138 442 Arsi,

35 500 38 511 .
143 451 265 529 Codani,
284 451 373 510 Varei
390 451 498 530 oppido
515 449 827 527 magno,‘Bara'sasaei,
848 448 996 523 Lechieni,
1009 451 1139 527 Sygaros

141 535 232 595 insula
248 552 331 613 quam
349 553 437 593 canes
462 551 519 593 non
542 536 645 592 intrant
667 534 852 611 expositique
874 535 950 592 circa
978 533 1069 592 litora‘
1092 551 1138 594 er·
1266 531 1267 574 ἱ

99 618 246 683 raoramh
260 620 426 677 moriuntur.
468 619 553 677 Sinus
572 618 693 676 intumus
709 618 736 674 in
753 633 809 692 quo
824 615 995 690 Laeanitae,
1019 617 1067 694 qui
1087 633 1163 675 uo·s

139 720 204 761 rueu
220 702 247 760 ei
263 701 381 761 dedere.
412 701 492 775 regia
508 716 607 758 eorum
628 698 708 774 Agra
724 708 753 757 et
773 701 802 756 in
817 699 880 757 sinu
894 699 1007 759 Laeana
1022 701 1087 774 vel,
1108 708 1140 759 ut

140 785 204 859 alii,
225 783 347 844 Aelana.
375 800 438 841 nam
459 791 489 840 ct
503 785 595 860 ipsum
609 783 700 840 sinum
716 782 805 840 nostri
821 781 1030 857 Aelaniticum,
1053 782 1138 842 Arte·

138 870 265 928 midorus
281 866 469 939 Aleniticum,
493 863 562 924 luba
582 864 766 923 Leaniticum.
807 862 950 944 Circuitus
971 865 1099 925 Arabiae
1121 883 1138 924 a

140 950 271 1011 Charace
286 949 398 1008 laeana
414 947 557 1023 colligere
572 948 702 1026 proditur
716 947 807 1016 iffi·
822 945 900 1008 LXX
912 948 951 1021 Μ,
963 947 1032 1008 luba
1050 949 1136 1026 paulo

137 1037 229 1094 minus
244 1034 299 1100 pff,
311 1031 340 1091 Μ
352 1039 442 1109 putat.
479 1031 614 1091 latissima
633 1040 678 1090 est
696 1049 711 1092 a
730 1033 927 1109 septentrione
939 1032 1014 1090 iuter
1029 1031 1136 1110 oppida
1147 1053 1172 1094 ro

97 1127 148 1182 157
156 1118 299 1177 Herceum
316 1124 345 1174 ct
361 1112 531 1174 Characem.
572 1113 656 1173 Nunc
671 1124 701 1174 et
716 1115 827 1193 reliqua
848 1115 1058 1174 mediterranea
1074 1115 1137 1173 eius

139 1202 277 1261 dicantur
303 1197 460 1258 Nabataeis
472 1197 646 1257 Thimaneos
662 1199 811 1257 iunxerant
827 1207 955 1260 veteres.
982 1215 1057 1256 nuuc
1071 1206 1136 1256 sunt

139 1284 257 1360 Taueni,
274 1280 418 1356 Suelleni,
442 1280 593 1355 Arraceni,
614 1280 756 1358 Aregeni,
776 1282 955 1358 oppidumin
971 1297 1027 1357 quo
1044 1281 1136 1339 omnis

138 1329 296 1444 negotiatio
313 1367 374 1424 eius
397 1366 540 1422 convenit.
582 1363 756 1438 llemuatac,
778 1362 929 1438 Aualitac,
952 1362 1134 1440 oppidallo·

136 1460 220 1525 mata,
242 1449 349 1524 llegra.
375 1446 557 1520 Tamudaei,
579 1447 717 1524 oppidum
738 1447 910 1507 Badaoatha.
948 1442 1069 1521 Carrei,
1083 1463 1133 1523 op·
1145 1464 1170 1506 rc

137 1495 231 1610 pidurb
248 1528 378 1591 Carriati
422 1528 561 1604 Acboali,
584 1529 720 1626 oppidum
736 1527 1133 1604 ltorh,acM1naerarege

138 1614 242 1674 Cretae
265 1612 378 1688 llinoc,
400 1622 429 1671 ut
453 1613 640 1685 existumant,
663 1613 804 1687 originem
825 1610 989 1685 trahentes,
1014 1627 1133 1687 quorum

137 1695 277 1755 Carmaei.
307 1657 442 1772 oppidum
458 1693 539 1752 Xllll
553 1694 613 1752 mil
628 1712 764 1771 passuum
785 1693 926 1771 Manippa,
941 1655 1132 1753 Palmalacum

95 1787 181 1841 158et
199 1779 290 1874 ipspm
307 1794 364 1835 non
356 1777 583 1858 sp,ernenduur
598 1776 668 1836 item
685 1775 807 1835 Carnou.
830 1776 1004 1836 Rhadamaei
1021 1775 1131 1852 (etho-

135 1878 196 1920 rum
212 1861 294 1936 origo
309 1847 540 1919 Rhadamanthus
555 1868 686 1938 putatur,
709 1859 798 1918 frater
812 1858 942 1938 Minois),
965 1858 1130 1920 Homeritas
1140 1876 1167 1917 ιο

136 1942 260 2002 Messala
277 1943 396 2021 oppido,
418 1941 553 2014 llamirei,
577 1940 759 2016 Gedranitae,
775 1942 952 2020 Amphryae,
975 1941 1129 2020 llisanitae,

29 2073 32 2082 .
135 2024 307 2100 Baohilitae,
330 2025 478 2100 Samuaei,
501 2024 624 2084 Amitaci
649 2026 763 2103 oppidis
778 2024 872 2085 Nessa
894 2033 923 2083 et
943 2023 1128 2100 Cannesscri,

55 2138 62 2151 ι
136 2107 284 2168 Zamareni
303 2109 417 2187 oppidis
432 2109 569 2184 Sagiatta,
586 2107 748 2183 Canthace,
765 2108 941 2182 Bncasoarui,
957 2107 1129 2187 Riphearrua
1184 2141 1187 2146 ·

135 2191 280 2268 oppidum,
303 2210 359 2268 quo
375 2191 519 2250 vocabulo
541 2190 678 2260 hordeum
693 2191 858 2268 appellant,
880 2190 977 2265 Autci,
999 2190 1127 2265 Ethraui,

136 2272 239 2348 Cyrei,
261 2273 419 2333 Elmatacei
443 2273 551 2351 oppido
575 2271 692 2348 Chodc,
715 2274 844 2333 Aiathuri
865 2275 892 2331 in
911 2273 1054 2332 montibus
1077 2290 1164 2350 opas

135 2356 202 2432 pido
218 2356 274 2415 XX
294 2355 352 2413 mil.
375 2373 520 2432 passuum,
544 2358 646 2433 inquo
668 2357 732 2414 lons
748 2355 977 2429 Aenuscabales,
1002 2356 1079 2432 quod
1091 2357 1127 2414 si·

93 2439 265 2514 159gnidcat
278 2437 451 2496 camelorum
466 2438 610 2514 oppidum.
633 2439 804 2515 Ampelome
818 2438 931 2496 colonia
939 2436 1126 2513 Milesiorum,

134 2520 252 2578 Athrida
268 2518 415 2595 oppidum,
439 2516 578 2593 Calingii,
601 2537 720 2595 quorum
739 2519 845 2578 Mariba
867 2522 1004 2597 oppidum
1020 2520 1126 2596 siguifi-

135 2609 181 2659 cat
203 2601 333 2659 dominos
354 2602 494 2676 omnium,
516 2601 623 2677 oppida
647 2602 752 2676 Palon,
771 2602 955 2662 Murannimal
976 2605 1052 2662 iuxta
1074 2603 1125 2661 du·

133 2700 198 2741 men
215 2700 268 2759 per
283 2684 360 2761 quod
376 2683 542 2761 Euphraten
565 2700 717 2758 emergere
734 2693 848 2761 putant,
870 2694 972 2760 gentes
989 2684 1080 2760 Agrai
1097 2695 1125 2746 et
1136 2703 1162 2746 ao

134 2764 292 2842 Ammonii,
316 2766 452 2843 oppidum
471 2766 620 2840 Athenae,
644 2764 813 2841 Caunaravi,
835 2769 910 2844 quod
928 2768 1069 2843 significat
1085 2767 1126 2826 di-

133 2848 258 2906 tissimos
285 2857 432 2923 armento,
462 2846 631 2922 Coranitae,
661 2846 784 2924 Oesani,
814 2848 903 2909 Ciani.
955 2851 1069 2908 luerunt
1097 2859 1127 2908 et

135 2927 244 2989 Graeca
262 2930 368 3008 oppida
383 2929 542 3005 Arethusa,
565 2929 680 3005 larisa,
701 2929 826 3006 Chalcis,
850 2932 944 2991 deleta
959 2933 1046 2991 variis
1063 2930 1126 2991 bel·

92 3011 194 3073 Idolis.
223 3011 351 3070 Romana
367 3029 444 3072 arma
460 3013 540 3072 solus
556 3013 583 3070 in
604 3032 667 3072 eam
687 3023 792 3071 terram
808 3014 900 3073 adhuc
916 3013 1007 3072 intulit
1024 3013 1126 3072 Aelius

135 3091 233 3164 Callus
258 3111 295 3150 ex
320 3097 448 3169 equestri
472 3095 582 3154 ordine.
624 3112 690 3153 nam
716 3093 748 3153 C.
772 3093 881 3154 Caesar
902 3096 1025 3172 Augusti
1050 3095 1162 3154 ssliussa

133 3175 285 3251 prospexit
300 3182 404 3232 tanturn
419 3174 563 3235 Arabiam.
604 3175 704 3235 Gallus
724 3179 831 3254 oppida
854 3177 938 3236 diruit
959 3195 1015 3236 non
1035 3180 1124 3236 nomi·

132 3265 196 3313 nata
220 3255 384 3313 auctoribus
410 3258 458 3334 qui
481 3267 546 3315 autc
567 3257 759 3334 scripserant,
785 3258 965 3335 Negrauam,
994 3259 1124 3334 Nestum,

91 3335 259 3396 rrNcsoam
268 3334 457 3414 „llasugurn
473 3335 671 3415 Caminacum,
687 3338 855 3416 Labeciam,
879 3351 908 3400 ct
923 3304 1127 3419 supradictam
