2542 3842
173 188 233 251 122
552 199 859 252 ammomum

171 353 355 434 Hipparchus
371 363 400 417 et
415 354 443 415 in
459 354 646 432 coarguendo
663 371 700 413 eo
716 362 746 413 et
760 354 789 413 in
803 353 917 430 reliqua
932 349 1009 411 omui
1023 350 1173 428 diligentia
1265 375 1266 378 ¹

171 440 259 499 mirus
277 438 363 499 adicit
379 438 534 499 stadiorum
551 437 638 515 paulo
655 439 747 497 minus
763 434 859 498 XXVI
875 434 914 494 th.

129 528 182 584 ate
249 521 317 582 109.
343 520 410 585 Atia
434 519 642 595 Dionysodoro
670 520 754 590 fides.
785 518 983 598 nequeenim
1009 516 1175 578 subtraham

172 604 338 682 exemplum
352 605 485 665 vanitatis
502 602 632 663 Graecae
649 620 819 663 maxumum.
849 600 955 661 blelius
972 600 1019 660 hic
1037 600 1089 661 tuit
1101 618 1175 677 geo·

171 688 292 747 metrica
308 689 429 747 scientia
443 686 559 747 nobilis.
586 694 709 745 senecta
726 686 803 745 diem
824 684 939 744 obiitin
960 684 1069 761 patria,
1090 684 1201 743 innuas

172 770 283 831 duxere
299 772 327 843 ei
342 771 524 849 propinquae
541 767 664 845 adquae
680 767 845 845 pertinebat
856 768 1014 827 hereditas.
1042 766 1177 827 haecum

173 854 281 913 secutis
297 853 400 917 diebus
414 854 489 912 iusta
504 857 697 928 peragerent,
724 852 872 911 invenisse
887 849 1019 909 dicuutur
1032 851 1061 907 iu
1077 849 1175 928 sepui-

174 936 244 996 chro
257 936 409 1014 epistulam
421 931 618 1008 Dionysodori
629 933 744 991 nomine
756 932 792 992 ad
804 948 929 1009 superos
941 933 1094 1011 scriptam:
1111 950 1176 1012 per·

172 1020 289 1077 venisse
312 1036 376 1077 eum
398 1036 415 1078 a
435 1014 592 1096 sepulchro
619 1015 656 1076 ad
681 1015 804 1079 infimam
830 1024 945 1075 terram.
973 1033 1040 1075 esse
1065 1031 1101 1074 eo
1120 1024 1176 1075 sta·
1265 1021 1266 1040 ³

173 1101 284 1163 diorum
306 1101 494 1181 quadraginta
516 1099 572 1159 duo
594 1098 682 1159 milia.
708 1116 764 1159 nee
786 1098 909 1160 defuere
932 1106 1104 1175 geometrae
1126 1097 1217 1176 qui1u

173 1185 433 1262 interpretarentur
448 1182 613 1261 significare
630 1182 784 1259 epistulam
799 1201 816 1243 a
829 1182 927 1246 medio
949 1191 1089 1262 terrarum
1103 1181 1178 1241 orbe
1265 1247 1266 1250 Ἴ

174 1267 292 1327 missam
307 1284 364 1346 quo
386 1268 523 1328 deorsum
543 1265 580 1327 ab
603 1282 714 1325 summo
737 1265 936 1342 longissimum
953 1274 1033 1324 esset
1053 1266 1178 1342 spatium
1265 1263 1267 1324 i

176 1358 206 1409 et
221 1350 299 1409 idem
319 1349 399 1427 pilae
420 1350 554 1410 medium.
583 1366 622 1407 ex
643 1336 701 1427 quo
718 1358 875 1407 consecuta
897 1348 1063 1426 conputatio
1086 1355 1179 1407 estut
1265 1343 1267 1376 ¹

177 1433 296 1492 circuitu
313 1449 380 1491 esse
397 1429 495 1492 comt
509 1427 538 1489 Μ
553 1430 711 1489 stadiorum
725 1432 952 1509 pronuntiarent.
1265 1401 1267 1548 ἱ

236 1512 341 1594 (113.)
359 1512 532 1575 Harmonice
548 1512 639 1586 ratio,
662 1530 738 1590 qnae
760 1513 840 1588 cogit
861 1530 956 1571 rerum
977 1520 1105 1572 naturam
1121 1512 1219 1574 sibirs
1265 1550 1267 1599 ;

175 1598 268 1673 ipsam
285 1614 464 1674 congruere,
488 1594 566 1657 addit
586 1593 654 1663 huic
673 1612 827 1654 mensurae
843 1594 1000 1653 stadiorum
1014 1594 1069 1653 XII
1088 1595 1177 1672 milia,

176 1686 339 1757 terramque
354 1680 570 1757 nonagesimam
586 1685 700 1737 sextam
712 1679 800 1737 totius
814 1677 910 1737 mnndi
925 1686 1039 1755 partem
1054 1677 1134 1737 facita

576 1866 779 1877 ——--—.

421 2003 474 2087 o.
506 2006 655 2091 rrrur
686 1977 913 2093 oronim

283 2154 664 2255 stittttttt
704 2157 1070 2263 hldhhhldh
1174 2169 1178 2178 ’

524 2322 833 2389 urrunnu.
1092 2332 1093 2337 ¹
1190 2323 1266 2397 a

153 2597 168 2647 1
243 2581 315 2663 Gap.
334 2584 361 2644 1.
383 2582 528 2645 Hactenus
543 2584 580 2644 de
595 2584 650 2644 situ
666 2593 696 2644 et
710 2584 856 2644 miraculis
869 2592 967 2643 terrae
981 2601 1181 2663 aquarumque
1265 2617 1266 2638 2

184 2674 213 2727 et
227 2666 352 2727 siderum
368 2685 404 2728 ac
424 2668 536 2727 ratione
556 2669 751 2728 universitatis
770 2676 857 2745 atque
874 2684 1018 2727 mensura.
1045 2679 1129 2726 nuuc·
1143 2668 1182 2727 de
1265 2719 1267 2731 r

184 2749 328 2828 partibus,
351 2768 520 2829 quamquam
535 2750 671 2810 infinitum
686 2750 716 2811 id
731 2767 847 2829 quoque
864 2750 1052 2809 existumatur
1064 2766 1122 2809 nec
1136 2758 1181 2809 te·
1192 2767 1222 2809 ao

182 2849 262 2891 mere
279 2834 341 2892 sine
356 2834 450 2911 aliqua
462 2832 691 2911 reprehensione
702 2841 862 2908 tractatum,
878 2832 1016 2891 hantullo
1027 2833 1056 2891 in
1067 2850 1182 2909 genere
1265 2851 1266 2890 3

183 2916 266 2975 venia
282 2916 418 2991 iustiore,
436 2916 462 2974 si
476 2916 562 2976 modo
576 2918 701 2976 minume
716 2918 816 2975 mirum
831 2924 880 2973 est
890 2914 1035 2973 hominem
1052 2916 1183 2992 genitum
1265 2927 1266 2934 ¹

146 3042 151 3051 .
183 3012 240 3054 non
255 3000 347 3057 omnia
368 2999 488 3059 humana
506 3001 633 3058 novisse.
665 3005 845 3078 quapropter
863 3005 1013 3057 auctorem
1035 3000 1183 3056 neminem

183 3094 267 3135 unum
283 3095 403 3156 sequar,
431 3082 483 3140 sed
505 3089 536 3140 ut
552 3099 697 3159 quemque
718 3081 898 3140 verissimum
920 3082 949 3139 in
964 3097 1080 3158 quaque
1095 3088 1183 3158 parte
1264 3133 1267 3145 .

184 3158 362 3233 arbitrabor,
389 3164 523 3238 quoniam
547 3180 696 3223 commune
719 3163 812 3222 ferme
840 3163 971 3222 omnibus
999 3163 1051 3222 init
1072 3172 1104 3221 ut
1126 3178 1224 3222 cosas

172 3240 307 3318 ¹quisque
323 3241 541 3318 diligentissime
558 3248 628 3305 situs
643 3245 757 3305 diceret
776 3247 804 3303 in
819 3246 928 3322 quibus·
939 3247 1004 3323 ipse
1024 3244 1183 3322 prodebat.

156 3320 254 3383 hideo
276 3340 331 3382 nec
347 3324 471 3401 culpabo
494 3336 541 3387 aut
563 3345 718 3403 coarguam
744 3343 926 3406 quemquam.
958 3328 1091 3386 locorum
1106 3327 1187 3389 nuda

69 3444 75 3453 .
186 3404 300 3478 nomina
317 3413 346 3465 et
363 3414 468 3486 quanta
483 3408 596 3471 dabitur
616 3410 759 3471 brevitate
780 3418 939 3488 ponentur,
966 3408 1099 3471 claritate
1114 3428 1187 3472 eau-
