2542 3842
99 234 106 248 ,
176 172 234 237 138
415 142 418 151 ’
450 173 454 179 “
549 159 877 235 u.an1u1sncuun1‘

174 296 371 420 appellamus,
396 348 497 417 portus
518 338 670 416 Herculis,
691 339 837 401 Metaurus
852 339 957 416 amnis,
976 340 1165 405 Tauroentum

175 425 321 505 oppidum,
337 433 438 502 portus
450 422 562 484 Orestis
577 434 607 484 et
617 423 740 485 Medma.
757 423 893 502 oppidum
904 423 1079 501 Scyllaeum,
1096 424 1164 489 Cra·

133 535 136 543 ¹
173 510 247 571 tacis
261 508 378 583 duvios,
394 516 486 569 mater
503 509 549 587 (ut
562 508 679 587 dixere)
696 508 824 583 Scyllae.
854 508 920 567 dein
935 504 1073 569 Columna
1088 508 1163 571 lihe-

154 592 156 597 ’
173 592 236 669 gia,
260 591 386 652 Siculum
409 590 512 652 iratum
528 610 563 651 ac
579 592 635 651 duo
658 592 782 652 adversa
798 592 1008 670 promontoria,
1032 610 1071 652 ex
1084 591 1163 654 ltalia

113 676 115 691 '
174 673 305 750 Caenys,
325 694 364 735 ex
379 675 477 736 Sicilia
494 674 644 751 Pelorum,
662 675 815 735 duodecim
831 674 986 735 stadiorum
1002 676 1184 753 intervallos

132 759 248 825 74unde
264 758 406 836 Rhegium
417 757 471 818 Xll
482 757 546 817 llll)
563 775 641 834 pass.
666 757 737 818 lndc
749 757 914 836 Appennini
929 759 1001 819 silva
1013 759 1083 835 Sila,
1098 777 1162 838 pro·

174 844 343 904 montorium
357 841 539 919 Leucopetra
549 838 604 899 XV
614 839 644 900 Μ
656 858 747 919 pass,
772 840 809 900 ah
825 860 861 901 ea
874 840 960 900 Locri
971 846 1166 919 ,cognominati

174 946 191 988 a
207 926 402 1005 promontorio
419 924 577 1003 Zephyrio,
595 924 698 983 absunt
713 942 730 984 a
746 924 842 985 Silano
855 921 972 985 CCClll
982 924 1012 984 Μ
1022 944 1164 1003 passuum,

175 1019 204 1071 et
223 1008 376 1070 includitur
394 1007 531 1087 Europae
553 1010 630 1069 simus
647 1009 763 1087 primns.
796 1008 829 1068 ln
846 1024 883 1067 eo
899 1008 987 1068 mdria
1003 1027 1165 1089 nuncupan-

173 1104 229 1169 tur,
245 1092 319 1153 uode
335 1092 478 1170 inrumpit,
494 1091 684 1166 Atlanticum,
699 1092 737 1152 ah
753 1092 817 1153 aliis
830 1110 972 1170 magnum.
1001 1111 1057 1172 qua
1072 1095 1165 1170 intrat,
1176 1113 1199 1153 m

173 1176 325 1237 Porthmos
339 1194 356 1236 a
372 1174 501 1252 Graecis,
517 1195 534 1236 a
549 1176 634 1237 nohis
650 1175 817 1237 Gaditanum
831 1177 944 1238 fretum.
964 1195 1028 1237 cnm
1042 1179 1169 1255 intravit,

172 1260 329 1339 Hispanum
344 1270 483 1339 quatenus
493 1260 646 1339 Hispanias
661 1254 752 1321 adluri
764 1259 801 1321 ah
817 1261 881 1320 aliis
896 1260 1039 1321 lhericnm
1054 1271 1102 1322 aut
1114 1261 1167 1321 Ba·

39 1335 41 1340 ’
173 1344 312 1406 liaricum.
338 1360 406 1403 mox
422 1343 561 1405 Gallicum
577 1354 644 1405 ante
660 1343 881 1404 Narbonensem
898 1346 1084 1421 provinciam
1101 1345 1166 1405 hinc
1183 1353 1185 1358 '

132 1427 354 1505 Tthigustieum.
371 1426 407 1486 ah
420 1444 456 1486 eo
471 1428 508 1487 ad
519 1428 646 1487 Siciliam
657 1428 777 1487 insulam
789 1426 923 1502 Tuscum,
939 1427 1017 1505 quod
1028 1446 1068 1488 ex
1079 1426 1167 1489 Grae·

75 1568 77 1575 ,
175 1513 217 1571 eis
242 1510 290 1571 alii
311 1508 426 1569 Notium
446 1509 494 1569 alii
515 1508 691 1583 Tyrrenum,
718 1528 737 1568 e
760 1510 867 1569 nostris
896 1510 1019 1587 plurumi
1045 1512 1201 1571 laterano

173 1600 287 1655 uocant.
313 1592 387 1653 ultra
404 1592 530 1652 Siciliam
550 1593 628 1671 qnod
650 1601 695 1651 est
710 1591 747 1652 ad
762 1591 926 1652 Salentinos
941 1593 1098 1653 Ausonium
1112 1594 1166 1654 Po·

174 1678 269 1751 lyhius
293 1676 437 1754 appellat,
458 1674 667 1736 Eratosthenes
693 1685 787 1735 autem
804 1677 878 1736 inter
896 1678 999 1743 ostium
1014 1676 1119 1736 oceani
1139 1686 1168 1737 ct

40 1814 44 1827 ,
173 1754 333 1821 Sardiniam
347 1759 482 1837 quidquid
499 1768 543 1819 est
558 1760 710 1835 Sardoam,
727 1760 793 1819 inde
810 1760 846 1820 ad
857 1760 984 1819 Siciliam
996 1759 1166 1837 Tyrrenum,

175 1843 210 1903 ah
227 1842 283 1902 hac
298 1839 412 1901 Cretam
427 1860 519 1921 usque
536 1844 674 1919 Siculum,
690 1843 727 1903 ah
743 1862 779 1903 ea
794 1842 950 1904 Creticum.

133 1938 167 1993 76
235 1925 319 2004 (11.)
341 1924 455 1985 lnsulae
479 1944 533 2004 per
558 1926 632 1997 haec
659 1928 747 1986 maria
773 1929 883 2005 primae
908 1928 1032 1987 omnium
1055 1926 1202 2002 Tityus-2⁰

175 2026 226 2069 sae
250 2026 266 2068 a
288 2007 407 2070 Graecis
433 2008 527 2070 dictae
549 2028 565 2069 a
586 2011 692 2071 irutice
717 2012 814 2089 pineo.
846 2030 921 2071 nnuc
942 2010 1167 2084 Ehususvoca·

174 2102 220 2153 tur
240 2102 377 2172 utraque,
401 2094 518 2153 civitate
540 2094 707 2169 foederata,
730 2103 852 2171 angusto
873 2095 951 2155 lreto
973 2094 1167 2156 interfluente.

175 2176 276 2237 Patent
295 2176 427 2237 XLVIlil
447 2180 542 2258 pass,
566 2178 669 2240 absunt
684 2198 702 2239 a
717 2178 822 2239 Dianio
845 2181 1037 2258 septingentis
1057 2180 1168 2253 stadiis,

175 2262 293 2321 totidem
309 2260 439 2321 Dianium
457 2280 511 2340 per
525 2264 716 2324 continentem
731 2282 747 2322 a
764 2260 938 2340 Carthagine
955 2280 1040 2323 nova.
1057 2272 1168 2323 tantun·

177 2346 241 2404 dem
257 2362 273 2403 a
290 2344 427 2417 Pityussis
448 2346 476 2403 in
496 2345 582 2405 altam
598 2346 730 2406 Baliares
751 2347 825 2406 dnae
842 2356 872 2405 et
886 2348 1045 2405 Sucronem
1064 2352 1205 2406 versas²⁵

135 2424 356 2491 t‘lColubraria.
388 2423 516 2489 Baliares
535 2428 621 2487 lunda
642 2428 802 2487 bellicosas
817 2428 927 2504 Graeci
942 2427 1111 2501 Gymnesios
1128 2428 1170 2487 di·

176 2525 259 2567 xere.
288 2509 378 2565 maior
399 2515 511 2567 centum
533 2510 591 2569 mil.
614 2527 748 2587 passuum
770 2520 816 2569 est
833 2510 1025 2587 longitudine,
1048 2508 1187 2572 circuitu

176 2607 248 2651 vero
268 2587 471 2651 CCCCLXXV
487 2591 524 2650 M.
549 2592 657 2671 oppida
673 2590 762 2652 hahet
778 2594 882 2653 civium
897 2593 1089 2655 Romanorum
1105 2593 1169 2654 Pal·

176 2692 249 2734 mam
267 2684 295 2734 et
315 2673 500 2750 Pollentiam,
517 2674 614 2735 Latina
630 2675 739 2736 Cinium
756 2687 786 2736 et
802 2676 916 2753 Tucim,
938 2687 968 2738 et
987 2677 1172 2738 ioederatum

99 2780 105 2793 ·
176 2758 356 2818 Bocchorum
370 2758 432 2819 luit.
466 2758 502 2819 ah
525 2777 560 2819 ea
574 2758 657 2818 XXX
670 2759 699 2820 Μ
714 2778 791 2839 pass.
815 2760 900 2821 distat
913 2762 1023 2836 minor,
1045 2760 1208 2839 longita·ao

177 2842 242 2901 dine
255 2840 308 2901 'XL
323 2841 369 2918 hl,
396 2844 514 2903 circuitu
529 2840 574 2903 ct
589 2841 618 2903 Μ
634 2860 711 2921 pass.
743 2846 875 2903 civitates
890 2844 977 2905 hahet
993 2844 1170 2922 lamnonem,

135 2926 355 3000 TSSanieeram,
371 2925 531 3003 Magonem.
561 2926 588 2986 A
604 2928 714 2987 maiore
729 2925 783 2987 Xll
797 2926 827 2986 Μ
841 2946 919 3006 pass.
937 2929 967 2987 in
983 2929 1069 2989 altum
1085 2930 1173 2989 abest
1199 2944 1203 2955 ·

179 3006 317 3085 Capraria
332 3010 467 3071 insidiosa
478 3009 644 3087 naufragiis,
660 3018 690 3069 et
705 3030 723 3070 e
737 3012 858 3087 regione
871 3010 985 3073 Palmae
999 3012 1080 3072 urhis
1090 3011 1170 3071 llae-

177 3091 275 3151 nariae
287 3110 321 3152 ac
334 3091 476 3170 Tiquadra
488 3102 517 3154 et
528 3112 615 3171 parva
627 3093 801 3155 Hannibalis.
827 3093 918 3154 Ehusi
931 3104 1010 3156 terra
1024 3095 1172 3174 serpentis

177 3174 273 3251 lugat,
296 3172 484 3237 Colubrariae
500 3179 591 3255 parit,
617 3178 685 3237 ideo
700 3178 803 3238 infesta
820 3178 950 3239 omnihus
966 3178 1172 3240 nisirEhusita·
1182 3192 1210 3233 aa

178 3275 243 3317 nam
258 3267 362 3317 terram
377 3258 574 3320 inferentibus.
601 3259 705 3321 Graeci
720 3260 891 3339 Ophiussam
905 3263 1017 3323 dixere.
1042 3280 1098 3321 nec
1119 3279 1171 3319 cu·

137 3348 171 3405 79
180 3340 290 3400 miculos
301 3340 415 3399 Ebusus
427 3343 517 3419 gignit
532 3344 697 3424 populantis
707 3344 858 3405 Baliarium
871 3348 986 3405 messis.
1011 3345 1082 3403 Sunt
1092 3342 1172 3405 aliae

178 3422 233 3485 XX
247 3423 338 3487 ierme
355 3442 461 3503 parvae
478 3429 548 3489 mari
565 3428 686 3494 vadoso,
704 3427 814 3489 Galliae
830 3439 925 3510 antem
935 3445 987 3487 ora
997 3428 1025 3487 in
1035 3426 1173 3488 Rhodani
