2542 3842
241 117 244 133 .
277 14 403 147 ,rsty

376 177 457 225 nnn.
475 176 566 225 msr.
582 176 618 224 11.
645 172 731 228 7-8.
750 162 865 248 (5-6.)
1089 164 1129 226 69

137 333 234 395 talium
284 331 312 391 la
323 340 471 409 utramque
487 331 621 410 paginam
634 330 714 406 lacit,
731 330 863 411 adeoque
878 331 1022 393 obnoxiae
1033 349 1129 392 sumus

138 418 240 493 sortis,
258 434 276 481 u
303 432 368 474 sors
385 416 447 499 ipsa
464 415 592 493 prodeo
609 417 661 491 sit,
679 432 735 493 qua
751 415 823 474 deus
837 416 975 493 probatur
990 418 1127 476 incertus.
1232 488 1237 497 .

137 502 207 563 Pars
227 500 284 560 alia
306 518 322 558 e
374 516 427 560 ano
450 516 488 577 pe
513 507 534 557 rt
553 508 691 578 astroque
713 514 766 557 suo
787 507 908 560 eventus
928 501 1060 577 adsignat
1079 518 1171 573 noega
1239 501 1243 506 ”

138 584 238 645 scendi
255 582 385 660 legibus,
408 583 557 662 semelque
578 583 606 641 iu
624 583 715 641 omnis
731 581 842 642 loturos
858 600 988 662 umquam
1005 586 1062 645 deo
1078 585 1128 646 de·

117 677 264 742 scretum,
290 668 319 726 iu
336 666 479 745 reliquom
499 683 572 725 vero
590 668 677 725 otium
697 666 789 726 datnr.
821 666 935 728 Sedere
951 670 1048 746 coepit
1062 685 1128 728 sen·

136 754 224 813 tentia
239 753 330 827 haec,
353 752 520 829 pariterque
548 758 578 809 et
603 751 743 810 eruditum
756 749 861 826 volgus
878 759 907 809 et
927 751 998 810 rude
1019 753 1130 812 ineam

137 848 223 898 cursu
237 834 325 894 radit.
355 832 436 893 Ecce
452 833 594 911 fulgurum
610 834 749 908 monitus,
777 834 958 894 oraculorum
972 837 1127 913 praescita,
1137 842 1172 897 al

137 919 320 998 haruspicum
341 918 505 996 praedicta,
530 926 615 996 atque
639 919 723 978 etiam
746 935 835 996 parra
856 918 932 979 dictu
948 920 976 976 in
993 919 1130 996 auguriis,

139 1010 331 1063 sternumenta
353 1010 382 1061 et
402 1001 580 1060 offensiones
599 1002 715 1079 pedum.
746 1002 830 1061 divos
843 1000 991 1079 Augustus
1005 1001 1132 1081 prodidit

105 1098 130 1141 ¹0
138 1088 251 1149 laevom
269 1085 325 1144 sibi
342 1085 471 1146 calceum
488 1095 679 1164 praepostere
694 1084 837 1144 inductum
853 1103 910 1165 quo
926 1086 972 1145 die
988 1086 1130 1146 seditione

136 1170 251 1231 militari
267 1187 359 1247 prope
375 1168 506 1229 addictus
524 1176 577 1227 cst.
610 1166 692 1241 Quae
709 1168 820 1244 singula
834 1169 1012 1247 inprovidam
1026 1176 1172 1230 morta-25

137 1256 245 1315 litatem
261 1253 418 1329 involvont,
436 1251 528 1313 solum
543 1260 573 1311 ut
589 1252 664 1311 iuter
678 1252 732 1311 ista
745 1252 794 1311 vel
812 1260 920 1311 certum
933 1252 969 1312 sit
979 1252 1048 1312 nibil
1063 1271 1131 1311 esse

138 1340 211 1399 certi
226 1355 283 1397 neo
304 1337 368 1415 quio
391 1353 456 1395 uam
476 1335 608 1395 miserius
623 1334 737 1395 bomine
757 1342 804 1395 aut
821 1334 984 1413 superbius.
1016 1333 1131 1395 Ceteris

138 1422 247 1502 quippe
263 1421 414 1479 animantia
458 1488 461 1492 ,
546 1406 809 1495 ιιοιῖῖὸῑιῖῆιι,
837 1437 866 1478 ιιι
887 1436 945 1498 quo
963 1428 1067 1499 sponte
1082 1438 1130 1480 na·

105 1525 130 1567 ιι
138 1516 219 1568 turae
235 1504 397 1581 benignitas
413 1503 528 1579 suflicit,
544 1520 601 1562 uuo
618 1502 733 1581 quidem
748 1502 797 1562 uel
812 1503 1005 1581 praeferenda
1020 1506 1131 1563 cunctis

137 1589 237 1665 bouis,
262 1587 340 1667 quod
355 1588 392 1647 de
406 1588 516 1664 gloria,
533 1587 570 1648 de
586 1588 725 1665 pecunia,
741 1586 913 1662 ambitione,
930 1604 1076 1666 superque
1094 1588 1130 1647 de

137 1682 230 1733 morte
246 1689 305 1730 non
321 1671 456 1748 cogitant.
486 1670 594 1730 Verum
614 1672 643 1729 in
666 1670 711 1729 bis
727 1670 800 1731 deos
820 1688 910 1748 agere
927 1688 1024 1730 curam
1036 1675 1173 1731 rerumtt

136 1756 321 1817 humanarum
338 1755 419 1815 credi
435 1773 472 1814 ex
489 1773 541 1814 usu
556 1756 632 1815 vitae
650 1761 711 1829 est,
731 1771 901 1834 poenasque
915 1754 1065 1815 malellciis
1080 1756 1131 1814 ali·

139 1840 253 1919 quando
276 1856 359 1899 seras
376 1847 518 1917 occupato
541 1839 596 1899 deo
613 1839 642 1897 in
658 1846 734 1898 tanta
754 1838 850 1914 mole,
872 1856 1022 1917 numquam
1037 1847 1132 1899 autem

103 1926 237 1984 sciuritas
252 1942 336 1998 esse,
353 1940 408 1982 uec
423 1922 492 1981 ideo
507 1939 675 2001 proxumum
690 1922 732 1982 illi
748 1923 874 2000 genitum
889 1921 1031 1983 homiuem
1045 1932 1076 1982 ut
1089 1925 1130 1982 vi·

138 2008 219 2069 litate
232 2009 310 2067 iuxta
328 2006 430 2067 beluas
446 2015 534 2065 esset.
559 1999 747 2084 inperfectae
762 2024 834 2065 vero
849 2007 878 2064 in
889 2005 1003 2067 bomine
1015 2009 1173 2067 naturaebt

137 2092 295 2171 praecipua
309 2090 425 2166 solatia,
443 2109 478 2149 ne
494 2091 578 2150 deum
593 2090 709 2169 quidem
723 2106 812 2168 posse
828 2090 932 2165 omnia,
948 2124 991 2138 —
1009 2108 1131 2168 namque

139 2191 197 2234 uec
219 2174 274 2233 sibi
294 2181 392 2251 potest
411 2181 532 2235 mortem
553 2174 757 2245 consciscere,
779 2173 803 2229 si
822 2171 908 2245 velit,
931 2171 1008 2247 quod
1026 2170 1133 2229 bomini

140 2256 222 2318 dedit
238 2265 380 2335 optumum
397 2259 426 2317 iu
442 2258 527 2317 tantis
542 2256 618 2315 vitae
644 2254 763 2331 poenis,
789 2270 845 2312 nec
866 2252 995 2313 mortalis
1009 2255 1145 2319 aeternis

101 2349 200 2404 astate
217 2341 324 2402 donare
346 2350 393 2401 aut
414 2358 556 2401 revocare
572 2338 742 2413 defunctos,
764 2355 819 2397 nec
833 2336 933 2397 lacere
953 2345 984 2396 ut
999 2337 1047 2415 qul
1063 2336 1135 2395 vixit

138 2419 198 2485 nori
211 2426 332 2501 vixerit,
359 2426 407 2504 qui
422 2424 549 2484 honores
563 2424 657 2501 gessit
673 2438 730 2481 uon
744 2422 887 2498 gesserit,
903 2453 945 2469 -ι
967 2421 1133 2500 nullumque

138 2508 249 2570 habere
270 2510 300 2567 iu
322 2510 478 2587 praeterita
502 2508 545 2568 ius
566 2516 770 2586 praeterquam
787 2505 957 2583 oblivionis,
979 2516 1065 2585 atque
1087 2506 1134 2583 (ut

138 2593 244 2653 lucetis
258 2609 373 2672 quoque
390 2594 563 2669 argumentis
581 2592 707 2651 societas
722 2590 795 2651 haec
813 2608 876 2649 cum
892 2588 949 2650 deo
965 2590 1132 2669 copuletur)

139 2685 170 2737 ut
185 2675 232 2735 bis
253 2676 328 2736 dena
348 2677 448 2753 viginti
472 2691 529 2735 non
549 2676 604 2735 sint
624 2684 672 2735 aut
686 2674 773 2734 multa
794 2673 927 2733 similiter.
940 2674 1060 2732 eilicere
1075 2690 1134 2732 uon

104 2776 246 2840 coposse,
268 2777 324 2838 per
339 2777 413 2839 quae
430 2760 593 2820 declaratur
606 2758 674 2819 baut
689 2757 776 2820 dubie
791 2766 909 2817 naturae
926 2757 1070 2833 potentia,
1090 2756 1133 2815 id·

94 2894 99 2910 ,
139 2862 197 2923 que
213 2844 377 2922 esse-quod
395 2842 479 2903 deum
495 2860 644 2902 vocemus.
674 2840 706 2901 lu
720 2842 795 2902 liaeo
809 2840 962 2901 divertisse
976 2855 1034 2897 non
1048 2838 1134 2897 luerit

139 2926 276 3001 alienum,
291 2927 409 3003 volgata
424 2936 546 3005 propter
562 2925 709 2985 adsiduam
725 2924 922 3003 quaestionem
937 2922 974 2980 de
990 2921 1056 2981 deo.

202 3008 230 3071 8.
250 3009 314 3089 (6.)
332 3009 405 3069 lliuc
424 3010 577 3071 redeamus
593 3008 628 3069 ad
643 3007 755 3086 reliqua
771 3015 899 3066 naturae.
925 3005 1044 3083 Sidera,
1061 3012 1176 3084 quacbss
1208 3010 1232 3065 ‘a

139 3092 235 3155 adfixa
250 3094 374 3154 diximus
387 3094 509 3170 mundo,
530 3110 588 3152 nou
603 3092 668 3165 illa,
686 3100 716 3149 ut
731 3091 881 3149 existumat
895 3089 1015 3167 uolgus,
1038 3091 1175 3168 singu-n·

105 3189 131 3231 as
139 3176 177 3237 lis
198 3176 334 3238 attributa
356 3177 516 3257 uobis,3et
537 3175 615 3236 clara
637 3173 787 3248 divitibus,
812 3174 921 3235 minora
946 3173 1133 3253 pauperibus,

139 3260 269 3321 obscura
285 3259 427 3336 deiectis,
445 3264 481 3319 ac
495 3277 548 3337 pro
565 3266 644 3318 sorte
660 3258 797 3335 cuiusque
813 3258 938 3318 lucentia
952 3258 1135 3317 adnumerata

138 3342 322 3420 mortalibus,
341 3360 397 3402 neo
413 3361 476 3403 eum
492 3359 543 3402 suo
560 3360 692 3421 quaeque
707 3340 820 3401 bomine
836 3351 898 3403 orta
914 3343 1070 3400 moriuntur
1080 3357 1136 3399 occ

140 3427 270 3509 aliquem
292 3428 438 3506 exstingui
461 3425 583 3487 decidua
604 3426 773 3503 significant.
805 3424 871 3486 Non
891 3432 968 3485 tanta
989 3422 1072 3483 caelo
1089 3433 1176 3488 sose
