2542 3842
152 161 192 221 70
537 171 632 219 eurem
653 170 802 228 saeuum

152 332 242 388 cietas
263 326 413 391 nobiscum
434 334 479 387 est
502 334 532 387 ut
556 336 656 388 nostro
678 327 739 386 lato
759 324 888 385 mortalis
909 324 947 383 sit
966 323 1006 385 ibi
1028 344 1145 408 quoque

152 412 277 473 siderum
299 411 405 487 fulgor.
437 410 486 470 illa
506 413 593 471 nimio
614 411 749 470 alimento
774 410 858 469 tracti
873 411 986 469 umoris
1010 411 1097 488 ignea
1116 414 1145 472 vi

150 496 351 558 abundantiam
362 494 495 572 reddunt,
511 513 574 556 cum
586 495 725 555 decidere
741 494 904 554 creduntur.
921 494 997 571 apud
1009 512 1062 554 nos
1074 512 1144 574 quo·

151 597 207 662 que
235 579 264 639 id
292 577 445 639 luminibus
472 580 606 639 accensis
626 578 742 657 liquore
764 578 824 637 olei
846 586 977 636 notamus
999 580 1144 639 accidere.

108 665 285 731 ascetarum
300 672 418 723 aeterna
434 662 611 721 caelestibus
628 670 673 720 est
688 670 788 722 natura
803 660 997 721 intexentibus
1013 664 1170 724 mundums

149 752 318 826 intextuque
336 747 498 821 concretis,
520 744 648 823 potentia
670 753 765 805 autem
786 745 823 805 ad
846 752 952 805 terram
968 763 1146 825 magnopere

153 850 252 893 eorum
279 832 445 910 pertinens,
476 846 551 906 quae
577 835 701 905 propter
725 828 849 887 effectus
878 827 1096 908 claritatemque
1118 839 1146 890 et

109 917 184 1003 ¹22⁰
194 913 415 993 magnitudinem
429 912 458 969 in
471 919 548 970 tanta
561 909 717 971 subtilitate
730 912 814 969 nosci
825 920 989 988 potuerunt,
1007 915 1081 973 sicut
1093 930 1145 974 suo

151 996 408 1062 demonstrabimus
423 994 500 1053 loco.
531 992 711 1054 circulorum
728 1012 845 1073 quoque
862 993 936 1054 caeli
953 997 1026 1056 ratio
1044 999 1073 1056 in
1087 1008 1144 1058 ter·

108 1084 171 1171 ‘gfff
194 1100 244 1143 rae
260 1081 403 1139 mentione
420 1079 513 1157 aptius
529 1078 657 1154 dicetur,
675 1079 789 1157 quaudo
804 1078 840 1138 ad
856 1095 919 1138 eam
933 1087 993 1140 tota
1009 1083 1182 1159 pertinet,·1o

108 1178 142 1232 31
150 1166 281 1245 signiferi
303 1164 389 1224 modo
407 1162 618 1222 inventionibus
640 1178 698 1221 non
719 1163 824 1223 dilatis.
856 1162 1062 1243 Obliquitatem
1084 1167 1147 1226 eius

150 1250 348 1325 intellexisse,
374 1247 431 1307 boc
458 1256 503 1307 est
527 1264 623 1307 rerum
648 1246 721 1306 foris
745 1247 912 1325 aperuisse,
935 1248 1147 1310 Anaximander

150 1335 281 1396 lllilesius
304 1333 423 1392 traditur
443 1333 551 1410 primus
574 1329 745 1411 Olympiade
771 1331 1007 1409 quinquagesima
1032 1342 1145 1407 octava,

151 1422 234 1496 signa
249 1415 355 1476 deiude
372 1416 399 1473 in
415 1432 451 1474 eo
468 1414 668 1490 Cleostratus,
689 1424 718 1474 et
734 1416 825 1492 prima
841 1416 940 1473 arietis
955 1433 989 1474 ac
1005 1417 1145 1493 sagittari,
1177 1450 1185 1457 ·

152 1502 304 1582 sphaeram
319 1499 412 1576 ipsam
428 1508 494 1558 ante
510 1498 598 1557 multo
613 1498 708 1559 Atlas.
730 1498 813 1557 Nunc
827 1498 930 1557 relicto
946 1501 1041 1560 mundi
1057 1500 1147 1577 ipsius
1155 1515 1181 1557 rs

110 1598 143 1652 32
152 1592 279 1664 corpore
296 1583 409 1661 reliqua
423 1582 497 1643 inter
512 1580 623 1642 caelum
641 1590 794 1660 terrasque
808 1589 975 1641 tractentur.
1001 1583 1146 1642 Summum

152 1687 218 1730 esse
242 1667 319 1745 quod
335 1674 440 1726 vocant
455 1666 567 1725 Saturni
588 1667 669 1729 sidus
691 1666 817 1744 ideoque
838 1666 988 1724 minumum
1008 1666 1100 1726 videri
1116 1673 1147 1725 et
1201 1723 1208 1731 ,

150 1768 282 1814 maxumo
298 1749 406 1809 ambire
423 1750 532 1810 circulo
545 1768 579 1809 ac
591 1751 739 1810 tricesimo
752 1767 826 1809 anno
839 1750 875 1809 ad
885 1749 1055 1810 brevissima
1067 1749 1146 1812 sedis

152 1854 221 1897 suae
235 1834 377 1913 principia
393 1834 512 1911 regredi
530 1843 640 1895 certum
656 1843 725 1909 est,
748 1834 870 1893 omnium
887 1843 981 1893 autem
993 1835 1146 1895 errantium

152 1921 277 1980 siderum
288 1926 409 1993 meatus,
425 1919 557 1997 interque
572 1936 606 1978 ea
619 1918 692 1977 solis
701 1926 731 1977 et
740 1918 835 1993 lunae,
853 1920 1027 1979 contrarium
1039 1918 1181 1979 muudoeo

152 2021 242 2081 agere
258 2017 386 2078 cursum,
409 2002 437 2062 id
460 2011 504 2062 est
525 2002 639 2063 laevom
654 1999 705 2060 illo
721 2019 838 2079 semper
852 2002 881 2059 in
896 2002 1044 2062 dexteram
1062 2020 1145 2080 prae·

110 2089 239 2167 escipiti.
270 2085 306 2149 Et
330 2086 459 2165 quamvis
480 2087 598 2148 adsidua
616 2088 808 2146 conversione
825 2085 972 2147 inmensae
988 2086 1146 2147 celeritatis

134 2172 317 2235 xattollantur
338 2170 373 2231 ab
396 2187 434 2231 eo
454 2172 658 2251 rapianturque
680 2172 709 2230 in
734 2188 886 2247 occasum,
902 2171 1037 2233 adverso
1052 2180 1147 2231 tamen

151 2262 195 2318 ire
210 2266 288 2317 motu
303 2273 357 2335 per
372 2272 441 2315 suos
459 2274 592 2335 quaeque
608 2273 722 2334 passus.
758 2257 797 2315 ita
814 2255 892 2330 lieri,
916 2274 953 2315 ne
976 2256 1147 2316 convolutus

152 2358 205 2401 aer
220 2340 342 2399 eandem
359 2340 388 2396 iu
406 2349 517 2415 partem
532 2348 651 2397 aeterua
665 2340 760 2399 mundi
777 2339 918 2413 vertigine
935 2338 1040 2414 ignavo
1055 2336 1181 2411 globoso

152 2430 284 2499 torpeat,
306 2418 358 2478 sed
375 2420 508 2477 tundatur
529 2419 653 2477 adverso
675 2421 801 2500 siderum
817 2420 943 2478 verbere
959 2421 1102 2478 discretus
1117 2426 1147 2476 et

111 2505 292 2580 34digestus.
326 2500 438 2559 Saturni
452 2508 546 2559 autem
561 2499 640 2557 sidus
657 2499 774 2574 gelidae
791 2517 826 2559 ac
845 2501 965 2575 rigentis
981 2518 1049 2559 esse
1065 2510 1144 2561 natu·

153 2604 215 2660 rae,
231 2584 405 2660 multumque
424 2600 461 2641 ex
477 2599 513 2641 eo
528 2580 695 2641 inferiorem
710 2581 788 2642 lovis
799 2582 937 2648 circulum
949 2592 979 2643 et
989 2584 1056 2644 ideo
1067 2593 1146 2643 motu

153 2668 290 2730 celeriori
314 2665 454 2729 duodenis
478 2666 634 2743 circumagi
657 2666 747 2726 anuis.
780 2666 906 2727 Tertium
924 2665 1041 2744 Martis,
1068 2668 1146 2748 quod

153 2754 266 2833 quidam
283 2750 415 2812 Herculis
430 2758 551 2825 vocant,
575 2751 662 2826 ignea
677 2749 804 2811 ardentis
820 2750 891 2810 solis
906 2751 1050 2813 vicinitate
1071 2752 1145 2811 binis
1154 2772 1180 2816 so

152 2839 217 2899 iere
238 2838 318 2898 annis
343 2837 488 2911 converti,
515 2835 641 2914 ideoque
661 2834 744 2895 huius
766 2835 873 2895 ardore
894 2836 980 2894 nimio
1002 2846 1032 2895 ct
1046 2837 1145 2913 rigore

153 2923 266 2982 Saturni
283 2921 461 2981 interiectum
476 2916 616 2979 ambobus
630 2938 670 2979 ex
682 2928 805 2999 utroque
821 2919 976 2998 temperari
989 2917 1089 2980 lovem
1099 2939 1145 2982 sa·

112 3005 332 3083 telluremque
348 3005 421 3065 lieri.
453 3002 565 3065 Deinde
582 3003 653 3063 solis
670 3012 794 3063 meatum
812 3021 878 3063 esse
895 3005 1017 3082 partium
1030 3004 1145 3084 quidem

155 3096 349 3149 trecentarum
359 3089 519 3165 sexaginta,
536 3087 588 3147 sed
604 3096 633 3146 ut
647 3087 814 3147 observatio
825 3086 988 3147 umbrarum
1003 3090 1066 3148 cius
1076 3089 1143 3150 red·

155 3181 202 3232 eat
217 3171 253 3232 ad
268 3180 350 3231 notas
372 3174 474 3250 quinos
493 3172 574 3231 annis
591 3172 655 3233 dies
675 3172 750 3231 adici
771 3188 917 3250 superque
934 3182 1061 3250 quartam
1078 3164 1178 3251 par-‘ac

154 3266 212 3316 tem
224 3256 291 3316 diei.
315 3272 399 3333 quam
415 3254 452 3313 ob
469 3273 583 3315 causam
600 3256 697 3333 quinto
713 3272 786 3315 anuo
802 3273 874 3315 unns
889 3256 1067 3316 intercalaris
1079 3257 1143 3314 dies

111 3340 275 3414 ooadditur,
291 3346 320 3397 ut
334 3347 493 3416 temporum
508 3342 579 3399 ratio
596 3339 666 3398 solis
681 3340 775 3398 itineri
791 3349 938 3416 congruat.
961 3339 1036 3399 lutra
1050 3336 1142 3395 solem

153 3422 240 3482 ambit
254 3422 356 3499 ingens
371 3423 449 3483 sidus
465 3422 639 3501 appellatum
653 3421 788 3500 Veneris,
803 3422 915 3483 alterno
929 3430 1023 3481 meatu
1037 3437 1142 3498 vagum
