2542 3842
191 146 250 209 112
563 158 594 209 c.
613 162 710 209 numu
725 160 875 210 succum

189 313 316 375 dicamus
331 312 551 394 quamscelera
568 323 697 375 naturae.
724 323 770 390 et,
792 314 939 388 Hercule,
967 330 1025 373 non
1046 314 1185 375 caelestia
1261 311 1262 394 f

146 402 198 459 aot
210 408 343 458 enarratu
361 398 523 459 difficiliora
538 398 653 475 iuepint.
671 398 853 459 metallorum
869 397 1016 475 opulentia
1028 406 1085 457 tam
1096 401 1185 473 varia,

184 481 358 558 teredines,
376 491 432 543 tam
447 482 587 557 fecunda,
605 491 650 541 tot
664 481 790 559 sacculis
807 480 976 555 suboriens,
1001 499 1064 540 cum
1080 490 1186 542 tanturn

189 566 296 625 cotidie
314 565 386 626 orbe
404 574 465 626 toto
483 566 659 645 populentur
673 568 773 642 ignes,
790 566 905 638 ruinae,
920 564 1079 641 naufragia,
1096 564 1185 640 bella,

188 647 317 725 fraudes,
335 658 442 709 tanturn
457 666 528 709 vero
544 650 658 709 luuntria
675 658 704 711 ct
719 656 762 709 to't
776 647 914 707 mortales
929 656 1089 723 conterant,
1105 666 1208 725 gem-5

188 748 297 791 marum
312 734 423 811 pictura
441 742 503 791 tam
513 732 683 809 multiplex,
700 733 826 809 lapidum
842 740 899 791 tam
913 731 1080 791 discolores
1091 750 1187 791 macu-

189 813 246 889 lae,
264 816 396 893 interque
413 832 466 875 eos
483 814 592 874 candor
609 814 730 874 alicuius
741 823 861 891 praeter
873 815 968 874 lucem
982 816 1076 873 omnia
1088 815 1187 874 exclu-

188 897 270 973 dens,
287 900 492 958 medicatorum
507 897 626 956 fontium
642 899 701 972 vis,
723 899 831 974 ignium
855 906 898 956 tot
918 897 992 956 locis
1008 898 1189 957 emicantium

188 991 329 1059 perpetua
348 989 390 1040 tot
404 980 529 1040 sacculis
546 981 690 1055 incendia,
707 982 823 1058 spiritus
835 980 940 1040 letales
950 979 1037 1040 aliubi
1048 989 1096 1039 aut
1107 998 1187 1039 scro·
1261 985 1262 996 ¹

105 1087 107 1093 ·
189 1063 274 1123 bibus
297 1065 395 1123 emissi
418 1073 465 1123 aut
486 1064 551 1141 ipso
575 1064 633 1123 loci
656 1066 711 1124 situ
734 1064 893 1138 mortiferi,
916 1063 1002 1124 aliubi
1017 1064 1222 1135 volucribusne

189 1155 305 1222 tantum,
323 1156 352 1221 ut
367 1149 488 1207 Soracte
505 1148 601 1207 vicino
618 1146 682 1207 urbi
697 1156 800 1222 tractu,
816 1148 906 1207 aliubi
917 1156 1035 1230 praeter
1045 1146 1188 1206 hominem
1261 1221 1262 1230 ἵ

146 1238 198 1293 208
210 1232 316 1291 ceteris
329 1231 526 1307 animantibus,
538 1249 749 1310 nonnumquam
760 1240 790 1290 et
801 1232 917 1305 homini,
930 1240 960 1289 ut
972 1232 1001 1289 in
1011 1231 1189 1290 Sinuessano
1261 1259 1263 1285 l

161 1390 164 1400 y
189 1332 261 1391 agro
278 1323 307 1374 et
324 1315 483 1375 Puteolano
499 1315 644 1394 spiracula
660 1324 781 1389 vocant,
807 1314 855 1373 alii
878 1312 1047 1387 Charonea,
1073 1313 1188 1373 scrobis
1261 1293 1263 1339 '

189 1398 367 1457 mortiferum
385 1400 514 1475 spiritum
538 1396 709 1458 exhalantis.
722 1400 805 1475 ,item
828 1398 857 1454 in
873 1396 999 1474 llirpinis
1020 1396 1188 1472 Ampsancti

190 1481 226 1540 ad
243 1478 376 1557 Mephitis
397 1482 499 1541 aedem
517 1480 611 1539 locum
628 1498 716 1557 quem
731 1481 780 1556 qui
794 1482 939 1538 intravere
955 1480 1131 1555 moriuntur,
1150 1480 1187 1538 si·
1200 1503 1225 1544 15

189 1563 248 1623 mili
265 1564 351 1623 modo
367 1562 516 1640 Hierapoli
532 1564 560 1620 in
576 1563 647 1621 Asia
661 1561 761 1621 blattis
777 1570 884 1621 tautum
898 1559 1020 1637 blagnae
1041 1564 1190 1623 sacerdoti

190 1648 345 1705 innoxium.
373 1646 461 1706 aliubi
483 1645 591 1705 fatidici
615 1662 738 1721 specus,
763 1662 884 1723 quorum
900 1643 1189 1705 exhalatione‘tenm·
1261 1660 1263 1775 p

174 1729 260 1788 ilenti
277 1728 370 1788 lutura
389 1729 566 1806 praecinant,
582 1736 613 1787 ut
627 1727 751 1805 Delphis
766 1727 945 1787 nobilissimo
962 1726 1091 1786 oraculo.
1118 1728 1189 1801 our-

190 1811 244 1870 bus
261 1812 289 1870 iu
304 1811 392 1871 rebus
407 1812 475 1890 quid
490 1812 584 1889 possit
597 1810 675 1870 aliud
692 1828 798 1871 causac
810 1810 925 1870 adferre
937 1809 1099 1869 mortalium
1110 1812 1189 1889 quis-

190 1895 266 1971 piam
288 1912 372 1972 quam
394 1895 515 1955 diffusae
538 1911 593 1971 per
617 1910 703 1953 omne
721 1903 840 1955 naturae
854 1892 975 1953 subinde
993 1892 1078 1952 aliter
1101 1902 1224 1973 atquem

191 1977 275 2037 aliter
289 1996 394 2037 numen
409 1976 582 2055 erumpens?

149 2068 201 2125 209
264 2060 314 2120 94.
340 2061 424 2139 (96.)
441 2060 589 2133 Quaedam
608 2076 680 2119 vcro
705 2068 802 2119 terrae
825 2059 861 2119 ad
882 2059 1032 2135 ingressus
1054 2068 1189 2135 tremunt,
1261 2077 1263 2118 t

192 2144 265 2203 sicut
286 2145 315 2202 in
330 2142 464 2204 Gaviensi
482 2160 552 2220 agro
573 2160 630 2203 nou
651 2142 754 2220 procul
773 2143 845 2202 urbe
862 2141 954 2202 Roma
974 2144 1075 2219 iugera
1090 2143 1190 2203 terme

192 2226 315 2287 ducenta
331 2228 515 2305 equitantium
532 2244 627 2301 cursu,
644 2226 776 2285 similiter
789 2228 817 2285 in
832 2224 965 2285 Reatino.
1261 2281 1263 2286 ,

255 2310 305 2370 95.
323 2308 470 2383 Quaedam
485 2310 596 2369 insulae
610 2327 726 2386 semper
737 2309 882 2383 fluctuant,
898 2310 972 2367 sicut
983 2310 1012 2367 in
1026 2325 1097 2384 agro
1111 2306 1189 2368 Cae·
1202 2325 1228 2364 m
1261 2310 1263 2317 '

194 2392 269 2466 cubo
289 2402 318 2451 et
333 2393 437 2451 eodem
452 2392 586 2466 Reatino,
603 2391 764 2463 blutiuensi,
781 2392 967 2465 Statoniensi,
983 2392 1012 2451 in
1022 2391 1192 2454 Vadimonis
1261 2405 1262 2460 ξ

193 2474 276 2549 lacu‘,
302 2476 338 2535 ad
359 2473 478 2533 Cutilias
500 2490 589 2549 aquas
613 2489 706 2548 opaca
729 2472 802 2531 silva
821 2489 896 2549 quae
917 2491 1069 2551 numquam
1091 2474 1139 2533 die
1156 2492 1193 2533 ac
1261 2485 1262 2532 t

194 2565 280 2616 nocte
297 2557 401 2616 eodem
417 2557 484 2616 loco
498 2556 609 2629 visitur,
626 2555 655 2613 in
670 2551 760 2627 Lydia
777 2571 850 2631 quae
866 2565 1006 2615 vocantur
1024 2554 1193 2616 Calaminae
1261 2577 1262 2620 1

173 2698 177 2703 .
194 2656 250 2697 ιιοιι
266 2640 359 2699 ventis
372 2639 463 2699 solum
475 2637 528 2696 sed
542 2638 627 2696 etiam
643 2638 736 2696 contis
752 2654 809 2715 quo
825 2637 918 2702 libeat
929 2638 1071 2716 inpulsae,
1087 2638 1193 2697 multo·
1261 2649 1262 2688 1

193 2738 265 2780 rum·
279 2722 381 2781 civium
396 2720 587 2782 Mithridatico
609 2718 691 2779 bello
712 2720 801 2779 salus.
836 2720 907 2780 Sunt
929 2730 958 2780 et
974 2724 1001 2779 iu
1018 2719 1229 2799 Nymphaeum
1261 2795 1262 2798 Ἴ

194 2820 319 2880 parvae,
343 2806 470 2865 Saliares
492 2803 603 2876 dictae,
628 2803 761 2880 quoniam
785 2804 813 2862 in
836 2803 1024 2880 symphoniae
1048 2813 1133 2863 cautu
1157 2806 1196 2865 ad
1261 2809 1262 2880 ᾗ

170 2888 268 2947 -ictus
293 2888 496 2947 modulantium
521 2884 626 2963 pedum
652 2895 812 2945 moventur.
844 2886 877 2944 ln
901 2886 1101 2963 Tarquiniensi
1126 2887 1196 2947 lacu

194 2986 297 3045 magno
312 2970 411 3030 ltaliae
428 2970 501 3029 duae
515 2985 633 3027 nemora
650 2969 864 3042 circumierunt,
882 2986 957 3027 nunc
973 2969 1145 3045 triquetram
1161 2970 1194 3029 li-

194 3046 293 3125 guram
308 3053 429 3111 edentes
444 3068 518 3111 nunc
533 3050 684 3110 rotundam
701 3050 848 3128 conplexu
861 3052 956 3109 ventis
969 3051 1194 3128 inpellentibus,
1261 3049 1262 3060 ’

195 3133 360 3210 quadratam
376 3152 535 3211 numquam.
1205 3158 1231 3199 a,
1261 3185 1262 3192 ,

153 3224 205 3275 210
265 3214 314 3273 96.
335 3214 417 3292 (97.)
435 3214 560 3274 Celebre
578 3213 674 3273 lanum
689 3212 1050 3292 habetVenerisl’aphos,
1070 3215 1196 3278 iucuius
1221 3281 1226 3293 ,

195 3296 336 3373 quandam
359 3312 435 3355 aram
458 3312 515 3355 non
540 3297 650 3375 inpluit.
679 3298 749 3355 item
771 3297 800 3354 iu
823 3295 902 3372 Nea,
925 3298 1034 3374 oppido
1057 3297 1197 3377 Troadis,
