2542 3842
177 159 236 224 192
516 172 665 222 o.rum1
687 169 836 224 suonam

175 336 206 388 et
226 323 343 386 easdem
365 322 457 400 giguit
477 324 626 384 animantis
646 323 805 402 iisdemque
824 321 1003 400 temporibus
1027 323 1168 399 augescit.

175 410 266 470 oritur
280 409 354 467 iuter
370 406 536 467 Tarraelios
550 405 712 484 Aethiopas
727 416 756 466 et
771 404 933 466 Oecalicas.
961 403 1068 471 llorum
1087 407 1169 485 oppi·
1256 433 1257 480 y

176 493 242 554 dum
261 489 386 568 llagium
409 490 524 568 quidam
546 488 748 550 solitudinibus
768 490 1016 567 interposuerunt,
1038 487 1171 550 Atlantas
1256 503 1257 508 ’

175 576 254 637 iuxta
269 591 339 650 eos,
362 572 530 650 Aegipanas
544 572 699 632 semiferos
714 580 743 632 et
756 571 918 647 Blemmyas
933 579 964 632 et
978 569 1170 648 Gamphasan-

176 667 222 718 tas
243 666 273 718 et
294 658 417 754 Satyros
438 664 468 716 et
487 655 723 732 llimantopodas.
766 655 898 716 Atlantes
921 654 1085 731 degeneres
1105 662 1194 715 sunts
1257 661 1258 674 *

134 740 288 803 adhumani
303 740 389 815 ritus,
412 738 438 797 sl
453 736 606 797 credimus.
634 754 699 796 nam
717 753 813 814 neque
828 737 969 796 nominum
983 736 1106 796 ullorum
1121 755 1171 815 ap·

176 823 296 905 pellatio
311 831 372 897 est,
393 829 423 880 et
438 819 531 880 solem
549 819 692 878 orientem
705 818 943 898 occidentemque
963 819 1048 881 dira'
1041 837 1172 897 inpreca·

176 908 255 968 tione
267 912 436 966 contuentur
452 911 482 961 ιι
496 901 666 962 exitialem
657 901 729 979 upsis
744 901 904 979 agrisque,
918 919 1013 978 neque
1028 904 1057 962 in
1071 919 1172 962 somno

175 991 270 1051 visunt
285 986 382 1066 qualia
394 984 500 1064 reliqui
512 984 660 1044 mortales.
694 983 881 1061 Trogodytae
898 1003 1005 1064 specus
1020 994 1171 1046 excavant.

176 1073 232 1133 hae
249 1071 307 1132 illis
322 1069 441 1144 domus,
465 1069 557 1128 rictus
572 1068 748 1146 serpentium
769 1085 888 1144 carnes,
910 1068 1092 1147 stridorque,
1114 1086 1172 1129 nou
1184 1089 1208 1130 ro
1259 1129 1260 1140 ,

176 1172 245 1215 uox.
281 1153 356 1214 adeo
379 1151 519 1212 sermonis
541 1152 707 1211 conmercia
727 1159 835 1212 carent.
875 1150 1062 1213 Garamantes
1076 1153 1171 1212 matri·

177 1238 336 1298 modiorum
351 1243 485 1295 exsortes
502 1236 609 1312 passim
624 1251 688 1294 cum
708 1233 821 1294 leminis
836 1236 953 1313 degunt.
991 1234 1115 1312 Augilas
1131 1235 1172 1294 iu·

177 1323 259 1382 ieros
280 1328 386 1379 tantum
403 1319 511 1379 colunt.
547 1316 773 1395 Gamphasantes
790 1319 857 1380 nudi
872 1317 1106 1397 proeliorumque
1121 1335 1172 1378 ex·

135 1413 279 1503 topertes
301 1401 370 1462 nulli
392 1411 514 1462 externo
534 1409 758 1478 congregantur.
791 1401 946 1477 Blemmyis
960 1402 1107 1464 traduntur
1125 1418 1173 1462 ca·

179 1489 239 1567 pita
261 1485 368 1546 ahesse
393 1500 446 1543 ore
467 1492 496 1542 et
519 1483 612 1542 oculis
632 1484 747 1560 pectori
767 1483 878 1546 adlisis.
921 1486 1033 1560 Satyris
1053 1493 1211 1564 praeteris

178 1571 299 1648 liguram
315 1567 384 1628 nihil
398 1566 486 1627 moris
500 1565 623 1627 humani.
661 1564 841 1644 Aegipanum
863 1567 957 1648 qualis
970 1568 1060 1645 uolgo
1079 1569 1173 1646 pingi·
1261 1593 1262 1606 ι

177 1663 223 1714 ιιι
239 1652 341 1712 formu.
373 1649 599 1726 Himantopodes
615 1649 765 1727 loripedes
780 1651 895 1730 puidam
912 1650 1015 1731 quihus
1027 1651 1173 1730 serpendo

177 1734 290 1811 ingredi
306 1741 405 1792 natura
419 1733 464 1791 sit.
494 1731 635 1808 Pharusii,
652 1733 794 1810 quondam
809 1734 928 1811 Persae,
946 1735 1066 1795 comites
1081 1734 1173 1795 fuisse

178 1819 309 1878 dicuntur
326 1813 460 1874 llerculis
480 1813 517 1875 ad
532 1812 712 1893 Hesperidas
734 1818 887 1879 tendentis.
929 1816 993 1880 Neo
1016 1818 1053 1880 de
1072 1817 1174 1878 Africa
1262 1817 1263 1846 ³

178 1899 262 1979 plura
277 1915 352 1976 quae
366 1905 561 1957 memorentur
578 1906 742 1959 occurrunt.

136 1988 171 2044 l'l
239 1980 270 2043 9.
290 1980 353 2060 (9.)
369 1979 518 2041 Adhaeret
531 1978 613 2057 Asia,
629 1998 714 2058 quam
728 1991 830 2060 patere
845 2001 861 2043 a
878 1981 1026 2044 Ganohico
1042 1983 1118 2044 ostio
1136 1983 1174 2044 ad
1263 1985 1264 2006 ¹

178 2064 260 2126 Ponti
275 2064 378 2124 ostium
392 2062 595 2125 Timosthenes
609 2067 705 2134 'x‘ffi
725 2064 848 2127 XXXIX
869 2065 898 2126 hl
917 2085 1051 2162 passu-um
1074 2067 1173 2142 tradit,

178 2148 216 2208 ah
233 2164 286 2207 ore
301 2155 396 2208 autem
414 2146 497 2207 Ponti
511 2147 547 2208 ad
565 2165 600 2208 os
615 2149 739 2212 llaeotis
756 2149 1035 2211 Eratosthenes*
980 2167 1041 2223 xv
1054 2149 1130 2210 XLV
1143 2148 1175 2210 Μ

179 2248 275 2309 pass,
296 2231 457 2291 universam
472 2245 544 2290 vero
559 2250 624 2293 oum
640 2235 777 2313 Aegypto
790 2233 826 2294 ad
843 2232 958 2294 Tanaim
972 2233 1174 2296 Artemidorus

181 2315 224 2392 {et
244 2312 492 2391 lsidorusl—
405 2331 494 2384 thtt
517 2312 666 2376 lxxvii
681 2334 759 2395 pass.
780 2314 870 2376 Maria
893 2317 955 2375 cius
975 2317 1133 2395 conplura
1135 2313 1213 2374 abac

11 2334 292 2471 wolin
307 2404 424 2456 traxere
438 2397 568 2471 nomina,
591 2415 683 2474 quare
697 2398 781 2458 simul
796 2395 1001 2458 indicabuntur.
1031 2399 1175 2460 Proxuma

180 2478 298 2538 Africae
313 2477 446 2536 incolitur
460 2477 628 2555 Aegyptus,
649 2480 788 2539 introrsus
805 2478 841 2538 ad
856 2479 1005 2540 meridiem
1018 2481 1174 2577 recedens,

181 2561 277 2621 donec
300 2577 317 2618 a
343 2567 429 2635 tergo
455 2558 683 2637 praetendantur
701 2560 872 2638 Aethiopes.
917 2559 1086 2622 Interiorem
1111 2563 1175 2622 eius

180 2649 291 2722 partem
307 2639 389 2701 Nilus
403 2644 523 2704 dextera
539 2641 680 2719 laevaque
697 2643 806 2704 diuisus
820 2641 956 2720 amplexu
972 2660 1024 2704 suo
1040 2644 1174 2705 determi-

180 2732 247 2801 nat,
266 2722 413 2785 Ganohico
429 2725 505 2784 ostio
520 2723 558 2784 ab
571 2723 688 2801 Africa,
707 2724 742 2786 ab
761 2724 832 2786 Asia
847 2725 1010 2802 Pelusiaco,
1027 2713 1129 2786 GLXX
1142 2725 1215 2786 lilao

181 2825 316 2888 passuum
336 2796 501 2868 intervallo.
538 2806 629 2880 Quam
650 2807 688 2868 oh
710 2825 824 2870 oausam
844 2809 919 2868 iuter
937 2791 1044 2870 insulas
1060 2811 1173 2889 quidam

181 2891 345 2969 Aegyptum
357 2891 503 2965 retulero,
523 2891 563 2951 ita
576 2908 610 2952 se
625 2891 750 2953 lindente
764 2891 831 2952 Nilo
848 2901 879 2952 ut
893 2891 1060 2971 triquetram
1075 2902 1172 2954 terrae

182 2974 301 3050 liguram
322 2974 438 3034 alliciat.
474 2973 601 3051 ideoque
629 2974 709 3035 multi
730 2974 861 3036 Graecae
887 2974 1000 3044 litterae
1027 2975 1172 3038 vocabulo

181 3055 267 3117 Delta
282 3056 472 3153 appellavere
486 3056 662 3133 Aegyptum.
692 3057 828 3118 lleusura
843 3057 879 3118 ah
895 3059 1001 3120 unitate
1017 3058 1104 3132 aluei,
1122 3076 1172 3117 un·

181 3139 218 3198 de
237 3156 270 3198 se
285 3139 405 3216 primum
420 3139 532 3199 lundit
523 3158 552 3198 ιι
570 3139 678 3218 latera,
702 3140 738 3201 ad
753 3137 929 3201 Ganohicnm
941 3125 1044 3202 ostium
1060 3101 1174 3200 cl'tnvl
1184 3152 1216 3196 as

182 3219 222 3294 Μ,
244 3220 280 3280 ad
302 3221 482 3280 Pelusiacum
503 3220 616 3284 clxvi
636 3222 666 3283 Μ
686 3231 740 3284 est.
781 3240 890 3284 summa
911 3242 979 3302 pars
997 3224 1173 3284 contermina

140 3307 174 3362 49
184 3301 356 3380 Aethiopiae
371 3301 508 3363 Thebais
505 3313 643 3364 ·.vooatur
678 3303 842 3368 Dividitur'
833 3323 862 3366 tn
876 3306 1075 3384 praelectores
1089 3306 1172 3383 oppi-

183 3386 283 3446 dorum
304 3403 376 3464 quas
394 3401 497 3445 nomos
516 3395 636 3448 vocant:
670 3385 816 3466 Omhiteu,
841 3389 1079 3468 Apollopoliten,
1101 3386 1172 3448 ller-
