2542 3842
161 152 220 215 120
434 160 435 169 ¹
528 142 841 217 c.runr1snccnn1

160 320 254 399 phaep
271 319 361 379 exite
377 328 460 398 petra
471 318 585 391 ¹flamma
600 338 675 398 quae
691 320 795 397 pluuiis
810 320 987 383 accenditur.
1005 320 1064 381 exit
1075 329 1105 381 et
1116 320 1153 383 ad

158 420 248 481 aquas
264 404 405 479 Scantias,
421 402 495 463 haec
510 404 624 481 quidem
638 404 772 479 ipvalida,
790 422 853 464 cum
868 406 978 480 transit,
994 422 1050 464 nec
1064 404 1150 481 longe
1237 440 1243 445 -

156 488 186 551 iu
211 487 265 546 alia
291 486 395 546 durans
415 488 544 546 materia.
570 487 646 545 viret
667 495 787 546 aeterno
810 486 885 547 huno
907 484 1016 548 iontem
1037 488 1151 564 igneum
1260 532 1262 571 ἰ

159 568 319 645 contegens
333 569 470 629 fraxinus.
490 570 548 627 exit
565 569 593 626 in
603 566 756 628 Mutinensi
771 587 841 647 agro
855 571 935 630 statis
946 571 1078 630 Volcano
1091 570 1168 629 die··
1260 609 1261 612 =

157 650 221 711 bus.
237 652 394 730 Reperitur
407 650 481 730 apud
493 660 628 711 auctores
641 652 780 712 subiectis
793 651 910 713 Ariciae
924 655 1011 728 arvis,
1024 654 1048 711 si
1061 652 1175 713 carbas
1260 661 1261 668 ’

158 734 313 811 deciderit,
332 736 435 795 ardere
451 744 571 807 terram,
595 734 623 791 ln
641 751 713 810 agro
728 735 835 795 Sabino
851 745 880 795 et
895 737 1022 796 Sidicino
1037 744 1152 795 unctum

156 815 281 895 flagrare
296 817 436 895 lapidem,
455 817 483 874 in
501 816 649 875 Salentino
666 817 775 893 oppido
794 817 917 893 Egnatia
932 820 1056 896 inposito
1072 819 1151 893 ligno
1260 877 1261 880 ,

155 901 184 958 in
200 918 298 960 saxum
312 900 454 979 quoddam
469 897 508 956 ibi
525 915 639 957 sacrum
654 900 781 976 protinus
797 898 935 961 llammam
953 902 1106 959 exsistere.
1122 900 1151 958 in
1260 927 1262 948 2

155 981 287 1041 Laciniae
299 981 414 1041 Iunonis
427 998 476 1041 ara
492 979 544 1039 sub
560 980 606 1040 dic
620 981 673 1040 sita
688 982 813 1041 cinerem
825 982 989 1043 inmobilem
1004 1001 1072 1042 esse
1084 1000 1150 1061 per·
1260 983 1261 1004 ³

112 1072 164 1127 241
177 1065 308 1127 dantibus
319 1066 443 1143 undique
455 1062 604 1142 procellis.
618 1064 685 1143 quin
697 1075 726 1124 et
737 1068 905 1143 repentinos
918 1067 1062 1125 exsistere
1076 1065 1185 1141 ignisne
1260 1114 1262 1139 ἶ

157 1156 185 1205 et
202 1148 230 1207 in
246 1150 329 1226 aquis
344 1158 372 1208 et
387 1150 417 1209 in
432 1146 605 1226 corporibus
626 1149 711 1207 etiam
730 1148 869 1210 humanis.
899 1149 1094 1215 Trasimenum
1109 1149 1150 1207 la·
1260 1148 1262 1262 J

156 1247 220 1289 cum
242 1232 349 1291 arsisse
370 1240 469 1292 totum.
504 1231 608 1313 Servio
632 1229 727 1291 Tullio
748 1232 900 1292 dormienti
919 1234 947 1291 in
969 1232 1090 1309 pueritia
1113 1247 1151 1289 ex
1260 1265 1262 1281 ι

56 1315 62 1319 ’
156 1316 250 1393 capite
266 1315 405 1375 llammam
418 1315 585 1383 emicuisse.
611 1312 643 1372 L.
656 1313 765 1395 Marcio
777 1316 807 1373 in
821 1315 957 1392 Hispania
972 1313 1151 1391 interemptis

156 1397 338 1475 Scipionibus
357 1397 538 1456 concionanti
555 1405 585 1455 ct
605 1397 711 1454 milites
725 1398 761 1456 ad
777 1398 913 1456 ultionem
929 1397 1090 1455 exhortanti
1106 1413 1151 1454 ar·

154 1479 228 1537 sisse
253 1479 336 1537 simili
357 1480 444 1537 modo
458 1478 592 1536 Valerius
609 1476 710 1535 Antias
732 1484 837 1541 narrat.
867 1479 951 1538 Plura
973 1477 1187 1538 moxetdl·1s

155 1562 293 1621 stinctius.
303 1564 386 1621 'nunc
403 1562 477 1621 enim
492 1558 613 1637 quadam
628 1559 861 1625 mixturarerum
876 1563 999 1620 omnium
1011 1559 1151 1619 exhiben-

153 1653 199 1702 tur
220 1646 366 1705 miracula.
395 1661 495 1703 verum
511 1648 632 1717 egressa
647 1658 729 1700 mens
743 1642 1010 1721 interpretationem
1031 1650 1151 1701 naturae

153 1725 269 1785 festinat
281 1726 436 1802 legentium
449 1727 557 1785 animos
567 1741 622 1801 per
633 1731 722 1783 totum
734 1724 834 1785 orbem
845 1726 925 1785 velut
935 1743 1018 1784 manu
1031 1726 1150 1785 ducere.
1260 1781 1262 1810 J

111 1817 163 1871 242
223 1808 290 1868 108.
308 1808 411 1886 (112.)
431 1808 499 1867 Pars
521 1814 618 1866 nostra
635 1814 791 1882 terrarum,
808 1808 844 1867 de
860 1826 916 1887 qua
931 1825 1075 1883 memoro,
1092 1825 1150 1867 am·
1260 1820 1262 1864 t

112 1891 242 1950 osbienti
267 1891 311 1967 (ut
333 1892 437 1949 dictum
460 1889 520 1965 est)
546 1905 658 1948 oceano
678 1890 757 1949 velut
777 1895 906 1951 innatans
928 1891 1096 1967 longissime
1114 1889 1150 1950 ab
1159 1908 1187 1949 ac

154 1982 217 2033 ortu
233 1973 271 2032 ad'
286 1990 421 2033 occasum
437 1979 534 2051 patet,
555 1970 613 2030 hoc
631 1981 676 2030 est
693 1972 729 2032 ah
745 1972 824 2032 India
839 1974 875 2034 ad
891 1973 1024 2033 Herculis
1042 1971 1151 2032 colum·
1260 2008 1262 2046 :

152 2074 205 2115 nas
222 2054 346 2115 Gadibus
362 2065 491 2116 sacratas
510 2055 636 2121 xjx—XXV.
653 2053 771 2115 LXVIII
785 2056 843 2115 mil.
861 2075 960 2134 pass,
983 2064 1013 2114 ut
1028 2052 1151 2113 Artemi·
1260 2077 1262 2134 J

154 2139 226 2198 doro
250 2140 359 2199 auctori
379 2141 492 2219 placet,
516 2148 546 2199 ut
562 2156 633 2199 vero
654 2138 785 2214 Isidoro,
808 2140 924 2215 XCV—111,
947 2148 977 2198 et
998 2136 1093 2197 XVIII
1110 2134 1149 2194 n.
1260 2137 1262 2218 ξ

152 2221 353 2283 Artemidorus
368 2224 455 2282 adicit
470 2222 589 2299 amplius
605 2240 621 2282 a
639 2220 764 2282 Gadibus
783 2222 903 2281 circuitu
918 2222 995 2281 sacri
1016 2235 1150 2298 promon·
1260 2221 1262 2289 l

152 2308 208 2364 tori
220 2306 256 2365 ad
269 2308 493 2383 promontorium
506 2304 670 2379 Artabrum,
689 2322 746 2383 quo
759 2304 927 2379 longissIme
940 2304 1019 2363 lrons
1030 2318 1185 2379 procur-au
1260 2298 1262 2306 ’

110 2396 163 2450 243
173 2396 216 2447 rat
230 2387 395 2464 hispanias,
414 2384 591 2444 DCCCXCI.
619 2386 652 2445 Id
667 2404 819 2445 mensurae
835 2388 923 2445 currit
937 2385 1045 2463 duplici
1057 2385 1115 2442 via.
1131 2389 1151 2441 'a
1260 2389 1262 2455 y

155 2468 253 2543 Gange
270 2486 351 2527 amne
368 2470 500 2543 ostioque
517 2467 578 2525 eius
594 2484 652 2544 quo
668 2486 701 2525 sc
725 2468 753 2525 iu
770 2464 863 2525 Eoum
878 2485 1017 2526 oceanum
1034 2464 1152 2525 eliundit
1260 2463 1262 2556 J

154 2568 209 2629 per
225 2549 331 2609 ludlam
347 2550 584 2626 Parthyenenque
606 2548 641 2607 ad
662 2547 854 2622 Myriandrum
875 2550 976 2610 urbem
998 2550 1100 2624 Syriae
1121 2548 1150 2603 iu

136 2633 244 2706 ,Issico
269 2632 330 2691 sinu
348 2634 469 2710 positam
489 2630 544 2697 ἰῇ,
561 2629 661 2691 XVII
678 2649 776 2709 pass,
793 2632 858 2691 inde
875 2650 1015 2710 proxuma
1032 2631 1149 2704 naviga·
1260 2675 1262 2708 :

153 2718 231 2775 tione
245 2714 369 2793 Cyprum
386 2714 516 2789 insulam,
529 2715 629 2774 Patara
640 2710 757 2788 Lyciae,
773 2712 916 2789 Rhodum,
929 2714 1147 2791 Astypalaeam,
1159 2730 1185 2772 cc
1260 2721 1262 2766 ῑ

153 2800 181 2858 in
194 2796 347 2876 Carpathio
359 2799 429 2857 mari
440 2796 558 2871 insulas,
573 2795 734 2857 Laconicae
747 2795 915 2872 Taenarum,
927 2798 1093 2872 Lilybaeum
1106 2794 1149 2851 Si·
1260 2829 1261 2836 κ

46 2896 48 2901 ·
154 2882 250 2956 cillae,
268 2880 395 2941 Caralim
407 2881 556 2941 SardIniae
570 2878 640 2945 ᾗ.
659 2878 699 2939 ΠΙ
712 2878 741 2938 Μ
757 2897 853 2957 pass,
871 2881 975 2940 deinde
994 2878 1080 2939 Gadis
1090 2877 1149 2941 ῇῑ.

153 2962 214 3022 LllI
229 2982 319 3040 pass,
336 2972 556 3042 quae'men‘sura
571 2965 705 3023 uniuersa
721 2961 756 3021 ab
772 2965 893 3025 comari
909 2962 998 3021 elficit
1018 2960 1148 3027 [iffi.

111 3056 164 3109 244
175 3044 411 3123 LXVIIIMpass.
432 3047 486 3106 alia
500 3048 557 3120 via,
572 3063 646 3124 quae
656 3044 872 3104 certioritinere
880 3052 996 3103 terreno
1006 3062 1148 3117 maxume,
1260 3105 1262 3112 ,

153 3136 233 3208 patet
254 3146 270 3187 a
287 3126 384 3202 Gange
403 3129 438 3186 ad
454 3128 620 3205 Euphraten
636 3144 747 3187 amnem
764 3129 805 3190 Π.
820 3125 966 3200 LXVIIII,
990 3127 1056 3186 iude
1076 3125 1150 3203 Cap·
1161 3138 1187 3179 ³⁵

153 3210 295 3290 padociae
307 3208 423 3269 Mazaca
443 3206 625 3269 CCCXVIIII
639 3208 679 3282 bl,
696 3208 762 3267 inde
778 3226 834 3287 per
847 3208 1008 3285 Phrygiam,
1027 3207 1150 3280 Cariam,

154 3292 301 3369 Ephesum
318 3288 471 3350 CCCCXV
485 3290 531 3364 Ill,
548 3291 584 3350 ah
602 3290 722 3369 Epheso
738 3308 792 3367 per
807 3289 939 3366 Aegeum
955 3291 1078 3367 pelagus
1092 3288 1150 3347 De·
1260 3309 1261 3312 ¹

155 3374 212 3435 lum
228 3372 293 3451 CC,
311 3374 444 3434 Isthmum
462 3372 573 3455 CCXII.
592 3372 634 3435 D..
655 3372 720 3433 inde
735 3381 812 3434 terra
830 3382 860 3434 et
873 3372 1018 3449 Alcyonio
1034 3370 1105 3432 mari
1122 3376 1152 3430 et
1260 3447 1261 3472 ,
