2542 3842
334 198 414 243 nun.
431 196 521 245 rausa.
536 197 595 243 vn.
607 192 726 273 ap—tu.
742 184 894 264 (ao-41.)
1073 185 1112 247 25

114 367 173 411 non
188 348 316 409 incendit
330 368 385 408 rex
399 348 563 409 Demetrius
579 359 761 427 expugnator
776 354 1007 428 cognominatus,
1024 371 1060 413 ne
1075 363 1115 413 ta·

115 434 211 493 bulanu
226 432 399 511 Protogenis
413 443 555 493 cremaret
569 451 586 492 a
602 442 685 511 parte
699 452 735 493 ea
752 436 823 494 muri
839 434 982 515 locatam„
1001 436 1098 496 Praxi·
1108 444 1166 502 lat
1185 435 1193 454 '

114 517 192 602 telas
205 532 348 577 marmore
364 516 530 577 nobilitatus
542 526 587 577 est
597 516 756 596 cnidiaque
769 518 885 577 Venere
896 521 1053 598 praecipue
1067 538 1115 581 ve·

114 618 185 661 sano
202 618 300 661 amore
317 601 462 661 cuiusdam
478 602 590 660 iuvenis
602 602 716 678 insigni,
733 602 826 661 sedet
840 600 1005 679 Nicomedis
1021 612 1115 665 aestu·

92 687 242 745 nmatione
267 686 349 763 regis
368 685 472 762 mandi
487 683 652 745 Cnidiorum
670 703 738 745 aere
755 686 850 745 alieno
867 696 1030 765 permutare
1051 702 1116 747 eam

115 771 220 829 cenati.
255 768 373 829 Phidiae
393 768 523 847 luppiter
539 767 689 846 Olympius
712 770 818 829 cotidie
835 771 1026 829 testimonium
1049 788 1114 849 per-

113 852 211 926 luibet,
235 850 357 912 llentcri
383 850 562 931 Capitolinus
581 862 611 912 et
633 852 725 913 Diana
750 852 875 931 Ephesi,
902 853 1004 930 quibus
1032 854 1114 914 luere

116 944 286 995 consecrata
301 938 372 995 artis
389 938 450 995 eius
465 954 543 995 rasa.

178 1019 226 1081 39.
248 1020 331 1098 (40.)
365 1020 489 1079 Pretium
506 1020 627 1079 hominis
644 1022 673 1079 in
695 1021 814 1081 servitio
833 1022 923 1097 geniti
939 1030 1158 1086 maxumumtiss

76 1118 105 1162 rc
114 1103 152 1163 ad
169 1103 242 1163 lano
257 1102 348 1178 diem,
371 1102 450 1181 qnod
466 1104 600 1181 equidem
620 1106 819 1181 conpererim,
838 1104 891 1163 iuit
911 1106 1113 1181 grammaticae

114 1188 185 1246 artis
205 1185 335 1263 llaplrni,
354 1186 438 1245 Natio
460 1186 632 1247 Pisaurense
646 1188 789 1247 vendente
808 1197 839 1246 et
856 1186 893 1247 ll.
911 1190 1024 1247 Scauro
1038 1191 1113 1266 prin·

114 1272 181 1348 cipe
196 1270 318 1330 civitatis
335 1270 384 1329 llr.
398 1282 467 1329 nco
488 1272 603 1331 licente.
625 1288 784 1331 excessere
799 1270 857 1330 lroc
876 1274 903 1330 in
917 1281 1016 1330 nostro
1029 1288 1113 1345 aevo,

113 1372 170 1414 nec
183 1354 308 1428 modice,
320 1354 467 1413 histrionis
479 1355 589 1414 reditus
599 1354 852 1426 libertatemxsuaur
863 1357 993 1428 mercati,
1006 1356 1112 1433 quippe
1177 1374 1184 1407 u

9 1440 17 1468 ⁸
114 1456 178 1497 cnm
192 1439 248 1497 iam
261 1439 336 1515 apud
350 1439 475 1497 maiores
485 1436 608 1513 Roscius
623 1438 725 1497 luistrio
736 1438 785 1497 tir.
803 1452 827 1499 D
840 1442 1097 1503 annuameritasse
1107 1447 1158 1501 129

78 1522 268 1599 caprcdatur,
291 1523 345 1580 nisi
366 1522 392 1579 si
406 1524 471 1600 quis
487 1524 514 1579 in
530 1522 586 1581 hcc
605 1523 673 1581 loco
696 1522 842 1583 desiderat
861 1523 1023 1581 Armeniaci
1044 1520 1115 1581 belli

114 1605 202 1683 paule
217 1614 282 1664 ante
299 1614 420 1683 propter
436 1605 580 1665 Tiridaten
595 1608 672 1682 gesti
684 1606 922 1683 dispensatorem,
936 1624 1021 1685 quem
1035 1604 1113 1664 Nero

113 1688 165 1750 lli.
189 1700 283 1748 cm
304 1690 472 1749 manumisit.
503 1690 555 1749 sed
576 1690 634 1749 lucc
656 1692 777 1767 pretium
799 1690 885 1765 belli,
904 1708 959 1749 nnn
981 1690 1113 1763 hominis,

113 1773 167 1831 luit
181 1780 254 1846 tam,
275 1772 434 1847 llercules,
452 1791 537 1851 quam
552 1772 694 1848 libidinis,
716 1790 772 1833 non
793 1775 919 1848 formae,
941 1772 1114 1835 Peccantem

52 1888 76 1931 g
114 1856 324 1934 espodcnllsss
344 1858 442 1917 Seiani
463 1856 514 1917 lll.
535 1871 560 1917 Ι)
583 1867 729 1921 mercante
756 1856 872 1917 Lutorio
890 1853 1014 1917 Prisco'
1032 1868 1115 1935 quam
1180 1890 1185 1899 -

76 1958 105 1999 cc
114 1940 228 2017 quidem
243 1941 370 1999 iniuriam
386 1940 530 2000 lucrifecit
540 1941 591 2001 ille
601 1951 745 2002 mercatus
759 1944 787 2001 in
800 1941 878 2001 luctu
893 1942 1025 2014 civitatis,
1043 1958 1113 2018 quo·

114 2022 191 2084 niam
206 2040 332 2100 arguere
347 2024 419 2083 nulli
435 2024 566 2084 vacabat.

176 2107 227 2167 40.
251 2108 335 2185 (41.)
370 2106 499 2166 Gentium
525 2109 554 2165 in
584 2117 646 2167 tcto
675 2106 745 2166 orbe
770 2106 1015 2184 praestantissima
1041 2124 1097 2167 una
1106 2115 1157 2170 130

114 2190 238 2251 smmum
266 2192 372 2249 uirtute
395 2190 462 2249 lant
485 2190 571 2249 dabie
598 2190 726 2249 Romana
753 2190 871 2249 exstitit.
908 2183 1043 2248 Felicitas
1067 2191 1113 2249 cui

115 2276 274 2353 praecipua
288 2274 375 2333 inerit
388 2273 494 2333 homini
508 2291 567 2333 nou
581 2283 626 2333 est
641 2272 753 2333 humani
768 2272 869 2348 iudici,
887 2288 950 2331 cum
964 2274 1112 2350 prosperi·

76 2367 203 2419 natatem
220 2352 311 2434 ipsam
326 2358 399 2417 alius
414 2357 474 2417 alio
488 2359 573 2417 medo
589 2369 618 2418 et
630 2366 735 2435 suopte
751 2358 867 2434 ingenio
878 2357 1001 2434 quisque
1017 2356 1111 2417 deter-

114 2445 211 2501 minet.
242 2443 266 2499 si
282 2458 381 2501 veram
396 2441 496 2501 iacere
519 2440 653 2501 iudicium
671 2442 803 2527 volumus
823 2458 858 2501 ae
873 2440 1022 2518 repudiata
1037 2440 1113 2501 omni

114 2525 247 2585 fortunae
272 2524 427 2585 ambitione
453 2524 631 2601 decernere,
661 2540 745 2585 neno
770 2524 930 2585 mortalium
957 2532 1001 2583 est
1030 2522 1111 2583 felix.

114 2607 230 2669 smine
247 2610 344 2685 agitur
368 2618 454 2686 atque
478 2608 661 2687 indulgenter
670 2610 693 2669 xa
709 2608 822 2669 iortuna
839 2608 982 2667 deciditur
997 2624 1061 2667 cuna
1075 2622 1111 2665 eo

113 2692 165 2769 qui
179 2692 241 2751 inre
257 2692 314 2751 dici
329 2709 388 2751 nen
402 2692 503 2753 infelix
517 2702 624 2770 potest.
651 2693 758 2771 quippe
771 2701 801 2753 ut
811 2691 866 2752 alia
880 2706 936 2749 non
952 2692 1017 2764 sint,
1031 2699 1112 2749 certe

75 2792 152 2835 acne
167 2774 310 2835 lassescat
323 2776 437 2837 domena
450 2785 543 2835 mans
558 2786 621 2851 est,
640 2793 698 2854 quc
716 2776 808 2835 semel
824 2781 945 2853 recepto
962 2773 1054 2832 solida
1070 2772 1112 2833 ie·

6 2840 14 2867 '
113 2859 209 2920 licitas
231 2874 289 2919 uon
306 2869 360 2919 est
391 2860 458 2938 quid
483 2860 561 2937 qued
581 2877 667 2919 nemo
684 2860 845 2919 mortalium
867 2855 998 2916 omnibns
1015 2854 1094 2915 lucris
1104 2864 1153 2921 131

112 2941 213 3020 sapit?
232 2944 395 3021 elisamque
413 2942 516 3003 troam
536 2942 594 3003 tce
615 2951 644 3001 et
663 2956 720 3005 nnn
734 2950 765 3001 ut
784 2960 801 3001 a
819 2950 885 2999 vate
903 2939 1009 3001 dictum
1029 2956 1111 3015 quam

112 3026 236 3103 plurumi
260 3026 400 3087 indicent!
437 3044 510 3086 vasa
532 3025 691 3087 mortalitas
711 3034 741 3085 et
766 3024 802 3085 ad
824 3022 1112 3083 circumscribendam

74 3103 1110 3275 2,alatinitatis‘atti-,litianifritilli.

113 3292 180 3334 nam
195 3277 292 3337 condit
310 3294 346 3336 ac
363 3294 500 3355 supremo
514 3276 560 3337 die
577 3285 730 3355 separatos
745 3276 904 3335 dinumerat
920 3282 1005 3352 atque
1021 3274 1059 3333 ita
1073 3270 1111 3331 de

113 3376 231 3439 qnoqm
248 3362 429 3439 pronunciat.
455 3360 616 3440 quidquod
632 3362 688 3420 iste
705 3358 808 3420 calculi
822 3358 949 3419 candore
965 3356 1016 3417 illc
1032 3356 1152 3417 lau-1³2

113 3442 198 3503 datum
212 3442 276 3512 dies
296 3444 437 3523 originem
456 3444 523 3503 mali
537 3442 656 3506 habult?
688 3460 771 3523 quam
792 3442 896 3503 multos
918 3446 1040 3518 accepta
1061 3436 1109 3499 atl-
