2542 3842
163 168 225 231 162
513 182 543 230 c.
562 183 658 232 unum
673 183 823 232 ssouuur

931 298 943 325 0
1074 293 1076 302 .

130 390 136 401 ,
160 346 286 413 struem,
307 336 383 400 aliae
405 336 534 415 poliunt,
559 335 633 397 aliae
649 348 825 415 suggerunt,
849 339 925 403 aliae
941 339 1037 402 citum
1050 358 1159 420 cospa-

159 430 221 483 rant
236 439 274 483 ex
289 438 325 481 eo
340 420 418 499 quod
435 420 559 484 adlatura
577 429 629 481 est.
661 424 848 499 nequeenim
867 424 1021 502 separatim
1035 442 1158 485 vescu-

159 514 219 582 tur‚
240 523 277 564 ue
296 505 485 584 inaequalitas
506 506 605 582 operis
628 513 657 564 et
672 504 729 564 cibi
750 505 845 568 liutet
862 508 1012 586 temporis·
1047 518 1160 570 struunt

159 606 245 651 orsae
261 607 279 649 a
294 588 543 652 concamaratione
562 587 638 663 alvi,
657 598 824 667 textumque
843 591 955 651 reluta
977 609 1083 655 summa
1098 592 1157 652 tela

63 732 70 745 ‚
159 672 319 749 deducunt,
334 671 468 735 limitibus
479 672 552 733 binis
564 674 641 731 circa
657 672 789 749 singulus
802 683 903 750 actus,
919 683 951 735 ut
964 674 1027 737 aliis
1041 677 1181 750 intrant,s

117 765 152 819 Ἠ
163 757 225 823 aliis
240 766 353 819 exeant.
386 756 444 815 iuvi
459 756 611 833 superiore
626 766 710 833 parte
723 757 826 832 adlixi,
843 768 873 819 ct
886 757 1003 836 paulum
1018 760 1103 822 etiam
1117 760 1156 820 la·

159 838 269 904 teribus
292 840 374 903 simul
395 838 516 902 haerent
542 848 571 899 et
598 840 725 917 pendent
750 859 813 901 uua.
850 840 946 903 alvom
969 860 1027 904 uon
1049 844 1155 903 conda·

159 933 245 1002 punt,
267 942 341 985 nuuc
362 922 488 1001 obliqua,
512 940 587 984 meuc
608 924 739 1000 rotundi,
761 918 884 1003 qualiter
904 928 1043 1005 poposcit
1063 928 1155 1002 alvos,

157 1008 312 1089 aliquando
329 1017 357 1067 et
371 1006 491 1069 duanam
502 1024 658 1085 generum,
675 1026 738 1071 cum
751 1008 809 1069 duo
821 1012 952 1073 examina
964 1009 1157 1071 concordibus

157 1090 274 1173 populis
285 1091 440 1153 dissimiles
453 1088 582 1154 habuere
598 1093 681 1152 ritus.
701 1094 822 1155 uacuus
833 1112 918 1153 ceras
932 1094 1069 1171 iulciunt,
1084 1093 1153 1173 pila·
1164 1117 1190 1159 rc

156 1194 217 1236 rum
232 1176 415 1253 intergerivis
433 1193 450 1234 a
465 1175 529 1234 solo
547 1173 713 1251 fornicatis,
732 1194 770 1237 ue
784 1178 860 1237 desit
873 1178 966 1240 aditus
977 1178 1014 1240 ad
1028 1180 1155 1240 sarcien-

114 1270 149 1324 Ἃ
160 1261 234 1324 dum.
264 1260 347 1339 primi
361 1258 425 1322 fere
442 1268 503 1322 tres
523 1276 626 1321 versus
641 1261 742 1324 inanes
757 1270 919 1338 sumuntur,
941 1280 979 1323 ue
993 1270 1154 1340 promptum

157 1344 193 1405 sit
205 1342 282 1423 quod
296 1342 396 1403 inritet
411 1343 561 1407 laromam
593 1344 742 1407 mussini
755 1362 887 1408 maxume
901 1346 1046 1425 inplentur
1055 1345 1154 1407 melle.

156 1428 223 1490 ideo
236 1445 339 1490 aversa
352 1426 418 1490 alvo
439 1426 679 1489 iavieximuntur.
706 1428 830 1504 gerulae
845 1429 1086 1491 sccundcsdatus
1109 1446 1154 1489 ca·
1259 1455 1260 1540 q

157 1520 246 1590 ptant.
278 1512 303 1571 si
325 1510 470 1573 cooriatur
490 1509 639 1588 procella,
666 1508 840 1588 adprehensi
856 1512 1036 1591 pondusculo
1064 1512 1157 1591 lapilli
1165 1534 1192 1574 aa
1259 1545 1260 1596 ς

157 1594 315 1657 selibraut.
348 1594 627 1671 quidamiuumeros
643 1610 707 1653 eam
721 1595 820 1673 inponi
831 1596 953 1657 madunt.
988 1598 1066 1656 iuxta
1082 1612 1156 1655 vero
1259 1647 1260 1682 ,

113 1689 148 1741 25
158 1688 264 1739 terram
279 1676 378 1739 volant
396 1678 424 1735 in
441 1676 564 1740 aduerso
579 1676 648 1735 llatu
660 1676 798 1754 uepribus
812 1679 936 1738 evitatis.
965 1677 1039 1739 llira
1054 1679 1157 1739 olrser-
1258 1703 1260 1730 t

156 1759 233 1821 vatic
249 1762 358 1839 operis.
395 1761 568 1822 cessantium
582 1758 712 1819 inertiam
726 1768 843 1835 uetant,
866 1762 1026 1837 castigant,
1042 1779 1113 1823 mox
1127 1770 1160 1821 ct

155 1842 273 1921 puniunt
293 1851 397 1903 morte.
426 1842 498 1904 mira
518 1840 661 1905 munditia.
701 1841 872 1903 amoliuntur
891 1844 985 1903 omnia
1008 1861 1025 1903 e
1045 1846 1163 1921 medio,

154 1926 307 2007 nullaeque
323 1927 398 1989 iuter
414 1943 504 2007 opera
526 1926 682 2003 spurcitiae
697 1925 802 1989 iacent.
832 1929 901 2003 quin
921 1935 951 1987 et
968 1938 1194 1989 excrementum

145 2011 334 2090 ,operantium
354 2012 445 2087 intus,
465 2029 502 2073 ue
517 2010 631 2087 lougius
654 2009 793 2071 recedant
812 2028 897 2074 uuum
913 2019 1053 2087 congesta
1067 2012 1098 2071 in
1113 2011 1157 2071 lo·

111 2104 237 2171 aucum,
257 2094 380 2161 turbidis
403 2094 505 2157 dieltm
531 2103 561 2154 ct
577 2094 677 2172 operis
692 2092 752 2153 otio
768 2103 900 2173 egerunt.
930 2112 996 2155 cam
1011 2092 1156 2173 advespe»

154 2179 258 2255 nascit,
287 2178 404 2243 inalvc
430 2186 561 2261 suepaut
587 2178 680 2239 miuus
705 2195 741 2238 ac
769 2180 880 2254 miuus,
903 2178 997 2241 donec
1019 2195 1075 2238 una
1100 2180 1154 2239 cir·

156 2263 300 2325 curmvolet
326 2262 429 2325 eodem
450 2280 507 2340 quc
529 2262 668 2321 excitavit
689 2258 796 2322 bombo
820 2280 875 2325 ceu
898 2262 1025 2341 quietem
1046 2278 1154 2341 capere

153 2346 330 2425 imperitans,
348 2354 377 2405 et
392 2346 449 2405 hoc
464 2354 622 2406 castrorum
630 2360 722 2405 more.
754 2354 822 2407 tuuc
833 2355 955 2424 repente
971 2362 1071 2405 omues
1084 2360 1148 2403 cou-
1159 2364 1192 2406 ae

153 2431 305 2494 ticescunt.
346 2428 394 2487 11.
419 2428 521 2489 domos
545 2430 666 2506 primum
690 2426 791 2506 plebei
813 2428 1021 2503 exaedificant,
1048 2424 1154 2488 deinde

153 2514 283 2593 regibus.
314 2512 341 2573 si
354 2520 487 2591 speratur
502 2511 612 2589 largior
628 2520 803 2589 prouentus,
824 2512 984 2573 adiciuntur
999 2510 1153 2573 coutuber-

154 2597 200 2655 uia
215 2604 243 2654 ct
258 2594 342 2657 lucis.
372 2594 426 2658 hae
441 2594 578 2663 cellarum
592 2594 743 2669 minumae,
760 2596 816 2662 sed
828 2598 884 2675 ipsi
898 2598 1022 2657 maiores
1036 2592 1152 2669 apibus.

111 2687 143 2742 2'1
217 2678 289 2759 (tt)
311 2678 382 2741 Sunt
397 2687 491 2739 autem
503 2678 561 2759 luci
576 2679 638 2737 sine
656 2676 776 2754 aculeo,
791 2679 871 2739 uelut
885 2679 1064 2759 inperfectae
1079 2692 1155 2753 apes

152 2762 401 2843 novissimaeque,
418 2778 434 2821 a
452 2762 538 2825 fessis
558 2771 586 2823 et
601 2762 655 2822 iam
675 2762 801 2823 emeritis
816 2762 985 2838 inchoatae,
1006 2760 1193 2822 serotinusm

151 2844 227 2907 fetus
244 2856 273 2906 et
288 2848 370 2927 quasi
391 2846 506 2907 servitia
527 2863 659 2919 verarum
680 2848 791 2924 apium,
807 2846 992 2927 quamobrem
1011 2846 1156 2923 imperant

152 2930 186 2989 iis
210 2933 375 3009 primosque
402 2930 552 3009 expellupt
570 2930 602 2992 ‘in
623 2946 732 3009 opera,
753 2929 890 2992 tardantis
914 2931 976 2991 siue
998 2928 1155 2988 clementia

145 3016 279 3099 puniunt.
310 3032 405 3092 neque
430 3016 458 3075 iu
474 3026 566 3092 opere
581 3022 705 3090 tautum,
728 3013 780 3075 aed
800 3014 830 3075 ln
850 3014 910 3074 ietu
932 3030 1050 3093 quoque
1073 3012 1154 3072 adiu·

110 3104 221 3160 assant
241 3114 291 3157 eas
313 3098 431 3159 multum
456 3097 492 3159 ad
516 3096 645 3159 calorem
666 3096 835 3159 conterente
859 3098 952 3158 turba.
990 3104 1072 3157 certe
1094 3112 1154 3173 quo

151 3184 242 3243 maior
256 3196 356 3243 corum
367 3181 420 3244 tou
428 3180 588 3264 multitudo,
601 3181 970 3243 hucmaiordtcuamiuum
982 3188 1196 3259 proventuum

153 3264 223 3328 Cum
243 3264 330 3325 mella
353 3274 514 3344 coeperunt
527 3275 740 3340 maturescere,
762 3265 880 3345 abigunt
895 3283 963 3340 eos,
985 3261 1156 3341 multaeque

152 3346 282 3425 singulos
294 3348 452 3425 adgressae
463 3348 613 3409 trucidant.
640 3366 695 3409 nec
705 3348 735 3408 id
750 3364 842 3427 genus
853 3352 908 3409 uisi
921 3367 994 3409 vere
1006 3347 1154 3425 conspici·
1260 3405 1261 3440 ,

151 3437 206 3489 tur.
234 3429 317 3491 lucrm
332 3430 474 3509 ademptis
487 3430 539 3491 alis
554 3432 583 3489 in
597 3430 693 3491 alvom
705 3433 833 3493 reiectus
842 3434 908 3513 ipsa
923 3432 1031 3495 ceteris
1043 3429 1153 3490 adimit.
1260 3441 1261 3466 ¹
