2542 3842
304 226 307 234 ι
342 259 350 267 Ι
425 192 505 245 nar.
527 198 619 247 rursu.
643 200 769 247 rates.
1092 188 1111 249 t

106 354 265 433 Apelles
282 352 454 413 faciebat
477 366 524 414 aut
541 355 791 431 Polycletus,
815 367 959 438 tamquam
976 358 1111 419 inchoata

101 458 221 517 semper
245 448 306 499 arte
334 447 364 497 et
385 439 564 517 inperfecta,
589 449 619 499 ut
643 448 744 499 contra
765 443 935 502 iudiciorum
952 445 1111 503 varietates

101 534 277 602 superesset
303 522 406 583 artifici
431 542 587 600 regressus
615 525 652 583 ad
678 526 793 583 veniam
816 528 895 587 velut
920 529 1110 588 emendaturo

101 608 244 687 quidquid
259 608 488 684 desideraretur,
505 611 529 667 si
545 626 602 667 non
618 618 699 668 esset
717 611 905 688 interceptus
937 604 1027 691 quare
1043 614 1106 713 ple·
1095 618 1152 673 -27

81 711 165 761 snum
178 692 378 753 verecundiae
390 693 472 767 illud,
488 694 566 771 quod
583 695 677 753 omnia
689 710 781 781 opera
796 702 939 773 tamquam
954 696 1109 776 novissima

100 778 292 856 inscripsere,
310 787 339 839 et
354 785 497 855 tamquam
512 779 632 855 singulis
649 774 709 837 fato
726 779 863 857 adempti.
894 779 963 839 Tria
976 798 1033 840 non
1051 800 1108 841 arra·

99 863 194 940 plius,
218 872 248 921 ut
269 864 392 942 opinor,
412 861 546 921 absolute
562 864 736 923 traduntur
727 865 884 942 inscripta
916 863 988 923 llle
1006 866 1107 940 lecit,

98 964 175 1025 quae
192 947 252 1005 suis
268 947 344 1006 locis
359 946 487 1021 reddam.
511 964 568 1025 quo
585 947 717 1026 adparuit
732 965 869 1009 summam
885 950 955 1009 artis
967 950 1108 1009 securita-

98 1041 154 1089 tem
174 1032 288 1091 auctori
304 1031 462 1109 placuisse,
480 1040 510 1089 et
524 1030 562 1091 ob
575 1032 603 1093 id
615 1050 720 1109 magna
732 1034 838 1094 invidia
853 1034 936 1094 inere
949 1036 1045 1094 omnia
1061 1052 1105 1093 ea.

73 1113 163 1191 nEgo
185 1115 275 1193 plane
298 1116 370 1175 meis
395 1114 469 1174 adici
484 1132 574 1193 posse
595 1117 683 1177 multa
704 1118 865 1193 conliteor,
885 1137 941 1178 nec
958 1120 1003 1179 his
1018 1118 1102 1192 solis,
1115 1129 1150 1182 28

98 1199 158 1258 sed
168 1209 199 1258 et
216 1198 349 1258 omnibus
368 1196 441 1278 quos
460 1200 552 1274 edidi,
578 1210 608 1259 ut
624 1201 721 1261 obiter
738 1220 858 1261 caveam
874 1204 946 1261 istos
962 1203 1103 1263 llomero·

98 1285 237 1360 mastigas
253 1284 308 1362 (ita
325 1284 400 1343 enim
416 1284 515 1343 verius
533 1285 683 1364 dixerim),
701 1288 835 1365 quqniam
847 1286 933 1345 audio
947 1296 976 1346 et
986 1288 1105 1346 Stoicos
1131 1311 1138 1356 t

98 1376 127 1426 et
141 1367 333 1444 dialecticos,
358 1367 522 1447 Epicureos
539 1385 657 1448 quoque
674 1369 754 1447 (nam
771 1370 808 1429 de
823 1371 1017 1447 grammaticis
1029 1390 1103 1430 sem·

98 1469 150 1529 per
164 1453 356 1532 exspectavi)
373 1454 516 1530 parturire
532 1455 674 1514 adversus
689 1454 808 1514 libellos
823 1472 898 1535 quos
913 1457 950 1516 de
962 1403 1137 1533 gramma-'¹3

71 1560 89 1599 n
97 1537 150 1596 tica
169 1536 279 1635 edidi,
293 1542 322 1595 et
338 1537 460 1597 subinde
477 1537 596 1597 abortus
612 1537 739 1598 iacere
730 1558 786 1598 uam
802 1540 906 1599 decem
922 1543 1019 1616 annis,
1039 1558 1103 1601 cum

96 1622 223 1681 celerius
239 1606 327 1681 etiam
343 1621 490 1703 elephanti
507 1623 627 1719 pariant
655 1642 711 1683 ceu
725 1640 800 1684 nero
811 1625 944 1684 nescium
960 1626 1145 1685 adversus29

95 1704 339 1805 Theophrastum,
356 1696 524 1765 hominem
515 1724 544 1765 ιιι
562 1707 731 1807 eloquentia
747 1716 855 1768 tantum
870 1718 901 1768 ut
912 1726 1018 1770 nomen
1029 1710 1100 1769 divi·

92 1808 157 1849 uum
174 1790 267 1849 inde'
258 1791 413 1866 invenerit,
430 1792 591 1869 scripsisse
604 1792 690 1852 etiam
705 1792 850 1868 feminam,
869 1801 899 1853 et
913 1794 1101 1872 proverbium
1145 1820 1148 1827 ·

92 1874 160 1933 inde
175 1882 271 1935 natum
289 1874 447 1953 suspendio
460 1874 595 1935 arborem
607 1875 745 1953 eligendi
775 1876 842 1936 Non
857 1895 934 1957 queo
946 1879 1013 1939 mihi
1026 1884 1144 1939 tem-30
1198 1864 1208 1877 ’
1253 1893 1254 1902 ’

61 1976 202 2037 mperare
224 1976 281 2037 quo
308 1960 400 2018 minus
419 1960 459 2019 ad
483 1959 542 2019 hoc
562 1961 761 2038 pertinentia
752 1980 815 2041 apsa
834 1965 961 2023 censorii
977 1962 1097 2023 Catonis

91 2043 184 2103 verba
200 2060 322 2121 ponam,
340 2052 370 2103 ut
386 2044 524 2122 adpareat
542 2046 628 2105 etiam
647 2043 749 2105 Catoni
764 2046 802 2106 de
818 2047 931 2107 militari
946 2048 1098 2127 disciplina

94 2130 307 2201 commendanti,
326 2128 374 2206 qui
391 2126 443 2186 snb
460 2127 636 2202 Africano,
628 2147 714 2188 immo
729 2146 802 2188 vero
819 2139 847 2189 et
860 2130 913 2190 sub
924 2130 1097 2204 Hannibale,

95 2209 244 2270 didicisset
266 2211 390 2271 militare
413 2220 441 2271 et
462 2231 499 2271 ne
515 2212 684 2271 Africanum
706 2212 822 2290 quidem
845 2213 925 2270 ferre
942 2215 1098 2309 potuisset,

94 2296 142 2372 qni
156 2296 315 2373 imperator
330 2294 500 2375 triumphurn
516 2304 709 2374 reportasset,
726 2302 846 2374 paratos
861 2295 973 2355 luisse'
965 2305 1038 2355 istos
1049 2296 1098 2374 qui

60 2395 84 2434 as
95 2379 308 2441 obtrectatione
320 2380 433 2440 alienae
446 2380 703 2449 scientiaedamam
716 2380 770 2442 sibi
783 2390 969 2460 aucupantur
1003 2378 1097 2454 Quid

93 2461 206 2523 enim?
226 2466 292 2524 ait
282 2464 529 2541 rneorolumiue,
547 2466 627 2525 scio
645 2482 727 2542 ego,
745 2482 837 2544 quae
855 2467 998 2544 scripta
1015 2472 1097 2526 sunt

93 2633 195 2691 sed
170 2652 195 2691 ιι
214 2634 445 2712 potissimum
461 2635 522 2711 qui
536 2651 650 2694 verae
667 2634 787 2694 laudis
804 2644 986 2713 expertes
1003 2643 1126 2695 sunt

92 2733 219 2776 eorum
243 2734 315 2793 ego
342 2719 537 2779 orationes
561 2718 611 2777 ibi
636 2728 853 2796 praetereo.
885 2718 950 2779 Nec
969 2715 1136 2779 rtanousttl

59 2812 81 2851 to
91 2800 231 2880 inlepide,
246 2818 309 2884 cum
322 2801 470 2861 diceretur
480 2802 597 2862 Asinius
607 2802 702 2864 Pollio
713 2804 861 2863 orationes
872 2804 901 2862 in
913 2820 978 2862 eum
989 2820 1094 2879 parare

92 2902 163 2961 quae
181 2885 304 2964 abipso
322 2894 371 2945 aut
387 2884 488 2945 liberis
511 2896 578 2965 post
598 2896 721 2947 mortem
738 2887 837 2946 Planci
860 2887 1033 2960 ederentur,
1056 2903 1094 2944 ne
1164 2920 1169 2929 ·

92 2969 274 3069 respondere
290 2979 407 3049 posset:
431 2988 495 3029 cum
509 2972 639 3031 mortuis
644 2990 702 3031 non
716 2972 771 3029 nisi
788 2971 883 3029 larvas
899 2969 1011 3030 luctari.
1035 2964 1093 3049 quo

90 3052 167 3111 dicto
184 3054 238 3113 sic
244 3055 428 3133 repercussit
443 3054 524 3131 illas,
541 3066 571 3115 ut
586 3056 663 3134 apud
679 3039 809 3115 eruditos
824 3053 893 3113 nihil
909 3054 1092 3133 inpudentius

90 3134 241 3197 iudicetur
271 3136 353 3215 Ergo
366 3140 462 3197 securi
475 3140 561 3200 etiam
574 3149 674 3199 contra
685 3138 910 3215 vitilitigatores,
929 3156 1003 3217 quos
1015 3137 1089 3198 Cato
1099 3138 1134 3193 32

55 3228 78 3270 tt
88 3218 243 3297 eleganter
261 3240 299 3281 ex
322 3222 401 3289 vitiis
424 3230 453 3281 et
467 3223 665 3301 litigatoribus
683 3224 836 3302 conposuit
860 3223 1035 3306 (quidecim
1049 3221 1092 3281 illi

87 3303 162 3364 aliud
178 3324 267 3405 quam
282 3306 397 3383 litigant
411 3314 459 3366 aut
471 3307 549 3369 litem
562 3305 752 3387 quaeruntl),
770 3324 964 3385 exsequemur
977 3306 1092 3383 reliqna

87 3391 239 3467 propositi.
273 3389 347 3463 Quia
364 3392 603 3467 occupationibus
617 3392 673 3449 tuis
688 3390 806 3467 publico
823 3390 899 3449 bono
912 3388 1132 3467 parcendumass

89 3481 159 3549 erat,
177 3474 246 3552 quid
262 3473 384 3551 singulis
401 3476 598 3537 contineretur
613 3474 695 3533 libris
707 3473 775 3555 hnic
790 3472 932 3550 epistulae
945 3470 1087 3540 subiunxi,
