2542 3842
460 180 541 227 usn.
556 180 647 228 mrsu.
664 182 724 227 v11.
743 178 769 230 a.
787 164 862 251 (2.)'
1116 170 1135 231 5

131 334 267 415 potuisse
281 336 410 408 tradunt,
434 333 636 414 conditumque
653 335 750 395 loculo
766 337 794 413 ip
810 336 927 414 templo.
973 335 1134 417 Praecipue
1143 348 1177 402 tl

130 419 211 479 India
233 417 468 496 Aethiopumque
490 428 598 478 tractus
622 420 768 479 miraculis
789 428 908 479 scatent.
955 438 1084 480 maxuma
1107 421 1136 483 in

43 567 53 587 Ι
129 503 211 563 India
228 503 383 579 gignuntur
397 502 537 563 animalia.
568 504 672 563 indicio
689 514 754 563 suut
767 522 853 563 canes
870 505 1040 581 grandiores
1056 514 1134 565 cete-

129 589 181 657 ris.
215 586 337 646 arbores
354 587 468 665 quidem
485 596 581 647 tantae
596 590 782 666 proceritatis
796 588 957 662 traduntur,
975 598 1007 649 ut
1021 591 1135 666 sagittis

107 673 279 749 qsuperiaci
301 680 455 750 nequeant.
497 681 526 730 et
547 672 617 731 lacit
638 672 762 733 ubertas
778 673 850 747 soli,
873 675 1030 750 temperies
1049 674 1134 749 caeli,

132 773 269 834 aquarum
291 755 477 830 abundantia,
502 756 526 813 si
547 755 638 816 libeat
657 756 798 832 credere,
822 765 850 816 ut
868 756 920 816 sub
935 774 988 815 una
1005 757 1061 818 lico
1077 767 1135 817 tur·

130 858 196 899 mae
213 841 371 899 condantur
387 841 522 917 equitum.
556 839 730 900 harundines
748 849 932 921 verogtantae
950 842 1135 919 proceritatis

131 932 163 982 ut
175 923 287 999 singula
299 923 461 983 internodia
474 923 559 984 alveo
574 924 731 1001 navigabili
742 934 840 985 ternos
853 926 994 999 interdum
1005 923 1134 984 homines

131 1007 237 1068 ferant.
269 1008 375 1069 multos
389 1008 428 1067 ibi
443 1010 527 1085 quina
544 1007 639 1067 cubita
656 1018 767 1068 constat
781 1006 958 1087 longitddiue
976 1009 1177 1087 excederem

96 1108 193 1160 1nnon
217 1109 378 1170 exspuere,
409 1109 466 1151 non
491 1092 593 1169 capitis
618 1102 666 1151 aut
692 1093 816 1153 dentium
838 1102 885 1153 aut
906 1094 1055 1153 oculorum
1076 1093 1135 1154 ullo
1216 1144 1218 1149 .

133 1175 237 1236 dolore
259 1176 358 1251 adlici,
381 1193 448 1235 raro
470 1175 587 1235 aliarum
604 1178 736 1254 corporis
753 1179 891 1255 partium,
914 1186 970 1245 tam
986 1176 1135 1237 moderato

133 1260 205 1320 solis
220 1277 331 1338 vapore
347 1259 453 1319 durari.
497 1259 691 1339 philosophos
707 1277 823 1337 eorum,
842 1279 915 1339 quos
931 1261 1136 1339 gymnosopbi·
1200 1266 1202 1271 ‘

133 1354 193 1404 stas
205 1353 328 1419 vocant,
345 1343 381 1403 ab
397 1352 501 1404 exortu
517 1343 551 1402 ad
569 1361 705 1403 occasum
717 1354 850 1423 perstare
865 1346 1026 1405 contuentis
1043 1345 1136 1406 solem

131 1427 317 1487 inmobilibus
334 1427 443 1503 oeulis,
466 1427 645 1486 ferventibus
661 1428 775 1488 harenis
798 1438 859 1488 toto
876 1429 922 1488 die
944 1430 1062 1489 alternis
1085 1446 1135 1507 pe·

97 1536 123 1577 15
135 1511 218 1571 dibus
235 1513 381 1571 insistere.
419 1514 449 1571 in
464 1520 560 1570 monte
582 1514 628 1571 cui
644 1529 748 1572 nomen
769 1523 813 1573 est
828 1503 903 1591 Nulo
923 1512 1052 1574 homines
1069 1531 1135 1573 esse

133 1597 245 1655 aversis
261 1595 366 1673 plantis
382 1605 505 1656 octonos
518 1596 624 1673 digitos
639 1598 667 1655 in
685 1598 804 1675 singulis
820 1595 952 1657 habentis
975 1607 1076 1657 auctor
1092 1607 1137 1657 est

132 1678 350 1755 Megasthenes.
395 1682 424 1739 in
441 1679 535 1739 multis
552 1689 647 1741 autem
661 1680 803 1745 montibus
820 1700 912 1759 genus
930 1681 1073 1741 bominum
1090 1688 1196 1743 εει-23·

133 1763 241 1843 pitibus
265 1765 373 1823 caninis
399 1763 524 1823 ferarum
550 1763 676 1842 pellibus
698 1766 807 1841 velari,
834 1782 887 1845 pro
910 1783 984 1825 voce
1005 1766 1137 1827 latratum

135 1846 242 1922 edere,
264 1847 407 1924 unguibus
429 1857 566 1907 armatum
587 1858 693 1908 venatu
716 1859 745 1909 et
766 1852 889 1929 aucupio
907 1852 999 1909 vesci.
1035 1848 1137 1911 borum

97 1948 222 2009 aosupra
241 1941 354 2010 centum
372 1933 472 2009 viginti
488 1932 563 1990 milia
579 1932 670 1991 luisse
686 1933 827 2012 prodente
847 1952 879 1993 se
896 1931 1009 1993 Ctesias
1026 1934 1135 2009 scribit,

135 2016 208 2075 etin
224 2015 345 2094 quadam
362 2025 450 2093 gente
464 2016 561 2075 indiae
577 2016 697 2075 feminas
712 2018 803 2076 semel
819 2020 846 2076 in
862 2019 919 2077 vita
937 2035 1040 2095 parere
1056 2020 1137 2095 geni-

134 2108 240 2177 tosque
260 2100 414 2159 confestim
436 2117 606 2159 canescere.
651 2101 726 2160 idem
743 2100 886 2161 homiuum
903 2118 996 2176 genus
1013 2103 1061 2181 qui
1076 2100 1136 2169 hlo'·

133 2184 232 2243 uocoli
247 2193 421 2243 vocarentur
436 2182 555 2260 singulis
571 2182 718 2259 cruribus,
735 2184 824 2245 mirae
835 2185 1013 2263 pernicitatis
1029 2185 1065 2245 ad
1081 2186 1137 2254 sal·

136 2276 211 2342 tum,
240 2268 420 2347 eosdemque
442 2266 602 2345 Sciapodas
628 2270 744 2348 vocari,
774 2267 852 2347 quod
876 2270 905 2327 in
931 2269 1032 2329 maiori
1056 2278 1137 2330 aestu

97 2351 212 2419 25bumi
240 2352 369 2413 iacentes
401 2351 528 2430 resupini
556 2352 656 2412 umbra
681 2370 713 2411 se
742 2352 846 2431 pedum
872 2361 1035 2431 protegant.
1080 2370 1137 2413 nou

134 2436 224 2511 louge
241 2453 293 2495 eos
310 2434 515 2513 al’rogodytis
531 2436 653 2511 abesse,
670 2456 827 2515 rursusque
844 2436 880 2497 ab
896 2432 939 2496 his
956 2436 1137 2498 occidentem

134 2536 239 2579 versus
255 2521 394 2599 quosdam
410 2522 472 2580 sine
486 2523 601 2581 cervice
615 2521 717 2580 oculos
729 2522 757 2580 iu
771 2523 877 2581 umeris
893 2521 1035 2583 habentis.
1065 2522 1135 2582 Sunt
1145 2527 1180 2581 st

75 2660 80 2673 ,
135 2614 166 2662 et
183 2606 272 2679 satyri
294 2604 456 2665 subsolanis
478 2603 610 2666 ludorum
628 2596 775 2665 ’montibus
804 2602 1079 2683 (Catharoludorum
1097 2604 1136 2665 di·

137 2688 210 2746 citur
234 2689 352 2768 regio),
381 2690 656 2767 perniciosissimum
690 2690 802 2750 animal.
845 2699 903 2749 turn
930 2689 1136 2767 quadripedes,

89 2796 125 2839 ,ω
137 2779 196 2830 tum
210 2780 292 2831 recte
305 2782 456 2833 currentes
471 2772 591 2832 bumana
608 2773 725 2850 effigie,
745 2782 866 2851 propter
881 2772 1071 2843 velocitatem
1083 2774 1136 2834 nisi

135 2872 223 2914 senes
252 2866 300 2915 aut
328 2858 409 2933 aegri
440 2864 498 2915 non
523 2860 681 2935 capiuntur.
733 2850 995 2917 Choromandarum
1020 2866 1137 2933 gentem

134 2948 223 3019 vocat
249 2939 364 2999 Tauron
393 2939 572 3015 silvestrem,
603 2941 665 2999 sine
694 2958 789 3015 voce,
826 2940 957 3001 stridoris
988 2938 1136 3017 horrendi,

135 3022 217 3083 hirtis
233 3023 423 3103 corporibus,
446 3022 539 3083 oculis
554 3023 682 3100 glaucis,
705 3023 836 3083 dentibus
850 3024 968 3085 caninis.
999 3022 1136 3088 Eudoxus

135 3108 166 3165 in
181 3108 344 3168 meridianis
356 3107 454 3167 lndiae
467 3108 537 3166 viris
549 3107 662 3185 plantas
678 3126 745 3167 esse
762 3107 911 3183 cubitalis,
932 3107 1045 3169 leminis
1061 3106 1136 3168 adeo

99 3207 241 3268 35parvas
263 3202 293 3251 ut
316 3190 529 3269 Struthopodes
555 3191 745 3270 appellentur.
791 3190 995 3269 Megasthenes
1021 3199 1136 3269 gentem
1145 3200 1179 3252 25

137 3275 212 3333 inter
229 3275 373 3335 Nomadas
386 3274 472 3334 lndos
489 3276 595 3346 narium
614 3275 681 3334 loco
698 3274 835 3337 foramina
850 3285 957 3337 tanturn
972 3275 1136 3351 habentem,

136 3361 271 3433 anguium
284 3359 370 3418 modo
385 3358 564 3436 loripedem,
582 3360 681 3418 vocari
694 3361 833 3434 Scyritas.
863 3360 898 3420 ad
912 3370 1059 3421 extremos
1075 3358 1137 3419 linis

130 3437 236 3503 ¹Indiae
248 3443 284 3502 ab
297 3444 408 3502 oriente
421 3444 500 3502 eirca
513 3442 620 3501 iontem
633 3442 739 3519 Gangis
752 3442 936 3504 Astomorum
946 3453 1063 3520 gentem
1074 3445 1136 3503 sine
