2542 3842
145 167 204 231 100
479 173 509 221 c.
531 174 628 223 numu
651 172 800 225 sacuam

142 332 245 396 tionem
259 345 405 407 purpura,
430 345 524 407 neque
546 343 654 405 aspero
675 343 772 405 neque
794 324 916 388 rotundo
932 340 984 386 ore
1000 323 1142 403 usquein

143 413 266 493 angulos
288 411 448 489 prodeunte
465 420 572 485 rostro,
588 410 640 469 sed
653 411 696 469 sic
710 408 821 471 concba
833 418 956 487 utroque
968 408 1062 470 latere
1072 426 1142 469 sese

144 497 313 573 colligente,
327 494 429 573 quibus
445 492 659 558 inhaerentibus
670 492 784 572 plenam
799 494 892 559 ventis
909 494 1025 554 stetisse
1039 510 1142 554 navem

143 590 305 660 portantem
338 578 494 643 Periandro
523 588 552 637 ut
573 587 769 651 castrarentur
797 575 902 637 nobilis
923 594 1049 654 pueros,
1072 594 1140 637 con·

142 666 270 742 abasque
287 681 361 741 quae
377 663 405 728 id
422 663 617 740 praestiterint
632 661 709 740 apud
724 658 890 722 Cnidiorum
907 660 1054 727 Venerem
1072 658 1161 723 colis

142 747 266 818 Trebius
285 746 377 825 Niger
399 745 532 825 pedalem
554 764 620 808 esse
636 755 666 805 et
687 745 876 807 crassitudine
893 747 1020 824 quinque
1035 746 1139 823 digito·

141 850 216 907 runa,
232 833 312 894 navis
328 831 444 905 menri,
461 839 614 907 praetcrea
629 830 704 889 hanc
719 847 786 891 esse
801 829 858 890 vim
874 831 937 889 eius
951 828 1099 889 adservati
1113 829 1143 889 in

142 916 203 977 sale
231 925 261 975 ut
282 932 378 978 aurunt
398 912 475 993 quod
491 914 631 975 deciderit
654 915 685 974 in
707 913 862 979 altissimos
884 923 989 991 puteos
1008 914 1140 977 admotus

143 999 282 1063 mdabat.
359 1038 361 1052 .

99 1094 133 1151 81
160 1128 164 1143 .
208 1083 258 1147 26.
272 1080 356 1160 (42.)
373 1078 480 1144 Mutant
493 1082 622 1145 colorem
634 1081 782 1142 candidum
793 1098 894 1141 menae
907 1088 936 1139 et
948 1081 1016 1141 liunt
1027 1090 1140 1141 aestate
1151 1098 1175 1139 ao
1251 1101 1252 1116 ¹

142 1169 295 1245 nigriores.
333 1174 421 1225 mutat
445 1174 472 1225 et
487 1165 605 1244 phycis,
628 1164 742 1244 reliquo
758 1174 889 1243 tempore
908 1164 1046 1241 candida,
1068 1184 1142 1225 vere

142 1251 232 1315 varia.
254 1248 356 1311 eadem
368 1250 489 1326 piscium
495 1248 559 1309 sola
569 1249 694 1315 nidificat
707 1267 745 1309 ex
757 1249 825 1325 alga
836 1258 923 1327 atque
935 1251 963 1309 in
974 1249 1041 1309 nido
1054 1251 1140 1327 parit.
1251 1293 1252 1300 .

99 1345 135 1400 aa
207 1334 291 1411 (43.)
313 1331 401 1394 Volat
423 1332 561 1407 hirundo,
595 1352 664 1393 sane
688 1350 827 1412 perquam
848 1332 947 1392 similis
970 1333 1083 1393 volucri
1099 1333 1141 1393 hi-

142 1418 270 1492 rundini,
286 1418 354 1477 item
377 1417 490 1477 milvos.
531 1414 581 1477 27.
606 1416 689 1479 Subit
714 1416 742 1475 in
762 1434 870 1475 summa
890 1418 980 1479 maria
997 1418 1087 1495 piscis
1103 1436 1143 1477 ex
1251 1469 1252 1492 q

47 1551 51 1561 .
143 1508 312 1578 argumento
335 1500 496 1579 appellatus
518 1499 651 1575 lucerna,
673 1500 826 1579 linguaque
849 1501 934 1577 ignea
954 1519 1007 1577 per
1026 1518 1061 1560 os
1090 1515 1175 1581 ‹ex-ts
1251 1517 1252 1564 i

142 1592 221 1647 serta
242 1584 404 1663 tranquillis
425 1581 557 1645 noctibus
577 1583 700 1644 relucet.
733 1582 874 1643 attollite
895 1585 966 1643 mari
986 1586 1141 1663 sesquipe·
1251 1645 1252 1654 ,

142 1668 235 1731 danea
255 1665 319 1727 iero
338 1684 445 1728 cornua
460 1684 534 1745 quae
557 1665 593 1725 ab
612 1665 657 1728 his
677 1683 782 1727 nomen
802 1667 896 1725 traxit.
929 1685 1029 1728 rursus
1051 1669 1139 1729 draco

142 1751 266 1816 marinus
284 1759 384 1829 captus
401 1758 488 1827 atque
504 1749 636 1818 inmissus
653 1751 682 1809 in
696 1749 831 1812 harenam
847 1767 999 1818 cavernam
1022 1751 1078 1816 sibi
1094 1769 1141 1814 ro·
1251 1755 1252 1804 t

50 1888 53 1899 ,
143 1842 203 1893 stro
219 1835 289 1893 mira
304 1833 454 1911 celeritate
471 1841 600 1891 excavat.
1251 1901 1252 1908 ἵ

100 1926 147 1987 33.
203 1916 254 1979 28.
276 1917 359 1995 (44.)
383 1916 506 1981 Piscium
530 1918 667 1993 sanguiue
696 1925 796 1981 carent
817 1916 854 1989 de
876 1915 978 1995 quibus
1000 1916 1177 1986 dicemus„

143 2010 208 2067 sunt
233 2008 327 2069 autem
348 2003 402 2061 tria
421 2004 547 2079 genera:
575 2002 694 2079 primum
720 2018 794 2078 quae
821 2000 920 2064 mollia
943 2001 1142 2082 appellantur,

142 2085 209 2145 dein
238 2094 372 2148 contecta
401 2087 505 2145 crustis
534 2084 682 2161 tenuibus,
715 2094 862 2163 postremo
888 2088 971 2147 testis
1002 2086 1143 2148 conclusa
1251 2147 1252 2156 ,

141 2168 232 2236 duris.
253 2170 353 2235 mollia
369 2179 433 2251 sunt
447 2170 560 2246 lolligo,
578 2172 688 2248 saepia,
706 2169 831 2249 polypus
849 2179 879 2229 et
901 2180 998 2231 cetera
1020 2173 1142 2247 generis

143 2254 216 2316 eius.
251 2255 296 2315 his
311 2262 397 2331 caput
411 2254 485 2311 iuter
499 2253 591 2330 pedes
608 2264 793 2331 civennam,
817 2253 944 2337 pediculi
961 2256 1058 2314 octoni
1080 2272 1137 2315 om·
1251 2295 1252 2314 .

142 2338 236 2400 nibus.
266 2337 383 2413 saepiae
407 2344 436 2396 et
460 2334 584 2413 lolligini
604 2337 695 2415 pedes
717 2336 773 2398 duo
807 2356 845 2397 ex
867 2336 911 2397 his
933 2337 1093 2415 longissimi
1109 2346 1176 2402 etas
1251 2353 1252 2410 ζ

142 2422 240 2499 asperi
258 2417 363 2497 quibus'
382 2416 418 2477 ad
441 2435 491 2477 ora
512 2420 667 2481 admovent
690 2419 773 2481 cibos
794 2430 823 2480 et
844 2422 873 2484 in
894 2421 981 2481 lluctn
1004 2441 1036 2483 se
1058 2422 1141 2483 velut
1251 2415 1252 2428 ¹

100 2553 105 2561 .
143 2500 431 2577 amorinstabiliunt,
449 2512 547 2564 cetera
564 2505 629 2565 cirri
648 2504 751 2584 quibus
763 2514 911 2564 venantur.
973 2498 977 2503 ’
1251 2555 1252 2570 .

100 2596 156 2659 84,
205 2583 254 2646 29.
274 2586 358 2665 (45.)
377 2584 494 2663 ,lolligo
512 2587 596 2647 etiam
610 2589 711 2651 volitat
728 2597 810 2648 extra
825 2606 928 2669 aquarn
943 2608 976 2648 se
999 2589 1138 2665 aderens,
1251 2607 1252 2634 i

143 2668 221 2749 quod
236 2678 265 2729 et
280 2670 444 2749 pectunculi
458 2670 577 2747 iaciunt,
595 2673 717 2749 sagittae
733 2672 831 2733 modo.
852 2673 1021 2751 Saepiarum
1036 2674 1140 2752 generi

22 2820 24 2835 .
141 2770 236 2813 mares
256 2756 328 2815 varii
342 2762 372 2813 et
396 2755 540 2833 nigriores
566 2752 806 2837 constantiaeque
824 2759 949 2817 maioris.
978 2774 1176 2836 percussaeao

110 2870 114 2880 ι
142 2834 266 2915 tridente
282 2838 405 2900 feminae
421 2839 602 2915 auxiliantur,
618 2851 648 2901 at
663 2840 769 2903 femina
783 2842 842 2903 icto
858 2860 936 2902 mare
953 2840 1035 2919 fugit.
1052 2840 1139 2901 ambo

142 2930 252 2997 autem,
275 2919 323 2988 ubi
342 2940 462 2983 sensere
483 2942 516 2983 se
534 2924 728 3003 adprehendi,
749 2913 842 2985 ebuso
874 2934 1032 2985 atramento
1062 2926 1142 3005 quod

80 3037 88 3052 ·
143 3005 349 3083 prosanguine
365 3007 408 3069 bis
427 3017 471 3067 est
486 3009 627 3069 infuscata
643 3027 717 3088 aqua
731 3009 953 3072 absconduntur.

99 3094 134 3151 85
204 3089 290 3167 (46.)
318 3088 493 3169 Polyporum
511 3092 599 3153 multa
618 3112 739 3171 genera.
769 3096 877 3155 terreni
902 3095 1029 3154 maiores
1054 3111 1140 3173 quam
1251 3107 1252 3124 ¹

143 3173 260 3250 pelagii.
280 3190 378 3234 omnes
391 3174 535 3236 bracchiis
551 3187 579 3238 ut
590 3178 713 3255 pedibus
725 3196 759 3238 ac
771 3178 899 3239 manibus
910 3188 1033 3254 utuntur,
1046 3177 1139 3239 cauda
1148 3201 1174 3243 au

142 3274 225 3331 vero,
242 3274 316 3334 quae
331 3266 375 3315 est
389 3256 500 3317 bisulca
515 3270 543 3319 et
561 3270 655 3335 acuta,
672 3263 700 3319 in
712 3264 798 3322 coitu.
816 3273 861 3323 est
873 3262 989 3341 polypis
1000 3262 1097 3322 fistula
1110 3262 1139 3320 in

142 3337 229 3401 dorso
246 3357 301 3418 qua
323 3342 476 3399 tramittunt
495 3360 589 3418 mare,
610 3362 731 3421 eamque
754 3347 838 3405 modo
858 3349 885 3407 in
906 3347 1054 3406 dexteram
1070 3364 1136 3424 par·

142 3426 209 3495 tem,
230 3422 316 3481 modo
339 3422 367 3481 in
390 3423 531 3483 sinistram
547 3427 729 3489 transierunt.
756 3439 851 3491 natant
868 3430 978 3511 obliqui
994 3432 1022 3489 in
1038 3438 1136 3508 caput,
