2542 3842
153 168 211 231 138
493 178 524 227 e.
540 178 638 226 eurus
655 176 806 226 saeuum
1259 185 1263 232 q

148 288 266 411 fallunt,
286 332 419 413 quoniam
433 332 654 411 intemperantia
674 330 800 391 libidinis
822 329 957 407 frangunt
974 346 1072 391 earum
1087 349 1150 393 ‘ova
1262 387 1263 406 2

148 438 184 479 ue
200 417 361 478 incubando
378 416 567 476 detineantur.
600 424 669 474 tuuc
683 417 759 475 inter
777 432 811 473 se
829 414 965 474 dimicant
984 432 1079 475 mares
1099 417 1149 493 de·
1262 437 1263 474 l

106 516 156 570 101
165 504 273 563 siderio
289 502 466 569 feminarum.
505 500 611 559 victum
627 501 706 558 aiunt
724 516 863 558 venerem
885 501 953 577 pati.
986 499 1015 559 id
1035 500 1149 578 quidem

148 598 178 650 et
195 587 360 646 coturnices
375 584 489 661 'irogus
507 592 537 643 et
552 582 734 661 gallinaceos
747 583 913 661 aliquando,
930 582 1065 661 perdices
1075 600 1148 645 vero

147 692 163 732 a
181 670 295 731 domitis
313 669 393 729 leros
416 678 445 727 et
459 684 551 727 novos
569 677 617 727 aut
630 669 727 727 victos
743 668 807 726 iniri
823 668 999 745 prominente.
1033 670 1173 745 capim-a

147 766 193 817 tur
207 772 324 834 quoque
339 753 524 831 pugnacitate
544 751 673 811 eiusdem
694 751 833 828 libidinis,
850 760 951 811 contra
972 754 1094 830 aucupis
1108 754 1149 811 in·
1262 769 1263 786 ¹

147 840 232 899 licem
248 847 373 899 exeunte
389 839 418 897 in
435 836 576 915 proelium
591 836 666 896 duce
682 836 769 896 totius
784 836 896 911 gregis.
927 845 1014 913 capto
1030 852 1067 895 eo
1081 852 1146 915 pro·

148 922 224 983 cedit
238 922 311 983 alter
328 940 364 983 ac
381 920 502 980 subinde
518 920 633 998 singuli.
665 936 764 980 rursus
786 920 864 979 circa
879 929 1053 998 conceptum
1068 920 1146 979 lemi-

146 1025 200 1067 nae
220 1010 370 1085 capiuntur
389 1014 489 1065 contra
506 1022 648 1082 aucupum
666 1005 800 1064 feminam
818 1012 959 1063 exeuntes
976 1012 1008 1063 ut
1028 1005 1148 1066 nanum

147 1185 245 1236 eontra
260 1176 345 1234 maris
358 1176 490 1233 steterint
505 1174 645 1249 feminae,
660 1191 728 1234 aura
743 1172 779 1231 ab
793 1172 838 1232 bis
850 1172 936 1232 dante
952 1183 1155 1251 praegnantes¹

147 1261 234 1335 liunt,
251 1259 364 1321 hiantes
385 1267 481 1319 autem
499 1266 616 1317 exrema
640 1259 735 1335 linqua
753 1274 808 1334 per
829 1257 859 1316 id
875 1266 989 1335 tempus
1005 1266 1144 1320 aestuant.

146 1344 311 1421 concipiunt
332 1351 361 1403 et
375 1342 620 1420 supervolantium
643 1342 762 1415 addam,
779 1358 869 1419 saepe
886 1360 963 1401 voce
977 1350 1084 1402 tautum
1099 1357 1146 1402 au·

146 1429 204 1489 dit‘a
219 1426 350 1496 maseuli.
381 1428 515 1504 adeoque
530 1428 619 1487 vincit
634 1426 725 1485 libido
743 1426 828 1486 etiam
843 1424 921 1486 ietns
938 1427 1101 1502 caritatem,
1117 1434 1148 1486 ut

145 1512 195 1572 illa
210 1512 310 1571 furtim·
324 1518 353 1569 et
372 1512 402 1570 ln
420 1510 535 1571 occulto
553 1510 707 1584 incubans,
724 1527 788 1569 cum
806 1513 897 1569 sensit
910 1512 1044 1575 feminam
1061 1524 1183 1570 aucum

145 1597 191 1674 pis
205 1594 395 1655 accedentem
409 1594 444 1653 ad
459 1610 582 1669 murem,
598 1602 717 1653 recanat
731 1602 910 1670 revocetque
927 1603 958 1652 et
971 1595 1048 1654 ultro
1064 1613 1149 1673 prae·

144 1680 212 1738 beat
231 1694 264 1735 se
287 1676 406 1738 libidini.
447 1676 527 1737 rabie
550 1677 663 1754 quidem
680 1684 757 1736 tanta
778 1676 925 1750 teruntur,
949 1686 980 1735 ut
1001 1681 1030 1737 in
1052 1681 1149 1757 capite

103 1772 154 1826 loe
165 1762 364 1836 aucupantium
385 1776 476 1839 saepe
497 1778 604 1819 caecae
616 1761 734 1837 impetu
749 1759 879 1818 sedeant.
913 1761 944 1818 st
960 1761 996 1818 ad
1011 1763 1108 1821 nidum
1123 1764 1150 1821 is

144 1844 241 1921 coepit
262 1843 423 1919 accedere,
449 1843 631 1921 adprocurrit
650 1843 746 1921 pedes
768 1844 831 1901 eins
853 1842 930 1918 ieta,
952 1859 1150 1921 praegravem

142 1936 190 1987 aut
205 1926 368 1987 delumbem
384 1946 451 1988 sese
467 1928 613 2004 simulans,
631 1928 784 2005 subitoque
801 1926 831 1985 iu
842 1944 983 2005 procursu
999 1935 1048 1987 aut
1061 1926 1149 1988 brevi
1160 1944 1186 1985 ao

142 2012 241 2093 aliquo
255 2011 355 2073 volatu
371 2012 450 2072 cadit
464 2013 556 2073 iracta
567 2022 597 2072 ut
612 2013 658 2072 ala
673 2021 720 2071 aut
731 2010 867 2090 pedibus,
884 2012 1029 2090 procurrit
1043 2013 1149 2073 iterum

65 2098 70 2105 “
141 2100 252 2159 iamiam
268 2096 479 2177 prehensurum
500 2097 643 2175 effugiens
665 2114 806 2174 spemque
825 2096 984 2172 frustrans,
1003 2095 1100 2156 donec
1117 2099 1147 2155 in

141 2182 287 2243 diversum
308 2182 434 2243 abducat
455 2182 571 2243 auidis.
603 2182 708 2241 'eadem
726 2198 837 2259 pavore
859 2180 950 2241 libera
967 2197 1003 2240 ac
1018 2190 1147 2240 materna

140 2284 248 2327 vacans
265 2284 333 2327 cura
355 2269 384 2325 in
402 2258 486 2326 sulc'o
509 2268 644 2345 resupina
659 2266 765 2343 glaeba
786 2282 820 2323 se
839 2274 937 2324 terrae
953 2263 1077 2342 pedibus
1097 2265 1145 2324 ad·
1261 2305 1262 2310 κ

142 2352 287 2428 prehensa
309 2352 415 2427 operit.
453 2350 604 2410 Perdicum
631 2351 690 2409 vita
715 2349 751 2410 ad
778 2349 905 2409 sedecim
925 2363 1016 2408 annos
1042 2349 1181 2408 dammas

142 2436 339 2494 existumatur.

101 2527 152 2581 104
210 2517 258 2576 34.
283 2515 366 2595 (52.)
390 2516 436 2576 Ab
454 2516 498 2575 bis
519 2516 713 2577 columbarum
729 2532 860 2575 maxume
877 2525 1044 2595 spectantur
1060 2515 1146 2575 simili

142 2604 252 2661 ratione
268 2617 365 2659 mores
381 2600 483 2675 iidem,
502 2603 555 2660 sed
574 2600 710 2679 pudicitia
731 2600 790 2659 illis
810 2602 901 2679 prima
922 2609 952 2660 et
967 2600 1060 2661 neutri
1075 2606 1146 2660 uota
1260 2611 1261 2646 ³

141 2684 301 2743 adulteria:
328 2686 444 2761 coniugi
463 2684 547 2744 iidem
562 2700 619 2745 uon
634 2684 759 2759 violant,
776 2701 1014 2763 communemque
1028 2692 1156 2764 servant-

118 2794 120 2801 ·
140 2768 262 2827 domum.
291 2768 345 2828 uisi
362 2768 480 2828 caelebs
497 2777 544 2828 aut
559 2768 645 2829 vidua
660 2768 754 2828 nidum
769 2784 826 2828 uon
837 2769 984 2849 relinquit.
1015 2770 1185 2848 etimpe²so

138 2852 235 2911 riusos
252 2854 354 2928 maris,
380 2852 501 2913 subinde
520 2855 604 2913 etiam
625 2854 740 2931 iniquos
755 2852 995 2933 lemnt,‘quippe
1016 2854 1146 2931 suspicio

140 2944 185 2995 est
207 2937 347 3011 adulteri,
370 2940 502 3017 quamvis
520 2946 621 2997 natura
643 2940 768 2997 nonsit.
805 2948 873 2997 tuuc
889 2939 1005 3016 plenum
1023 2937 1146 3016 querela

138 3028 236 3097 guttur
252 3022 390 3099 saevique
406 3031 504 3081 rostro
518 3022 603 3097 ictus,
619 3038 688 3081 mox
701 3024 730 3081 iu
744 3022 943 3082 satisfactione
961 3022 1146 3082 exosculatio

96 3112 147 3165 105
157 3107 271 3165 etcirca
282 3106 399 3165 veneris
410 3124 517 3183 preces
530 3106 644 3165 crebris
657 3106 761 3185 pedum
773 3105 893 3165 orbibus
904 3106 1041 3166 adulatio.
1064 3121 1147 3165 amor

138 3190 251 3267 utrique
274 3188 385 3248 subolis
407 3190 546 3268 aequalis.
583 3206 674 3268 saepe
696 3199 726 3248 et
747 3207 785 3249 ex
805 3190 860 3249 bac
881 3207 968 3250 causa
990 3190 1185 3267 castigatione

137 3273 248 3348 pigrius
266 3274 387 3333 intrante
402 3273 508 3333 femina
525 3273 561 3334 ad
577 3274 684 3351 pullos.
716 3275 886 3351 parturienti
902 3274 1005 3334 solatia
1017 3281 1046 3333 et
1062 3274 1146 3334 mini·

141 3356 228 3413 steria
256 3374 293 3415 ex
317 3364 405 3415 mare.
446 3356 533 3433 pullis
556 3359 649 3435 primo
677 3356 830 3417 salsiorem
852 3367 960 3418 terram
988 3357 1145 3418 collectum

139 3444 253 3510 gutture
274 3441 303 3497 in
325 3453 376 3498 ora
399 3440 535 3517 inspuunt
556 3449 764 3518 praeparantes
785 3443 1039 3519 tempestivitatem
1064 3443 1141 3503 cibo.
