2542 3842
153 122 214 186 240
344 158 347 162 ι
496 135 802 188 o.rnru1suoouo1

28 319 34 328 ·
152 292 236 368 regio
269 289 385 350 Nisiaea
413 289 590 366 Parthyenes
620 241 743 366 nobilis,
775 291 823 351 uhi
852 290 1095 372 Alexandropolis
1125 313 1141 356 a

113 374 313 522 llicondlMdr?·
331 455 534 518 Necessarium
549 467 594 517 est
610 457 709 518 hocin
730 458 797 534 loco
813 459 928 535 signare
950 468 979 520 et
994 457 1143 520 Medorum

26 582 31 590 -
153 544 239 602 sitam
264 550 462 619 terrarumque
482 542 586 601 iaciem
605 542 803 620 circumagere
828 543 864 603 ad
884 542 1030 603 Persicum
1051 560 1141 619 mare,

153 642 210 704 quo
222 624 336 685 facilius
349 625 415 684 dein
429 624 540 702 reliqna
555 635 719 684 noscantur.
742 643 863 704 namque
876 625 971 687 Me'dia
986 625 1021 686 ab
1036 644 1167 688 occasus

152 719 317 774 transuersa
341 707 458 786 obliqua
473 707 604 768 Parthiae
626 725 782 769 occurrens
809 719 930 788 utraque
950 727 1040 786 regua
1053 717 1143 791 prae·
1270 774 1271 777 ,

151 793 249 857 cludit.
280 789 463 868 Habetergo
477 793 541 869 ipsa
556 791 592 852 ah
610 801 675 851 ortu
692 789 815 871 Caspios
833 802 863 854 et
876 792 1013 869 Parthos,
1029 795 1143 856 ameri-

130 914 133 920 ·
151 877 200 938 die
214 877 380 936 Sittacenen
396 883 425 936 et
436 875 577 934 Susianen
592 883 621 936 et
635 874 770 952 Persida,
787 876 823 937 ab
839 894 947 956 occasu
962 877 1143 953 Adiabenen,

111 972 186 1026 llba
199 959 396 1041 septentrione
408 957 582 1019 Armeniam.
609 958 719 1032 Persae
730 959 857 1020 Rubrum
871 977 949 1020 mare
964 979 1079 1040 semper
1094 961 1143 1022 ad·

54 1067 56 1071 ¹
152 1046 290 1121 coluere,
313 1043 524 1122 propterquod
545 1043 570 1102 is
592 1045 670 1105 sinus
684 1043 818 1104 Persicus
834 1053 963 1104 vocatur.
998 1047 1081 1122 regio
1104 1044 1178 1104 ibiro

152 1131 290 1192 maritima
307 1125 423 1202 (liriho,
449 1146 505 1206 qua
519 1143 598 1188 vero·
609 1130 673 1205 ipsa
694 1127 771 1188 subit
786 1125 939 1188 adeedos
956 1125 1067 1188 climax
1081 1127 1142 1188 Me·

151 1213 219 1291 gale
234 1211 398 1291 appellatur
412 1211 494 1271 locus
515 1211 604 1272 arduo
619 1213 722 1270 montis
745 1207 868 1272 ascensu
884 1229 937 1289 per
955 1211 1079 1287 gradus,
1102 1213 1143 1271 in·

151 1300 239 1357 troitu
258 1305 398 1372 angusto,
420 1296 456 1357 ad
471 1295 650 1375 Persepolim
666 1304 751 1373 caput
765 1297 847 1372 regni
862 1295 983 1356 dirutum
1002 1295 1144 1358 abAlex-

151 1381 250 1442 andro.
275 1388 427 1459 praeterea
441 1379 528 1442 habet
544 1382 573 1439 in
588 1381 724 1440 extremis
739 1379 840 1439 liuihm
851 1378 1022 1440 Laodiceam
1038 1379 1073 1440 ab
1085 1379 1142 1441 An·
1260 1397 1270 1426 s

111 1463 265 1529 ltdtiocho
284 1463 435 1524 conditam.
470 1463 539 1523 lude
554 1464 590 1523 ab
611 1464 723 1522 oriente
738 1461 815 1540 Magi
827 1458 958 1542 ‘optinent
972 1462 1178 1540 Erasargidats

152 1546 320 1622 castellnm,
341 1549 369 1607 in
385 1563 442 1625 quo
459 1544 527 1622 Gyri
542 1546 726 1624 sepulchrum
747 1556 808 1622 est,
831 1557 860 1606 et
879 1547 979 1606 horum
996 1545 1144 1608 Ecbatana

153 1631 287 1709 oppidum
303 1630 469 1691 translatum
483 1630 519 1690 ab
536 1629 624 1690 Dario
640 1648 712 1708 rege
727 1632 763 1690 ad
779 1633 892 1692 montis.
928 1629 1006 1690 Inter
1021 1630 1142 1690 Parthos

153 1713 316 1773 etArianos
331 1723 486 1774 excurrunt
496 1713 691 1789 Paraetaceni.
718 1714 764 1774 his
779 1713 939 1790 agentibus
953 1722 981 1772 et
994 1713 1142 1792 Euphrate

151 1796 288 1857 inferiora
302 1813 394 1873 regua
413 1796 573 1858 cluduntur.
608 1796 730 1875 Reliqua
747 1797 874 1858 dicemus
896 1815 913 1856 a
933 1795 1142 1874 Mesopotamia

111 1881 284 2024 ⁵gierrlcepto
304 1897 441 1941 mucrone
464 1882 526 1941 eius
540 1878 725 1959 Arabumque
747 1881 862 1960 populis
885 1883 913 1940 in
935 1881 1033 1958 priore
1058 1881 1178 1943 diotisro

151 1981 188 2024 vo
201 1966 304 2024 umine.

112 2055 160 2112 lli
182 2071 189 2081 ·
245 2049 328 2128 (30.)
363 2046 574 2128 Mesopotamia
593 2057 654 2110 tota
669 2048 855 2134 Assyriorum
869 2048 938 2124 iuit,
954 2049 1068 2110 vicatim
1086 2049 1141 2109 dis·

151 2142 239 2211 persa
253 2141 370 2211 praeter
383 2132 569 2209 Babyloniam
586 2143 617 2194 et
630 2133 742 2194 Ninum.
782 2131 958 2194 Macedones
974 2150 1038 2192 eam
1053 2134 1080 2192 in
1095 2151 1141 2195 ur·

151 2216 197 2277 bis
212 2233 428 2294 congregavere
441 2227 562 2296 propter
574 2217 736 2279 ubertatem
749 2217 814 2278 soli.
837 2217 942 2295 oppida
958 2225 1074 2295 praeter
1088 2216 1142 2275 iam

151 2299 227 2361 dicta
239 2301 504 2375 habetSeieuciarn,
515 2301 697 2375 Laodiceam,
713 2301 888 2376 Artemitam,
902 2303 969 2360 item
981 2297 1142 2362 inArabum
1151 2309 1177 2349 aa

152 2391 239 2462 gente
252 2385 299 2460 qni
312 2382 381 2444 Orei
397 2390 535 2445 vocantur
553 2393 581 2444 et
597 2383 725 2445 Mardani
736 2383 917 2445 Antiochiam
935 2401 1010 2462 quae
1028 2399 1139 2461 aprae-

112 2467 250 2530 llttlecto
267 2463 495 2544 Mesopotamiae
510 2465 654 2528 Nicanore
670 2467 783 2530 condita
798 2466 903 2528 Arabis
921 2475 1050 2528 vocatur.
1077 2465 1140 2526 lun·
1170 2493 1172 2500 ·

152 2559 256 2628 guntur
271 2549 316 2609 his
332 2548 447 2610 Arabes
461 2553 601 2610 introrsus
615 2549 777 2626 Eldamari,
803 2561 889 2629 supra
906 2545 979 2629 quos
995 2549 1030 2609 ad
1048 2548 1139 2608 Palla-

100 2646 104 2651 ’
153 2631 383 2708 contamllunrcn
393 2632 467 2696 Bura
480 2633 626 2712 oppidum,
643 2633 767 2696 Salmani
782 2643 811 2694 et
822 2633 912 2694 Masei
923 2630 1052 2700 Arab·es;
1069 2631 1139 2692 Gor-

154 2719 253 2793 dyaeis
269 2735 340 2782 vero
362 2718 449 2780 iuncti
463 2718 565 2794 Alani,
589 2737 644 2797 per
658 2735 730 2798 quos
746 2717 847 2777 Zerbis
867 2717 969 2778 fluvius
992 2717 1020 2776 in
1035 2715 1177 2793 Pigrimso

140 2802 239 2878 eadit,
254 2802 381 2879 Aeones,
399 2804 479 2864 Silici
488 2803 614 2864 montani
628 2810 658 2863 et
669 2801 803 2877 Orontes,
822 2817 941 2881 quorum
956 2800 992 2862 ad
1007 2799 1150 2873 occiden-¹

153 2895 211 2946 tem
226 2887 360 2965 oppidum
376 2886 566 2965 Gaugamela,
588 2889 655 2948 item
670 2886 728 2948 Sue
744 2887 772 2944 in
787 2885 914 2963 rupibus.
953 2886 1046 2964 Supra
1062 2883 1142 2946 Silici

154 2968 327 3047 Classitrae,
351 2989 404 3050 per
419 2987 491 3050 quos
505 2970 631 3045 bycoso
693 2969 800 3030 rmenia
814 2968 921 3045 fertur,
946 2968 1089 3030 Absithris
1106 2967 1143 3028 ad

153 3052 302 3115 hibernum
317 3064 464 3130 exortum,
486 3053 614 3116 Acochis
675 3053 788 3131 pidum,
807 3068 875 3112 mox
889 3053 918 3111 in
933 3050 1144 3130 campestribus

114 3145 165 3200 119
173 3138 279 3216 oppida
293 3138 459 3216 Diospage,
480 3137 635 3214 Polytelia,
650 3137 822 3212 Stratonice,
839 3134 1007 3208 Anthemus.
1052 3134 1085 3194 ln
1098 3133 1139 3191 vi·
1149 3143 1175 3184 ³⁵

112 3222 235 3283 sarcinis
249 3219 402 3299 Euphratis
419 3220 632 3300 Nicephorion,
655 3220 731 3298 qaod
746 3220 875 3284 diximus.
888 3254 889 3268 .
904 3219 1070 3280 Alexander
1084 3216 1139 3274 ius·

113 3307 203 3365 ausit
220 3305 438 3383 condipropter
454 3302 512 3365 loci
528 3303 779 3384 opportunitatem.
798 3303 881 3366 ,dicta
896 3313 940 3365 est
958 3304 1031 3364 etin
1047 3298 1140 3372 Zeug-

124 3458 128 3470 .
155 3397 229 3449 mate
253 3387 398 3467 Apamea,
429 3405 467 3448 ex
487 3406 542 3466 qua
561 3389 701 3450 orientem
723 3396 855 3467 petentes
877 3387 983 3464 excipit
1006 3379 1141 3462 oppidum
