2542 3842
293 195 373 241 nan
396 194 486 242 meo.
509 194 584 244 vm.
607 188 728 244 ιι-ιι
747 182 900 261 (ιε-ιιι.)
1054 175 1097 245 δι’

91 368 193 411 merae
213 323 377 429 famemque
397 348 540 409 Baliarum
563 350 663 409 insulis
679 348 825 427 populatis
849 350 993 427 messibus
1006 350 1094 411 adle-

93 445 200 499 rentes
230 434 308 493 istus
327 434 421 492 ventni
444 442 588 492 exsectos
602 434 652 492 vel
673 432 811 492 uberibus
836 419 948 493 ablatos
970 450 1033 493 non
1048 450 1095 493 re

94 529 232 599 purgatos
248 518 403 576 interaneis
418 518 606 593 gratissimo
596 536 625 575 ιιι
643 516 738 576 cibatu
753 516 870 576 habent.
901 518 1024 577 laurices
1042 529 1096 577 ιιι·

95 613 168 663 eant.
186 611 296 663 cer-hum
308 610 358 659 est*
368 600 526 660 Baliaricos
542 602 682 661 adversus
701 610 871 679 proventum
883 616 982 669 eorum
997 604 1137 667 anxi-218
1170 672 1172 677 ,

71 704 83 743 ι
94 687 160 746 lium
171 687 294 746 militare
305 704 321 744 a
333 684 400 744 divo
412 684 548 762 Augusto
560 685 690 764 petiisse.
708 702 811 760 magna
826 694 946 763 propter
959 692 1094 745 venatum

48 773 51 778 ⁴
94 789 158 830 eum
171 771 294 829 viverris
310 771 401 845 gnatia
418 777 472 827 est.
495 770 612 828 iniciunt
628 786 678 827 eas
694 770 723 827 in
739 776 845 846 specus
859 770 908 845 qui
925 778 989 827 sont
1000 770 1093 827 multi·

92 855 174 914 lores
190 853 401 928 interra,unde
418 862 448 910 et
456 852 690 927 nomenanimali,
701 860 787 930 atque
800 852 838 911 ita
847 852 958 911 eiectos
968 860 1094 931 sdpeme
1133 884 1138 891 ν

94 940 218 1015 capiunt.
246 936 408 996 Archelaus
436 945 538 996 unctor
558 946 603 996 est
623 944 694 1013 quot
713 937 770 994 sint
795 938 928 1013 eorporis
948 946 1102 995 cavernae

94 1021 130 1081 ad
146 1030 330 1081 excrementa
346 1020 441 1098 lepori
455 1021 573 1079 totidem
586 1038 676 1080 annos
689 1034 755 1078 este
773 1021 884 1079 aetatis
900 1021 996 1079 varius
1014 1028 1096 1078 cente

57 1119 228 1164 annumeras
247 1105 401 1183 reperitur.
440 1104 515 1163 idem
536 1113 684 1181 utramque
710 1105 767 1162 vim
793 1104 944 1179 singulis
935 1117 1033 1162 messe
1060 1118 1096 1161 ae

93 1191 156 1248 sine
173 1207 252 1249 mare
268 1206 362 1265 aeque
379 1190 511 1263 gignere.
538 1188 666 1264 Benigne
683 1189 760 1246 eirea
776 1185 832 1245 hoc
844 1196 943 1246 natura
955 1188 1137 1267 innocua219

93 1282 122 1332 et
140 1274 290 1333 esculenta
307 1272 439 1332 animalia
450 1271 573 1331 fecunda
589 1272 749 1349 generavit.
776 1265 860 1348 lepus
874 1272 996 1329 omnium
1007 1284 1096 1347 prae·

93 1357 147 1417 dae
163 1374 287 1417 nascens
304 1355 384 1414 solus
404 1363 522 1433 praeter
546 1355 724 1433 dasypodem
744 1354 905 1432 superlatet
929 1353 1006 1413 aliud
1026 1352 1094 1412 edu·

94 1458 179 1517 cans,
198 1440 299 1499 alind
289 1457 318 1497 ιιι
339 1448 422 1498 utero
440 1438 508 1516 pilis
523 1440 675 1514 vestitum,
698 1439 775 1498 aliud
791 1438 933 1516 inplume,
956 1437 1062 1497 aliud’
1053 1454 1094 1495 m-

56 1545 83 1585 15
93 1525 225 1584 choatum
239 1540 348 1601 gerens
361 1524 481 1601 pariter.
513 1523 577 1583 Nec
593 1539 650 1582 non
674 1532 703 1581 et
717 1522 807 1581 vestis
824 1522 958 1599 leporino
975 1521 1035 1599 pilo
1050 1520 1104 1579 fe·

93 1626 163 1667 cere
175 1616 340 1687 temptatum
354 1616 408 1681 est,
416 1616 493 1666 tactu
502 1621 559 1666 non
569 1608 688 1684 perinde
701 1606 790 1681 ntolli,
801 1614 834 1664 ut
843 1607 961 1679 incute,
972 1610 1095 1682 propter

92 1692 264 1752 brevitatem
286 1692 337 1769 pili
359 1690 508 1751 dilabidas.
552 1692 602 1752 56.
628 1690 711 1770 (82.)
735 1688 768 1749 'hi
782 1694 986 1749 mansuescunt
1000 1696 1136 1761 canobio

93 1792 157 1835 enm
177 1776 233 1834 leri
260 1774 395 1834 diei-iure
415 1778 622 1852 nonpossint,
646 1776 785 1853 conplura
806 1778 928 1850 namque
950 1780 1015 1831 sunt
1037 1788 1095 1830 nee

73 1857 218 1937 placida
221 1878 277 1919 nee
291 1859 370 1934 leva,
393 1858 445 1917 sed
467 1860 580 1919 mediae
601 1860 677 1917 inter
690 1866 843 1937 utrumque
859 1864 996 1931 naturae,
1021 1864 1051 1914 ut
1066 1856 1094 1914 in

54 1942 261 2001 aovolncribus
277 1942 455 2016 hirundines,
471 1960 554 2022 apes,
572 1945 601 2001 in
618 1944 695 2002 mari
705 1942 842 2019 delphini.

155 2019 206 2103 57.
224 2026 312 2098 Quo
304 2044 332 2083 ιιι
343 2042 454 2102 genere
469 2025 548 2084 molti
564 2036 594 2084 et
605 2026 659 2086 hos
674 2026 786 2083 incolas
801 2024 933 2083 domnum
948 2037 1078 2100 posuere
1085 2030 1136 2083 ιιι

89 2110 201 2185 muria,
225 2110 293 2169 hant
315 2108 538 2187 spernendum
528 2124 557 2165 nn
581 2110 704 2167 ostentis
724 2109 809 2167 etiam
833 2107 958 2185 publicis
981 2106 1096 2165 animal:

89 2194 205 2253 adrosis
225 2192 331 2252 Lanuvi
353 2191 456 2269 clipeis
483 2193 630 2267 argenteis
654 2190 805 2251 llarsieum
828 2188 1005 2268 portendere
1032 2189 1097 2248 bel-

48 2322 52 2330 ,
89 2278 158 2351 lum,
176 2274 303 2334 Carboni
326 2276 493 2352 imperatori
508 2275 584 2353 apod
599 2273 725 2334 (llusium
745 2274 844 2334 lesciis
869 2272 978 2352 quibus
989 2275 1017 2331 in
1035 2271 1097 2331 cal-⁸

51 2381 79 2421 as
89 2363 167 2421 ciatu
185 2359 318 2423 utebatur
334 2360 460 2417 exitium.
488 2360 571 2437 plura
586 2375 686 2418 eorum
701 2360 856 2435 generaln
872 2356 1033 2432 Cyrenaica
1047 2369 1097 2413 re·

88 2446 198 2521 gione,
217 2443 266 2502 alii
285 2444 340 2504 lata
362 2443 473 2518 fronte,
490 2443 539 2503 alii
561 2452 662 2519 acuta,
691 2443 738 2502 alii
761 2444 960 2503 irenaceorum
983 2453 1094 2517 genere

87 2528 285 2607 pungentibus
306 2527 383 2605 pilis.
413 2525 632 2605 Theophrastus
648 2534 808 2587 auctorest
829 2528 857 2585 in
875 2524 969 2599 Gyara
984 2524 1135 2589 insulam

88 2629 155 2671 cum
170 2612 282 2671 incolas
297 2612 475 2687 fugaverint,
491 2611 599 2670 lerrnm
615 2628 732 2695 quoque
746 2613 858 2671 rosisse
879 2618 947 2682 eos,
971 2609 1000 2667 id
1017 2608 1093 2685 quod

87 2704 191 2754 natura
216 2695 335 2772 quadam
359 2696 440 2755 etad
463 2693 607 2769 Chalybas
625 2690 759 2755 iacere
751 2714 779 2754 ιιι
804 2692 933 2753 ferreriis
958 2692 1096 2750 cilicinis

50 2778 212 2839 scaurariis
227 2780 368 2864 quidem
358 2798 387 2836 rn
401 2779 535 2838 metallis
549 2780 588 2838 ob
602 2779 659 2837 hoe
683 2779 765 2837 alvos
787 2794 897 2837 sonum
906 2774 1003 2833 enoidi
1019 2790 1096 2833 sem

86 2878 202 2942 perque
217 2854 323 2921 lurtum
339 2862 366 2920 id
378 2862 557 2949 deprehendi
570 2871 675 2921 tantam
691 2878 764 2921 esse
760 2860 955 2921 dulcedinem
970 2856 1091 2916 iurandi

85 2947 216 3005 Venisse
236 2961 344 3005 murem
361 2958 404 3004 oo
425 2938 550 3005 denariis
574 2944 730 3005 Casilinum
751 2944 905 3003 obsidente
920 2940 1091 3015 Hannibale,

88 3048 214 3109 eumque
230 3029 456 3109 quivendiderat
472 3030 569 3090 fame
560 3030 707 3088 interiisse
710 3036 896 3105 ,emptorem
911 3027 1031 3098 vixisse,
1045 3040 1092 3081 an

86 3115 172 3173 nales
188 3114 310 3174 tradunt.
331 3110 401 3171 Gom
420 3113 534 3172 candidi
546 3128 723 3192 provenere,
737 3112 843 3171 laetum
858 3110 966 3170 iaciunt
978 3116 1074 3170 osten·
1064 3108 1139 3169 -ιιὸ

51 3207 158 3258 astum.
198 3216 262 3259 nam
282 3198 408 3256 soricum
430 3206 553 3256 occentn
574 3196 666 3255 dirimi
690 3197 817 3274 auspicia
834 3194 952 3254 annalis
966 3192 1095 3251 refertos

88 3281 240 3354 babemus.
263 3281 392 3340 Soric'es
408 3291 437 3339 et
451 3281 533 3359 ipsos
552 3281 649 3340 bieme
666 3280 751 3339 eondi
773 3286 874 3339 arrcton
888 3287 933 3337 est
950 3275 1093 3352 Nigidius,

88 3366 172 3424 sicut
179 3367 285 3441 glires,
303 3381 377 3441 quos
403 3366 556 3423 censoriae
576 3365 671 3441 leges
686 3360 882 3443 princepsque
903 3360 941 3420 hl
968 3361 1095 3418 Scaurus

87 3450 117 3508 in
138 3450 289 3509 consulatu
312 3464 370 3518 non
392 3448 451 3508 alio
471 3448 557 3509 modo
573 3450 653 3509 cenis
675 3449 810 3509 ademere
832 3442 1094 3589 quapn*oonobpbe
