2542 3842
305 197 385 245 unu.
402 196 492 245 uisu.
509 197 545 243 11.
564 192 684 248 ror-18.
705 188 857 266 (ra—16.)
1027 223 1032 239 .
1063 192 1102 253 79

107 369 203 415 rursus
230 350 317 413 stella
344 360 467 429 utroque
490 352 576 411 ruodo
602 352 744 413 scandere
765 354 802 414 ab
827 364 929 415 exortu
952 360 1100 433 matutino,

107 435 227 514 degredi
244 452 316 493 vero
338 435 485 495 latitudine
501 454 518 495 u
532 438 720 515 vespertino,
744 449 960 519 consecutoque
973 442 1046 501 'sole
1065 444 1099 504 ad

107 519 268 601 quindecim
290 519 410 596 partium
430 520 610 580 intervallum
627 522 759 581 consistit
779 524 929 601 quatriduo
950 543 1044 605 prope
1059 520 1099 586 in·

106 604 229 665 mobilis.
260 611 328 661 mox
349 602 385 663 ab
407 603 554 663 altitudine
576 605 731 665 descendit
750 615 890 686 retroque
914 609 1043 683 graditur
1064 611 1143 671 abio

84 706 216 749 eoocasu
235 687 406 767 vespertino
423 706 514 767 usque
537 688 573 748 ad
589 698 721 749 exortum
735 693 913 766 matutinum,
938 700 1100 772 tantumque

105 774 177 833 haec
194 780 225 829 et
239 770 305 830 luna
320 770 439 830 totidem
455 772 557 831 diebus
572 782 641 851 quot
656 772 773 833 subiere
787 774 976 834 descendunt.
1005 776 1100 837 Vene-

105 857 143 916 ris
158 855 328 935 quindecies
341 854 470 931 pluribus
482 856 567 933 subit,
584 876 683 916 rursus
695 859 809 918 Saturni
824 867 854 918 et
864 857 943 918 lovis
954 859 1101 938 duplicato

105 939 324 1017 degredientur,
343 936 440 998 llartis
456 940 541 1001 etiam
559 941 787 1021 quadruplicato.
815 942 905 1003 Tanta
921 952 967 1002 est
979 952 1100 1004 naturae

104 1026 240 1098 varietas,
257 1022 310 1083 sed
324 1024 396 1082 ratio
413 1024 543 1083 evidens.
566 1042 630 1084 narn
644 1044 718 1105 quae
729 1027 758 1085 iu
769 1044 909 1106 vaporem
923 1027 996 1087 solis
1009 1029 1099 1088 nitun-

71 1126 95 1168 ro
104 1118 150 1169 tur
164 1109 248 1167 etiarn
264 1106 443 1167 descendunt
457 1126 557 1185 aegre.

166 1192 250 1270 (15.)
274 1189 361 1251 lllulta
387 1192 480 1269 promi
505 1192 626 1270 amplius
647 1192 726 1251 circa
744 1192 819 1252 baec
842 1202 962 1270 possunt
984 1204 1142 1260 societati

103 1278 221 1338 naturae
234 1275 377 1353 legesque
395 1274 500 1356 quibus
519 1276 582 1353 ipsa
597 1278 713 1335 serviat.
737 1276 864 1354 exempli
879 1278 971 1353 gratia
986 1278 1015 1335 iu
1026 1277 1099 1339 llar-

102 1363 138 1421 tis
150 1360 260 1433 sidere,
278 1360 358 1419 cuius
374 1370 418 1419 est
433 1376 564 1419 maxume
580 1358 804 1419 inobservabilis
820 1378 931 1436 cursus,
948 1379 1100 1440 numquam

103 1446 131 1506 id
157 1443 309 1503 stationem
334 1442 432 1504 iacere
457 1443 535 1503 lovis
556 1443 654 1503 sidere
676 1445 835 1523 triquetro,
861 1462 927 1505 raro
948 1446 1099 1507 admodum

71 1557 94 1596 15
105 1529 254 1603 sexaginta
276 1528 404 1606 partibus
420 1529 564 1601 discreto,
591 1529 640 1606 qui
659 1546 794 1587 uumerus
814 1529 989 1605 sexangulas
1004 1531 1099 1590 muudi

105 1612 193 1673 elficit
218 1612 342 1685 formas,
376 1630 431 1671 neo
458 1620 575 1671 exortus
602 1613 656 1671 nisi
681 1614 709 1670 in
735 1611 848 1671 duobus
869 1614 960 1689 signis
981 1621 1098 1688 tantum,

105 1697 201 1758 caueri
223 1705 253 1754 et
277 1696 388 1770 leonis,
416 1696 498 1756 simul
518 1696 618 1755 edere.
645 1695 772 1755 Mercuri
792 1713 864 1755 vero
886 1697 964 1756 sidus
980 1706 1099 1756 exortus

103 1780 287 1859 vespertinos
303 1781 331 1837 iu
349 1779 477 1857 piscibus
491 1798 574 1839 raros
591 1779 702 1853 lacere,
720 1779 915 1844 creberrimos
929 1782 958 1839 iu
973 1782 1097 1857 virgine,

103 1867 132 1923 in
148 1863 221 1923 libra
232 1864 407 1938 matutinos,
430 1865 497 1924 itenr
516 1865 667 1923 matutinos
688 1864 716 1922 in
730 1865 865 1942 aquario,
889 1866 1052 1925 rarissimos
1069 1867 1099 1923 in

70 1949 202 2021 auleone,
218 1949 418 2023 retrogradum
429 1949 457 2007 in
467 1957 548 2009 tauro
563 1958 592 2007 et
604 1949 632 2007 in
643 1949 766 2024 geminis
780 1965 838 2007 uon
854 1949 928 2025 lieri,
945 1950 973 2007 in
990 1966 1096 2008 cancro

105 2049 247 2091 veronen
264 2032 334 2091 citra
349 2032 514 2103 vicesimam
531 2033 654 2110 quintam
670 2041 790 2110 partem.
820 2032 975 2092 lunam-bis
993 2031 1139 2093 coituml8

103 2133 168 2183 oum
183 2115 248 2172 sole
263 2116 291 2197 in
304 2115 383 2175 nullo
401 2116 458 2179 alio
474 2118 556 2191 signo
572 2116 673 2175 iacere
689 2133 773 2192 quam
787 2118 927 2190 geminis,
943 2123 1000 2173 non
1016 2118 1097 2173 coire

102 2197 258 2277 aliquando
273 2198 301 2257 in
316 2201 463 2275 sagitt-ario
479 2209 599 2272 tantum,
627 2198 811 2256 novissimam
826 2212 898 2255 vero
920 2198 1098 2273 primamque

102 2282 206 2342 eadem
222 2281 269 2341 die
285 2283 331 2341 vel
343 2292 429 2343 nocte
443 2282 521 2342 nullo
537 2282 592 2343 alio
609 2282 637 2339 in
654 2280 736 2355 siguo
752 2296 837 2357 quarn
852 2280 943 2338 ariete
956 2279 1096 2354 conspici.

68 2386 92 2425 re
103 2366 131 2425 id
148 2382 263 2444 quoque
279 2370 378 2445 paucis
393 2367 551 2428 mortalium
569 2365 724 2442 contingit,
742 2372 771 2423 et
784 2363 851 2424 iude
869 2363 943 2424 famu
960 2362 1098 2421 cernendi

102 2449 229 2524 Lynceo.
245 2468 303 2510 nou
318 2468 479 2530 conparere
496 2452 524 2509 io
540 2449 623 2509 caelo
640 2449 753 2509 Saturni
768 2449 846 2510 sidus
862 2457 891 2507 et
905 2446 1016 2522 Martis,
1034 2464 1096 2506 curn

104 2534 272 2610 plurumum,
290 2535 391 2594 diebus
409 2544 521 2595 centum
537 2534 727 2613 septuaginta,
744 2531 823 2592 lovis
838 2533 952 2609 triginta
968 2550 1022 2589 sex
1038 2540 1095 2605 aut,

104 2635 168 2676 curn
184 2618 346 2694 minumum,
363 2619 444 2679 denis
459 2618 594 2678 detractis
609 2618 721 2691 diebus,
739 2615 864 2676 Veneris
879 2616 1029 2691 sexaginta
1044 2633 1095 2682 no·

100 2718 166 2760 veru
184 2710 250 2781 aut,
269 2720 331 2761 cunr
345 2704 512 2776 minumum,
530 2702 733 2780 quinquaginta
748 2700 877 2775 duobus,
900 2698 1025 2757 Mercuri
1037 2698 1095 2755 tre·

68 2808 90 2847 eo
101 2783 198 2843 decim
216 2793 272 2859 aut,
290 2804 353 2845 cum
369 2787 535 2864 plurumum,
554 2784 727 2845 octodecim.

165 2866 213 2928 18.
236 2868 320 2948 (16.)
332 2867 470 2930 'Colores
484 2870 557 2930 ratio
580 2869 755 2929 altitudinum
768 2872 927 2943 temperat,
953 2863 1137 2942 siquidemlll

100 2969 198 3011 earum
210 2951 422 3015 similitudinem
436 2952 548 3013 trahunt
561 2954 588 3011 in
600 2970 718 3030 quarum
730 2968 798 3009 aera
809 2965 919 3006 venere
934 2945 1093 3021 subeundo,

99 3036 260 3115 tinguitque
282 3035 546 3115 adpropinquantes
569 3034 703 3095 utralibet
726 3032 811 3092 alieni
832 3038 943 3089 meatus
958 3030 1093 3105 circulus,
1190 3086 1202 3099 ,

101 3116 231 3195 frigidior
245 3121 273 3178 in
289 3120 447 3199 pallorem,
464 3120 609 3180 ardentior
626 3120 656 3175 in
670 3116 816 3189 ruborem,
833 3123 970 3175 ventosus
984 3117 1013 3173 in
1028 3115 1093 3173 hor·
1190 3179 1193 3189 ¹

67 3217 210 3280 atrorem,
240 3202 386 3285 soletque
405 3206 599 3267 conmissurae
615 3200 744 3280 apsidum
761 3206 967 3278 extremaeque
983 3196 1094 3257 orbitae

99 3294 188 3348 atram
201 3290 231 3347 in
245 3287 458 3349 obscuritatem.
477 3306 546 3347 suus
558 3278 789 3365 quidemcuique
808 3284 890 3343 color
900 3292 954 3358 est,
972 3281 1094 3341 Saturno

102 3373 250 3447 candidus,
267 3371 330 3431 lovi
347 3373 451 3446 clarus,
469 3370 552 3432 Marti
563 3373 677 3447 igneus,
690 3367 814 3427 lucifero
828 3367 962 3439 caudens,
975 3363 1108 3441 vesperi⁸
1182 3418 1186 3423 ,

99 3452 262 3532 refulgens,
275 3453 421 3517 Mercurio
432 3454 556 3531 radiens,
572 3454 657 3514 lunae
672 3451 811 3527 blandus,
827 3450 899 3523 soli,
917 3465 980 3507 cum
994 3448 1093 3519 oritur,
