2542 3842
153 156 212 220 164
289 156 295 169 “
496 168 526 215 c.
544 168 642 217 eunus
656 166 807 217 succum

150 326 313 398 Sarmatae,
339 338 413 401 quos
435 320 559 382 Areatas
580 330 702 396 vocant,
725 321 912 399 Scythaeque
927 329 958 388 et
972 321 1052 382 eirca
1066 321 1150 383 Ponti

150 409 236 468 litora
252 406 389 466 Moriseni
405 405 584 485 Sithoniique
608 403 717 483 Orphei
739 406 813 464 vatis
835 406 985 481 genitores
1007 406 1148 483 optinent.

108 490 191 557 tulta
205 491 265 551 linit
281 490 378 551 Hister
392 506 409 549 a
425 490 641 568 septentrione,
661 488 698 549 ab
723 498 788 549 ortu
803 488 910 548 Pontus
932 506 967 548 ac
982 488 1148 567 Propontis,

151 594 167 635 a
182 574 300 633 meridie¹
316 574 467 650 Aegaeum
482 591 577 647 mare,
600 574 681 635 cuius
706 574 735 633 in
752 590 835 633 orau
857 573 1010 646 Strymone
1025 571 1149 652 Apollo·
1267 597 1268 622 u

150 659 213 732 nia,
232 656 373 732 Oesyma,
393 655 551 736 Neapolis,
568 656 667 716 Batos.
703 660 779 717 intus
801 655 926 735 Philippi
945 656 1072 716 colonia.
1099 655 1172 717 aab-r
1267 679 1268 682 ¹

149 749 214 801 sunt
235 758 251 800 a
273 739 434 801 Durrachio
456 737 612 800 CCCXXV
631 738 662 798 ll
676 756 755 816 pass.
778 740 935 814 Scotussa,
959 739 1084 817 Topiros
1109 742 1149 800 ci·

150 825 235 884 vitas.
263 822 348 883 lllesti
364 824 453 883 amuis
467 824 580 883 ostium.
602 838 685 881 mons
701 821 861 898 Pangaeus.
889 822 1044 899 Heraclea,
1060 822 1149 899 Olyn·
1268 819 1269 874 ἶ

148 906 225 969 thos.
263 905 381 966 Abdera
407 905 499 965 libera
528 906 649 979 civitas,
677 912 810 981 stagnum
840 904 988 965 Bistonum
1013 916 1043 966 et
1063 924 1148 983 gens.

149 990 287 1069 oppidum
301 989 354 1047 luit
375 986 470 1047 Tirida
485 986 633 1047 Diomedis
649 1005 789 1066 equorum
802 987 923 1049 stabulis
941 989 1041 1049 dirum
1075 1008 1150 1051 nunc

149 1082 213 1133 sunt
228 1072 347 1147 Dicaea,
362 1069 507 1146 lsmaron,
524 1071 607 1131 locus
622 1071 813 1148 Parthenion,
828 1071 996 1148 Phalesina,
1013 1072 1150 1136 lluronea
1160 1090 1185 1131 so

106 1160 226 1236 soprius
243 1154 422 1232 Orthagurea
438 1154 523 1217 dicta.
554 1172 635 1217 mons
651 1157 790 1231 Serrium,
810 1155 902 1230 Zone,
918 1166 977 1217 tum
990 1157 1074 1217 locus
1089 1158 1149 1218 Do·

149 1242 255 1301 riscum
270 1238 372 1299 decem
393 1239 500 1299 milium
520 1238 664 1301 hominum
687 1257 790 1319 capax.
824 1240 866 1299 ita
883 1238 1000 1300 Xerxes
1015 1240 1054 1300 ibi
1069 1242 1149 1303 diuu-
1269 1257 1270 1294 1

149 1324 270 1384 meravit
292 1323 460 1383 exereitum.
496 1340 530 1383 os
556 1322 657 1384 Hebri.
697 1332 799 1401 portus
820 1323 976 1384 Stentoris.
1013 1324 1149 1403 oppidum
1269 1379 1270 1406 ζ

149 1408 249 1467 Aenos
263 1406 385 1467 liberum
397 1425 460 1467 cum
470 1406 607 1482 Polydori
616 1406 735 1483 tumulo,
749 1404 887 1467 Ciconum
898 1408 1043 1485 quondam
1053 1410 1148 1484 regio.

150 1491 177 1550 A
195 1490 320 1550 Dorisco
338 1491 502 1551 incurvatur
524 1506 575 1551 ora
596 1489 632 1550 ad
654 1490 773 1551 llaeron
794 1490 889 1551 tichos
913 1488 1020 1553 (lllel
1042 1491 1148 1552 milium
1160 1503 1185 1543 1⁵

151 1592 249 1653 pass,
268 1574 346 1634 circa
362 1591 447 1651 quem
464 1573 561 1635 locum
582 1572 685 1633 fluvius
700 1572 793 1634 llelas
817 1591 908 1653 aquo
923 1577 1002 1635 sinus
1018 1575 1149 1653 appella·

149 1666 205 1717 tur.
238 1657 344 1735 oppida
361 1656 506 1735 Cypsela,
521 1656 657 1717 Bisanthe
677 1656 796 1719 Macron
818 1658 912 1719 tichos
936 1659 1059 1732 dictum,
1082 1661 1149 1736 quio

150 1758 167 1800 a
185 1738 361 1817 Propontide
385 1741 421 1800 ad
435 1738 579 1801 llelanem
598 1742 691 1801 sinum
710 1742 785 1803 iuter
806 1742 862 1802 duo
883 1743 970 1802 maria
995 1751 1148 1819 porrectus

108 1831 143 1885 44
150 1841 245 1883 murus
261 1832 480 1901 procurrentem
491 1824 619 1885 excludit
635 1823 859 1886 Cherronesum.
884 1825 1014 1904 Namque
1027 1824 1148 1886 Threcia

151 1907 244 1967 altero
262 1907 354 1967 latere
372 1925 388 1967 a
403 1906 521 1969 Pontico
542 1908 627 1970 litore
649 1910 805 1988 incipiens,
826 1908 875 1970 ubi
891 1909 988 1970 llister
1005 1911 1093 1969 amnis
1106 1911 1146 1967 in·
1158 1926 1185 1967 ao

151 1992 306 2067 mergitur,
328 1992 377 2051 vel
398 1990 606 2070 pulcherrimas
621 1995 651 2053 in
668 2011 703 2053 ea
718 2003 801 2072 parte
816 1993 895 2054 urbis
910 1993 1015 2068 habet,
1037 1992 1147 2053 Histro·

150 2073 240 2154 polim
256 2072 450 2150 Milesiorum,
472 2075 578 2137 Tomos
602 2073 794 2156 Callatimque
817 2095 892 2156 qnae
914 2084 1000 2137 antea
1016 2074 1148 2137 Cerbatis
1170 2078 1175 2085 '

151 2158 319 2219 vocabatur.
350 2158 626 2220 lleraoleamhabuit
642 2170 671 2221 et
681 2162 809 2223 Bizonen
823 2171 919 2221 terrae
934 2161 1012 2221 hiatu
1027 2169 1147 2237 raptam,

151 2260 224 2303 nuno
240 2242 326 2303 habet
342 2241 564 2322 Dionysopolim
581 2243 697 2305 Grunon
713 2235 797 2306 antea
813 2245 925 2305 dictum
957 2243 1147 2319 adluitZyras

151 2328 249 2387 amuis.
290 2325 392 2387 Totum
416 2345 481 2389 eum
502 2336 623 2387 tractum
645 2329 773 2401 Scythae
793 2326 936 2385 Aroteres
954 2327 1148 2401 cognominati
1157 2336 1185 2377 2⁵

149 2418 280 2469 tenuere.
319 2427 420 2468 eorum
440 2410 546 2486 oppida
566 2407 775 2485 Aphrodisias,
792 2406 927 2482 Libistos,
944 2408 1071 2485 Zygere,
1089 2408 1148 2470 Ro·

150 2491 240 2565 oobe,
263 2490 417 2564 Eumenia,
439 2490 678 2566 Parthenopolis,
702 2491 841 2563 Gerania,
869 2490 919 2549 ubi
939 2490 1150 2565 Pygmaeorum

150 2592 223 2651 gens
237 2573 328 2633 luisse
343 2573 483 2650 proditur.
513 2570 629 2632 catizos
650 2572 766 2632 barbari
783 2571 946 2647 vocabant,
969 2572 1148 2650 creduntque

107 2666 166 2717 45a
180 2655 298 2733 gruibus
313 2656 439 2731 fugatos.
472 2653 504 2715 lu
523 2672 574 2715 ora
599 2653 825 2733 aDionysopoli
847 2665 892 2715 est
914 2655 1043 2721 Odessus
1066 2656 1147 2717 blile

149 2743 267 2813 siorum,
280 2739 384 2800 flumen
399 2738 529 2814 Panysis,
546 2740 682 2816 oppidum
693 2738 950 2799 Tetranaulochus.
978 2739 1062 2799 llons
1073 2740 1147 2801 llae-
1157 2757 1184 2799 ao

149 2842 211 2882 mus
232 2832 315 2883 vasto
338 2825 407 2900 iugo
434 2820 626 2901 procumbens
650 2825 679 2881 in
700 2822 820 2883 Pontum
841 2823 978 2901 oppidum
1001 2824 1099 2886 habuit
1119 2827 1149 2885 in

148 2908 259 2967 vertice
275 2907 448 2967 Aristaeum
475 2923 550 2966 nunc
570 2907 599 2965 in
616 2922 668 2965 ora
682 2904 873 2982 Mesembria,
895 2906 1082 2983 Anchialum,
1099 2908 1147 2969 ubi

149 2989 245 3050 llessa
259 2991 364 3051 iuerat.
405 2991 507 3051 Astiee
523 2991 606 3065 regio
628 2988 728 3049 habuit
748 2988 885 3067 oppidum
899 2990 1050 3067 Anthium,
1073 3010 1147 3051 nuuc

150 3082 195 3132 est
215 3073 382 3150 Apollonia.
421 3073 535 3134 llununa
551 3072 689 3147 Panisos,
718 3071 817 3148 lurae,
842 3073 970 3149 Tearus,
995 3072 1146 3148 Orosines,

150 3156 256 3233 oppida
279 3156 421 3231 Thynias,
444 3154 652 3230 Halmydesos,
679 3155 916 3217 Develton'cum
940 3166 1044 3234 stagno
1070 3157 1183 3236 quodss

149 3258 224 3299 nunc
240 3238 375 3299 Deultum
389 3248 511 3299 vocatur
525 3248 739 3313 veteranorum,
754 3239 943 3319 Phinopolis,
962 3242 1050 3301 iuuta⁴
1063 3258 1147 3317 quam

150 3321 309 3399 Bosporus.
346 3321 393 3381 Ab
415 3321 503 3381 llistri
524 3325 601 3381 ostio
625 3322 661 3382 ad
685 3339 719 3381 os
738 3322 821 3383 Ponti
843 3342 920 3401 pass.
937 3324 1013 3383 obv
1026 3324 1085 3383 mil.
1103 3324 1146 3383 ie·

118 3431 141 3467 aa
153 3422 233 3481 cere,
251 3404 382 3483 Agrippa
396 3402 446 3463 LX
460 3404 575 3466 adiecit.
604 3404 674 3466 lude
691 3406 727 3467 ad
742 3412 851 3467 murum
866 3424 954 3485 supra
966 3406 1072 3467 dictum
1089 3404 1147 3480 ot,
