2542 3842
88 133 93 212 f
165 167 225 229 070
419 207 430 229 ,
501 179 530 226 o.
554 179 651 225 runnu
672 177 822 225 saeuum

164 334 324 410 admemon
346 333 403 394 hoo
425 333 528 394 nrodo:
557 332 617 394 aibi
637 334 722 392 musti
741 332 877 392 sextariis
898 344 946 390 xx
968 345 1060 408 aquae
1083 326 1177 386 dimi·
1230 284 1232 377 h

164 419 239 480 dium
257 417 290 459 **
305 418 401 478 inruet
422 417 517 478 doneo
538 425 719 495 excoquatur
741 433 834 494 aquae
856 431 999 474 mensura.
1031 411 1081 472 alii
1108 428 1176 471 ma·

164 505 245 563 rinae
275 503 420 562 sextarios
446 502 565 576 duoetm
594 500 757 572 tantundem
785 499 919 580 pluviae,
947 498 975 558 in
1004 495 1069 555 soie
1097 513 1176 574 qua·

165 589 294 664 draginta
317 585 419 647 diebus
442 593 563 646 torrent.
592 585 660 646 dant
681 587 780 662 aegris
801 584 904 664 quibus
925 582 982 642 vini
997 582 1118 639 noxiam
1136 579 1176 638 ti·

123 683 172 735 101
180 677 265 732 nent.
280 671 331 748 {2}
345 670 516 732 Proxumum
528 669 586 728 dte
599 669 658 730 mili
666 671 776 729 semine
786 677 896 728 maturo
907 683 970 727 oum
982 666 1046 744 ipsa
1058 663 1199 742 stipulas

164 754 264 814 librum
280 753 467 830 quadrantem
488 755 517 812 in
532 754 655 831 oongios
675 747 748 814 du'os
768 752 868 827 musti,
888 758 1036 811 macerato
1052 757 1084 808 et
1101 757 1175 827 post

125 838 159 913 ,2³4
174 847 333 916 septumum
349 855 476 898 mensem
490 837 645 898 nanniano.
670 855 708 896 ex
721 838 783 896 loto
797 835 919 911 arbore,
938 835 1058 908 irutiee,
1074 832 1175 893 herba

123 932 173 985 102
185 922 290 982 dietum
307 929 352 980 ost
367 922 407 981 uti
423 937 557 1000 quaeque
581 921 694 982 flerent.
723 920 776 1000 {ol
798 919 885 980 Fiunt
899 928 928 979 et
945 919 1071 1000 epomis
1092 935 1175 996 qnae

163 1005 293 1064 dicemus
317 1004 600 1081 interpretationibus
622 1021 681 1064 uon
703 1006 758 1064 uisi
771 1005 947 1065 necessariis
964 1002 1086 1078 additis,
1113 1004 1174 1081 pri·

163 1105 296 1168 unumque
314 1106 330 1147 e
346 1088 464 1168 palmis,
485 1107 543 1170 quo
558 1088 670 1164 Parthi,
691 1089 751 1150 iudi
772 1097 886 1148 utuntur
907 1097 937 1148 et
961 1088 1059 1146 oriens
1075 1095 1205 1163 totns,1u

165 1173 318 1246 mitiorum,
334 1189 406 1250 quas
422 1182 527 1234 voount
542 1173 706 1250 chydaeas,
721 1173 817 1234 modio
832 1173 863 1232 in
875 1191 967 1251 aquae
985 1171 1103 1247 congiis
1120 1173 1175 1230 tri-

163 1257 218 1318 bus
239 1265 386 1316 munerato
410 1273 624 1336 expressoque.
661 1259 704 1318 sio
726 1257 757 1317 tit
780 1266 811 1316 et
829 1258 938 1331 sycites
956 1275 972 1315 e
988 1256 1061 1328 hoo,
1080 1273 1175 1334 quem

165 1343 212 1404 alii
229 1341 448 1420 phurnuprium,
469 1340 517 1400 ulii
539 1341 652 1400 troohin
665 1349 780 1402 uooant.
810 1351 857 1401 aut
881 1341 906 1399 si
922 1340 1008 1400 duloe
1023 1357 1096 1399 esse
1115 1356 1177 1399 non

165 1426 265 1500 libeat,
283 1441 336 1503 pro
352 1443 426 1503 aqua
438 1425 600 1486 tantundem
614 1427 799 1486 vinaceorum
811 1425 940 1485 adieitur.
958 1421 1099 1502 erprin
1115 1423 1175 1484 ineo

165 1519 195 1570 et
215 1517 327 1570 aoemm
343 1509 373 1570 iit
393 1509 578 1588 praecedens
598 1519 686 1589 atque
703 1508 900 1570 Alexandrino
916 1523 1031 1588 quoqne
1053 1507 1176 1568 melius.
1185 1535 1205 1575 1⁵

123 1604 175 1658 103
185 1593 288 1654 Vinum
303 1593 332 1652 tt
348 1601 377 1652 et
393 1612 410 1652 e
424 1591 528 1672 siliqua
543 1593 679 1668 Syriaca,
695 1611 712 1653 e
728 1595 801 1672 piris
822 1595 1020 1672 malommque
1033 1592 1176 1652 omnihus

164 1676 338 1756 generibus,
357 1676 411 1736 sed
428 1675 572 1736 ePuniois
587 1677 703 1738 rhoiten
717 1687 840 1754 rooant,
857 1687 887 1737 et
898 1697 916 1737 e
929 1678 1043 1752 cornis,
1058 1677 1173 1755 mespi-

165 1761 216 1835 lis,
242 1757 355 1834 sorbis,
380 1761 469 1818 moris
489 1761 594 1836 sionis,
616 1761 729 1821 nunieis
753 1763 856 1842 pineis.
898 1762 927 1822 hi
946 1770 1041 1822 musto
1062 1760 1172 1820 madidi

123 1854 175 1907 1⁰4
186 1843 397 1920 exprimuntur,
419 1843 570 1921 superiora
592 1863 646 1923 per
660 1863 693 1905 se
706 1846 794 1905 mitia.
821 1844 955 1921 diprtiten
973 1841 1047 1905 Cato
1067 1861 1166 1922 ouem·

123 1927 156 2000 {35
168 1926 318 1987 admodum
348 1926 411 1986 heri
439 1925 571 1988 docuerit
606 1945 675 1988 rnox
700 1929 787 2008 panio
815 1927 1025 2005 indicabimus,
1063 1928 1207 1993 Graeoirr

165 2019 195 2070 et
208 2009 266 2070 alio
280 2009 377 2070 modo.
403 2011 490 2072 ramis
504 2013 611 2074 teneris
633 2031 697 2074 oum
715 2015 773 2073 suis
788 2014 867 2075 ioiiis
880 2015 908 2073 in
925 2012 993 2074 aibo
1007 2022 1103 2076 musto
1121 2012 1174 2073 de-

165 2096 274 2169 oootis,
292 2095 398 2171 tunsis,
422 2096 524 2174 iihrgann
539 2098 567 2156 in
584 2098 676 2159 trihus
694 2098 778 2158 musti
794 2100 906 2176 congiis
922 2097 1175 2174 deierveiaoiunt,

166 2179 260 2240 donee
281 2178 337 2238 duo
358 2181 514 2258 supersint.
548 2182 625 2259 quod
645 2184 685 2242 ita
706 2180 849 2242 silvestris
864 2184 948 2257 myrti
963 2182 1046 2243 banis
1061 2180 1176 2242 iactum

124 2273 234 2326 tonost
253 2264 443 2338 myrtidanum
463 2273 594 2324 voontur.
631 2267 689 2327 hoo
708 2283 806 2326 monus
828 2267 940 2343 tinguit.
972 2265 1024 2346 [4.]
1054 2262 1103 2324 Ex
1127 2266 1175 2327 his

165 2347 283 2426 quaein
298 2348 389 2407 hortis
404 2348 560 2423 gignuntur
575 2347 606 2408 iit
626 2351 721 2410 vinum
739 2369 756 2410 e
772 2350 871 2410 radice
887 2351 1037 2430 asparagi,
1061 2352 1208 2429 cunilam

166 2431 304 2507 origano,
329 2431 376 2508 api
396 2433 522 2506 semine,
546 2431 726 2509 habrotono,
749 2443 924 2510 mentastro,
945 2443 1026 2508 ruta,
1047 2444 1176 2514 nepeta,

165 2513 313 2592 serpyllo,
329 2513 484 2574 manuhio.
513 2518 674 2595 manipulos
684 2517 769 2579 binos
785 2518 911 2578 eondunt
925 2517 1067 2597 inondum
1082 2521 1176 2578 musti

124 2607 175 2660 loo
186 2608 215 2658 et
242 2613 331 2673 sapae
358 2599 514 2660 sextarium
535 2608 564 2659 et
590 2619 682 2679 aquae
707 2603 834 2662 marinae
857 2601 1009 2662 heminam.
1043 2621 1060 2661 e
1085 2602 1176 2681 napis

165 2682 196 2742 iit
211 2681 295 2741 dnum
309 2681 492 2742 donariorum
503 2683 635 2761 pondere
650 2686 679 2743 in
695 2686 938 2747 sextariosbinos
954 2689 1039 2749 musti
1054 2687 1176 2765 addito,

165 2769 233 2826 item
255 2782 272 2822 e
293 2764 396 2828 suillae
416 2767 525 2828 radioe.
554 2769 629 2828 inter
650 2769 738 2829 dores
760 2787 798 2830 ex
819 2787 906 2830 rosae
927 2769 1006 2831 foliis
1031 2772 1127 2831 tunsis
1145 2775 1212 2834 into

166 2848 287 2908 iinteoio
302 2851 331 2910 in
353 2859 474 2910 mustum
495 2851 617 2913 ooniatis
635 2871 699 2913 oum
712 2853 912 2932 pondusculo,
933 2864 963 2914 ut
978 2853 1068 2929 sidat,
1092 2853 1136 2916 Χ.
1153 2871 1179 2918 Ι,

166 2931 297 3012 pondere
313 2935 342 2994 in
357 2936 501 2994 sextarios
516 2938 600 2996 musti
615 2939 734 2998 rioenos
749 2954 805 2998 neo
819 2946 886 2999 ante
898 2937 949 2997 trin
964 2955 1080 3002 menses
1096 2959 1180 3003 vase

124 3025 173 3081 107
186 3025 299 3094 operto.
329 3019 396 3077 item
411 3037 429 3078 e
444 3020 534 3079 nardo
551 3018 665 3081 Gallico
681 3030 711 3081 et
725 3021 801 3083 aliud
820 3042 836 3082 e
853 3023 990 3085 silvestri,
1019 3023 1074 3102 [5.]
1091 3023 1178 3085 Aro-

165 3101 282 3160 matiten
305 3117 422 3181 qnoque
445 3103 560 3164 inuenio
580 3102 737 3166 factitatum
759 3114 866 3174 tantum
884 3123 942 3169 non
957 3109 1180 3184 unguentorum

131 3187 389 3262 ssoonpositione,
413 3187 505 3264 pruno
530 3203 572 3248 ex
584 3205 700 3261 murra,
723 3199 754 3249 nt
775 3191 914 3268 diximus,
933 3207 1002 3250 mox
1023 3198 1052 3250 et
1075 3193 1215 3258 sardoas

168 3266 298 3343 Celtico,
315 3269 442 3346 calamo,
459 3271 628 3350 aspalatho,
646 3271 713 3332 offis
726 3274 755 3332 in
769 3284 891 3339 mustum
905 3284 953 3336 ant
967 3273 1054 3336 dnioe
1069 3278 1180 3339 dnum

168 3351 298 3411 deiectis.
337 3353 405 3413 aiibi
430 3351 467 3412 de
492 3354 618 3430 calamo,
649 3357 752 3432 iunoo,
785 3368 884 3435 costo,
912 3357 1003 3426 nendo
1029 3359 1177 3439 sanans,

166 3447 295 3509 amomo,
319 3435 412 3509 oasin,
435 3436 580 3511 cinnamo,
603 3453 709 3514 orooo,
730 3441 839 3517 palma,
862 3459 964 3520 asaro,
986 3441 1122 3505 simliter
1144 3449 1179 3508 in
