2542 3842
309 165 389 211 unu.
414 163 505 211 mrsu.
528 164 562 211 x.
585 158 706 215 itt—37.
731 151 884 231 (tl—53.)
1042 153 1100 255 lbi)

98 321 243 399 preprium
264 318 380 396 generis
402 320 465 381 eius
487 327 517 377 et
540 327 696 394 turturum,
720 338 784 379 cum
806 318 922 395 bibant,
948 321 1025 381 colla
1044 339 1104 383 nou

97 406 280 482 resupinare,
299 404 440 480 largeque
456 402 558 463 bibere
574 404 764 463 iumentorum
778 401 885 463 modo.

158 487 209 548 35.
233 478 500 565 Vivere‘palumbis
513 487 548 545 ad
562 501 647 547 xxx.
661 506 780 562 anuum,
794 488 906 564 aliquas
921 498 950 548 et
961 489 998 548 ad
1008 489 1145 568 xL.,106

96 573 232 633 babemus
249 581 396 646 auctores,
413 588 469 631 uno
482 580 589 638 tautum
602 571 786 631 incommodo
799 572 933 647 unguium
950 574 1056 633 eodem
1072 584 1102 635 et

77 665 266 734 sargumento
286 664 441 730 senectae,
463 657 511 734 qui
527 657 598 716 citra
615 657 775 734 perniciem
789 657 965 717 reciduntur.
1000 668 1101 719 cautus

97 734 226 801 omnibu's
245 739 346 800 similis
361 748 447 817 atque
463 740 539 801 idem
560 742 636 802 trino
653 741 906 801 coniiciturversu
924 751 1101 820 praeterque

95 826 123 885 in
140 824 269 887 clausula
284 824 409 901 gemitu,
426 823 521 885 hieme
536 826 635 900 mutis,
658 842 762 885 avere
777 824 938 885 vocalibus.
969 824 1100 902 Nigidius
1169 839 1171 850 '

96 916 190 989 putat,
209 926 273 968 cum
289 908 473 969 ovaincubet
486 908 641 985 subtecto,
657 911 829 970 nominatam
840 908 1004 988 palumbem
1014 911 1102 971 ralio-

96 1011 184 1072 quere
204 993 297 1054 nidos.
331 994 444 1071 pariunt
465 1002 559 1055 autem
580 1003 649 1071 post
666 994 829 1054 solstitium.
872 992 1031 1055 Columbae
1052 1004 1144 1059 erret

62 1087 87 1129 10
97 1086 221 1137 turtures
242 1078 357 1137 octonis
379 1078 459 1137 aunis
480 1079 589 1139 vivont.
635 1078 685 1139 36.
708 1087 811 1138 contra
825 1080 939 1155 passeri
951 1079 1103 1140 minumum

96 1164 188 1239 vitae,
207 1164 253 1222 cui
269 1162 404 1221 salacitas
422 1179 483 1239 par.
513 1180 609 1221 mares
624 1171 766 1239 negantur
781 1162 980 1223 anno-diutius
996 1163 1102 1223 durare

97 1254 276 1323 argumento,
294 1246 448 1323 quia-nulla
460 1247 538 1307 veris
550 1246 630 1305 initio
643 1247 782 1325 adpareat
792 1247 937 1323 nigritudo
950 1248 979 1305 iu
992 1256 1101 1323 rostro,

97 1348 169 1408 quae
185 1329 221 1389 ab
239 1340 349 1389 aestate
365 1330 474 1408 incipit.
504 1329 618 1389 feminis
634 1330 848 1407 longiusculum
863 1332 996 1409 spatium.
1023 1330 1144 1395 ve-1oa

95 1433 156 1474 rum
172 1412 313 1473 columbis
329 1414 405 1473 inest
420 1414 535 1492 quidam
551 1424 580 1475 et
596 1415 709 1491 gloriae
723 1415 900 1475 intellectus.
929 1432 1019 1477 nosse
1037 1434 1101 1475 cre·

61 1499 147 1559 1edas
170 1514 240 1557 suos
261 1499 380 1558 colores
401 1500 629 1577 varietatemque
652 1499 830 1577 dispositam.
866 1500 934 1577 quin
957 1502 1043 1559 etiam
1063 1518 1101 1560 ex

94 1582 193 1641 volatu
216 1583 373 1659 quaeritur.
410 1582 550 1660 plaudere
572 1582 702 1644 incaelo
723 1585 862 1661 varieque
882 1584 1008 1645 sulcare.
1044 1602 1112 1663 qua.

48 1736 51 1747 ι
94 1668 122 1725 in
138 1668 331 1727 ostentatione
347 1675 377 1727 ut
391 1668 505 1727 vinctae
521 1667 697 1745 praebentur
711 1669 854 1745 accipitri,
869 1668 1016 1746 inplicatis
1026 1678 1102 1728 stre-

94 1753 155 1829 pitu
168 1752 273 1829 pinnis,
290 1752 338 1829 qui
349 1752 472 1811 nonnisi
487 1753 559 1829 ipsis
575 1753 684 1813 alarum
700 1754 806 1814 umeris
825 1753 953 1828 eliditur,
971 1753 1101 1832 alioquin

95 1836 191 1895 soluto
204 1834 303 1895 volatu
313 1836 342 1895 in
352 1836 470 1895 multum
480 1836 657 1897 velociores.
673 1838 842 1915 speculator
852 1836 1101 1898 occultuslronde

59 1931 85 1972 20
95 1920 169 1979 latro
187 1928 216 1979 et
230 1920 405 1995 gaudentem
420 1922 448 1979 in
465 1923 528 1999 ipsa
546 1922 642 1997 gloria
656 1923 741 2000 rapit.
786 1921 837 1981 37.
860 1920 905 1979 0b
920 1922 949 1980 id
965 1922 1083 1981 conniis
1092 1929 1144 1984 109

6 2074 7 2077 Ἴ
94 2002 228 2063 habenda
252 2012 296 2063 est
318 2005 381 2062 avis
406 2022 480 2081 quae
502 2006 684 2069 tinnunculus
704 2014 833 2063 vocatur.
875 2004 1006 2065 defendit
1026 2007 1100 2064 enim

93 2086 160 2145 illas
175 2094 325 2163 terretque
343 2087 498 2164 accipitres
513 2088 635 2147 naturali
652 2090 781 2166 potentia
796 2089 826 2145 iu
840 2096 946 2147 tantum
962 2096 993 2146 ut
1007 2091 1103 2148 visum·

93 2187 257 2247 vocemque
282 2171 343 2229 eius
361 2170 480 2247 fugiant.
518 2171 573 2231 lrac
595 2171 631 2232 de
654 2186 742 2231 causa
761 2172 937 2250 praecipuus
958 2172 1104 2232 columbis

94 2271 175 2313 amor
190 2270 306 2328 eorum,
322 2254 494 2332 feruntque,
511 2256 534 2313 si
552 2256 730 2337 inlquattuor
743 2253 858 2333 angulis
874 2254 1056 2316 defodiantur
1072 2258 1102 2315 in

58 2338 163 2398 stollis
179 2338 262 2397 novis
279 2338 388 2413 oblitis,
405 2356 462 2399 non
475 2348 585 2399 mutare
603 2340 703 2399 sedem
716 2339 881 2415 columbas,
894 2340 971 2417 quod
984 2349 1014 2400 et
1028 2357 1099 2400 auro

93 2424 216 2482 insectis
234 2422 342 2482 alarum
360 2424 487 2483 articulis
503 2424 677 2502 quaesivere
694 2425 782 2502 aliqui
799 2442 857 2483 non
874 2425 960 2485 aliter
976 2424 1102 2485 innoxiis

93 2506 279 2583 volneribus,
302 2507 458 2585 multivaga
478 2508 606 2587 alioquin
625 2526 690 2567 ave.
729 2518 774 2569 est
794 2511 870 2569 enim
885 2521 933 2568 ars
951 2508 1100 2571 illis‘inter
1143 2513 1144 2518 ’

94 2609 129 2649 se
143 2590 266 2651 blandiri
283 2600 312 2651 et
327 2610 515 2671 corrumpere
527 2593 598 2653 alias
613 2592 750 2672 lurtoque
767 2594 965 2653 comitatiores
980 2594 1099 2655 reverti.

160 2676 243 2754 (53.)
268 2674 348 2753 Quin
358 2687 388 2737 et
401 2679 590 2737 internuntiae
602 2678 751 2755 iumagnis
762 2677 955 2753 rebusiuere,
974 2680 1081 2755 epistu-
1092 2681 1143 2741 lllt

56 2758 139 2819 aulas
155 2758 283 2819 adnexas
299 2778 396 2821 earum
410 2760 533 2839 pedibus
549 2761 701 2828 obsidione
716 2761 909 2823 Mutinensi-in
920 2769 1015 2822 castra
1031 2780 1100 2822 con·

5 2882 8 2891 ,
94 2841 189 2902 sulum
210 2842 340 2915 Decumo
364 2844 452 2903 Bruto
468 2846 608 2905 mittente.
640 2846 709 2924 quid
724 2845 832 2907 vallum
852 2855 883 2905 et
896 2845 967 2923 vigil
985 2846 1099 2906 obsidio

92 2935 181 3003 etque
200 2929 284 2987 etiam
303 2928 375 2987 retia
391 2946 472 2987 amne
494 2938 646 3006 praetenta
663 2931 803 3007 profuere
819 2929 945 2989 Antonio
959 2947 1016 3009 per
1033 2948 1099 2990 cae·

93 3010 154 3069 lum
176 3021 262 3071 eunte
284 3008 403 3071 nuntio?
441 3012 478 3073 Et
499 3014 598 3073 harum
619 3030 718 3075 amore
734 3014 877 3075 insaniunt
890 3014 980 3076 multi.
1010 3032 1101 3093 super

92 3102 173 3154 tecta
189 3096 381 3157 exaedificant
393 3098 478 3156 turris
493 3097 793 3177 iis,uobilitatemqrse
808 3098 984 3176 singularum
998 3109 1028 3159 et
1043 3100 1099 3158 ori-

54 3178 180 3254 aegiucs
198 3189 313 3241 narrant
328 3190 431 3240 vetere
449 3182 503 3240 iam
518 3182 665 3259 exemplo.
693 3181 724 3240 L.
740 3183 833 3243 Axius
846 3202 944 3261 eques
954 3183 1101 3263 Romanus

94 3269 163 3320 ante
186 3262 296 3325 bellum
317 3264 403 3324 civile
425 3264 628 3343 Pompeianum
653 3266 780 3326 denariis
803 3266 1021 3345 quadringentis
1043 3269 1099 3327 sin·

92 3344 164 3422 gula
193 3349 272 3424 paria
292 3349 465 3423 venditavit,
490 3359 520 3409 ut
542 3348 580 3409 Μ.
599 3350 693 3410 Varro
711 3351 807 3411 tradit.
841 3352 910 3431 quin
932 3361 963 3411 et
979 3354 1101 3431 patriam

92 3428 286 3491 nobilitavere
297 3432 325 3491 iu
337 3429 492 3511 Campania
506 3433 715 3509 grandissimae
731 3437 887 3516 provenire
899 3437 1099 3497 existumatae.

1266 157 1268 190 .

1229 255 1268 368 v
