2542 3842
118 309 135 320 ,Ι
160 239 182 306 j
323 197 512 286 manseron.
527 237 583 285 xv.
598 234 641 288 18.
658 195 700 287 19ss
714 225 866 301 (19421.)
1041 220 1100 282 291

111 392 230 455 Africae
245 390 281 451 ad
296 390 400 466 ingens
414 383 613 450 documentum
631 389 675 448 usi
690 404 727 448 eo
742 405 839 466 pomo.
869 405 991 464 namque
1006 390 1101 465 perui-

112 479 178 539 ciali
192 476 259 537 odio
275 473 457 550 Carthaginis
471 473 596 550 flagrans
608 481 800 551 nepotumque
816 472 977 531 securitatis
991 472 1102 545 auxius,

29 623 30 626 ,
112 580 176 622 cum
202 559 339 618 clamaret
366 559 565 616 omnieeuatu
591 553 793 633 Carthaginem
817 555 985 630 delendam,
1011 555 1104 614 attulit

111 644 234 724 quodam
245 642 290 702 die
303 644 332 701 in
344 642 451 701 curiam
462 657 686 721 praecocem‘ex
696 656 731 699 ea
742 637 992 717 provincialicum,
1006 647 1102 697 osten-

89 730 243 805 sciensque
258 724 401 804 patribus:
418 724 616 801 Interrogo
633 740 715 799 vos,
731 723 835 801 iuquit,
857 721 999 802 quaudo
1013 721 1102 782 hanc

111 827 249 890 pomum
288 809 466 887 demptam
499 809 640 886 putetis
669 801 883 866 exarbore?
927 803 997 865 Cum
1025 807 1145 870 interto

35 895 47 920 ⁸
111 894 203 956 omnis
230 887 377 952 recentem
403 909 484 954 esse*
502 899 664 953 constaret:
690 890 970 967 atqoitertium,
1001 889 1101 970 iuquit,

111 987 194 1037 ante
223 977 318 1037 diem
345 976 493 1035 scitote
518 975 730 1052 decerptam
753 970 996 1050 Carthagine.
1032 982 1102 1033 tarn

111 1078 225 1141 prope
241 1078 258 1119 u
273 1055 769 1118 mocrislrabemushos'tem.
794 1057 947 1135 statimque
961 1066 1102 1135 sumptum

77 1157 102 1198 sc
112 1153 157 1205 est
172 1144 305 1204 Punicum
324 1143 439 1202 tertium
452 1141 559 1202 bellurn
572 1158 629 1220 quo
645 1139 790 1217 Gurtlrago
807 1139 905 1215 deletu
922 1147 984 1217 est,
1005 1157 1101 1218 quaru-

112 1245 195 1306 quam
211 1225 322 1286 (latone
337 1235 410 1286 anno
425 1233 566 1304 sequente
580 1234 674 1303 rapto.
702 1223 778 1297 Quid
792 1224 912 1303 primum
923 1225 951 1282 iu
967 1240 1004 1284 eo
1017 1224 1101 1282 mire·

110 1330 189 1386 mur,
213 1326 309 1370 curum
324 1309 422 1386 ingeni
442 1321 478 1368 un
493 1309 677 1369 occasionem
691 1307 850 1384 fortuitam,
866 1306 1101 1386 celeritatemque

112 1406 212 1454 cursus
238 1411 273 1454 arr
295 1393 504 1454 vehementiam
524 1389 598 1452 viril
633 1391 836 1471 superomnia
863 1395 925 1467 est,
950 1407 1008 1469 quo
1031 1391 1145 1456 uihilld

112 1477 245 1556 equidem
260 1476 335 1537 duco
345 1475 523 1551 mirabilius,
538 1483 643 1536 tantam
655 1475 735 1536 illam
750 1473 850 1536 urbem
864 1483 894 1534 et
909 1474 947 1536 de
962 1483 1103 1535 terrarum

77 1561 185 1621 usuros
205 1579 259 1640 per
275 1573 344 1620 cxx
364 1575 454 1619 anuos
474 1559 612 1620 aemulam
631 1559 713 1618 unius
734 1559 813 1637 pomi
834 1557 1100 1636 argpmento‘euer-

110 1662 186 1720 sam‚
208 1644 286 1724 quod
308 1641 485 1704 uou'lrebis
507 1651 554 1703 sut
576 1641 776 1719 Trasimenus,
797 1659 856 1702 nou
877 1640 994 1703 Cannae
1015 1642 1101 1701 busto

109 1727 229 1788 llcmaui
243 1729 363 1788 nominis
378 1726 521 1810 perlicere
536 1735 748 1806 potuere‚'uon
762 1735 857 1786 castra
873 1725 978 1786 Punica
992 1725 1028 1786 cd
1043 1734 1100 1785 ter·

109 1813 177 1871 tium
193 1811 317 1890 lapidem
331 1810 437 1878 vallata
437 1819 611 1892 portaeque
627 1807 760 1870 collinae
770 1809 937 1888 adequitans
951 1811 1016 1887 ipse
1026 1807 1099 1868 llan-
1114 1874 1117 1884 ,

110 1895 195 1954 nibal.
225 1903 304 1955 tanto
319 1894 438 1973 propius
456 1891 658 1971 Carthaginem
672 1910 760 1972 pomo
775 1891 847 1954 (lato
862 1893 996 1954 admovit.
1011 1890 1096 1951 ¹Coli-
1109 1899 1142 1957 tr
1218 1926 1221 1937 ι

46 1989 49 1993 ’
74 1985 100 2026 2⁰
112 1987 156 2038 tur
178 1977 249 2036 licus
271 1977 360 2037 arhor
378 1978 407 2036 iu
427 1976 492 2036 loro
509 1978 574 2055 ipso
593 1994 630 2038 ec
650 1977 765 2038 comitio
786 1975 895 2037 Romae
915 1985 997 2052 nata,
1018 1992 1101 2051 sacra
1177 1992 1181 2003 ·

109 2060 270 2136 fulguribus
284 2059 322 2119 ibi
332 2060 454 2119 conditis
463 2061 611 2138 magisque
623 2059 662 2120 ob
672 2061 910 2120 memoriameius
921 2076 996 2138 quae
1006 2061 1101 2119 nutrix

110 2143 223 2204 Romuli
235 2144 285 2221 {ac
298 2142 394 2226 lierni]
415 2143 571 2204 conditoris
590 2143 693 2222 imperi
708 2145 737 2203 in
750 2142 903 2222 lupercali
924 2144 1016 2221 prima
1031 2159 1098 2221 pro·

109 2229 196 2302 texit,
224 2227 369 2290 ruminalis
391 2225 553 2304 appellata,
572 2227 708 2306 quoniam
727 2225 781 2288 sm
795 2244 831 2289 ea
844 2228 959 2288 inventa
972 2235 1018 2288 est
1033 2226 1101 2306 lupa

109 2309 261 2370 infantibus
286 2309 430 2389 praebens
450 2309 566 2386 rumim,
593 2312 694 2371 -ita
712 2309 856 2372 vocabant
874 2328 1035 2388 mammam,
1058 2306 1102 2353 -’

73 2400 100 2440 2⁵
109 2393 246 2464 miraculo
266 2411 303 2453 ex
323 2403 392 2453 aere
407 2393 486 2454 iuxta
500 2392 612 2469 dicato,
637 2401 780 2474 tamquam
794 2395 823 2454 iu
839 2394 982 2455 comitium
996 2404 1101 2472 sponte

109 2477 261 2537 transisset
282 2477 354 2550 Attq
364 2475 457 2538 llario
471 2485 636 2554 augurantes
664 2495 720 2537 nec
740 2479 803 2538 siue
824 2478 979 2558 praesagio
1002 2478 1099 2556 aliquo

107 2557 231 2635 arescit,
256 2577 414 2640 rursusque
436 2577 504 2620 cura
520 2559 701 2622 sacerdotum
715 2562 829 2623 seritur.
856 2562 910 2623 luit
923 2569 955 2623 et
966 2570 1032 2622 autc
1046 2561 1098 2621 Sa

107 2645 182 2704 turni
200 2644 300 2706 aedem
322 2643 402 2705 orbis
426 2660 500 2704 suno
524 2655 623 2705 ccox.
649 2644 870 2706 smlataaesscrc
892 2662 910 2705 a
932 2641 1099 2724 llcstalilms

82 2791 84 2796 ,
107 2727 202 2802 iacto,
221 2743 289 2790 ,cum
305 2727 413 2788 Silvani
436 2727 616 2788 simulacrum
638 2727 829 2789 subverteret.
859 2728 961 2788 cadem
978 2726 1142 2800 icrtuito'tss

71 2819 169 2869 susatu
191 2803 261 2870 sirit
283 2811 312 2870 iu
332 2811 428 2870 medio
455 2810 538 2886 loro,
564 2829 619 2890 qua
645 2811 767 2873 sidentia
787 2813 890 2892 imperi
918 2810 1099 2892 fundamenta

106 2891 220 2966 ost'cnto
250 2894 331 2954 letali
356 2891 469 2954 Curtius
494 2896 631 2955 maxumis
658 2894 760 2972 bonis,
783 2894 841 2956 lucc
867 2903 913 2955 est
937 2896 1042 2955 virtute
1062 2914 1098 2956 ae

106 2977 213 3052 pietate
224 2995 260 3038 ac
270 2985 362 3036 morte
377 2977 544 3056 praeclara,
557 2977 736 3056 expleverat.
760 2995 854 3058 acque
867 2980 984 3040 fortuita
995 2979 1099 3040 eodem

106 3059 173 3118 lcco
188 3067 234 3120 est
250 3061 317 3119 titis
340 3058 531 3140 atqucclea‚
552 3061 671 3124 umbrae
691 3063 785 3140 qratia
804 3063 959 3125 sedulitate
981 3062 1099 3143 plebeis
1232 3123 1236 3133 ,

32 3205 33 3208 ¹
105 3150 195 3203 rutam
225 3158 275 3202 ara
290 3142 356 3202 iudo
372 3143 484 3205 sublata
497 3143 671 3220 gladiatorio
681 3163 799 3210 munere
813 3147 872 3208 diri
884 3145 941 3208 luli
956 3127 1033 3226 quotl
1045 3164 1097 3207 no·
1116 3148 1124 3178 ¹
1156 3167 1159 3171 ⁴
1187 3145 1197 3156 “

69 3225 220 3285 :sevissime
236 3227 372 3304 pugnavit
386 3228 415 3288 in
429 3225 505 3288 loro.
623 3257 626 3264 ⁴

33 3383 34 3391 ἵ
156 3307 250 3387 ι(21.)
272 3309 458 3370 Admirabilis
477 3319 524 3370 est
547 3312 625 3389 pomi
644 3310 765 3390 huiusce
789 3315 935 3375 festinatio
955 3316 1049 3374 unios·
1063 3315 1091 3374 in
1103 3321 1139 3378 ts

104 3394 231 3468 cunctis,
246 3393 282 3454 ud
298 3393 485 3454 maturitatem
496 3399 679 3473 properantis
693 3405 755 3457 arte
772 3407 899 3458 naturae.
925 3399 975 3460 19.
995 3396 1095 3478 Capri

34 3537 36 3566 Ι
103 3475 174 3535 licus
191 3477 312 3540 vocatur
326 3495 346 3538 e
358 3477 485 3541 silvestri
503 3495 613 3554 genere
631 3481 704 3540 licus
721 3498 871 3561 numquam
885 3491 1095 3560 maturescens,

865 3563 927 3626 19*
