2542 3842
167 151 205 210 74
532 158 562 207 c.
580 159 677 208 ranan
692 159 840 208 saeuum
892 154 896 159 ’

168 318 297 379 exercitu
312 315 434 375 liberato
451 315 543 393 pridie
560 332 644 394 quam
665 314 771 374 Perses
786 332 840 373 rex
861 315 1013 391 superatus
1035 333 1051 375 a
1070 315 1159 378 Paulo

167 411 212 463 est
226 403 255 460 in
270 400 439 461 concionem
465 398 501 459 ab
519 400 694 477 imperatore
712 398 868 482 productus
884 397 920 459 ad
937 399 1158 477 praedicendam

167 485 308 563 eclipsim,
324 501 393 543 mox
409 484 601 561 etconposito
614 483 767 543 volumine.
784 481 860 559 apud
872 479 1002 542 Graecos
1013 493 1107 543 autem
1117 486 1157 545 in·

165 570 320 645 vestigavit
335 570 442 646 primus
463 569 584 627 omnium
595 566 702 626 Thales
713 565 841 628 Milesius
853 563 1030 643 Olympiadis
1041 566 1158 628 XLVIII

164 670 238 715 auno
255 662 355 731 quarto
379 652 528 731 praedicto
547 650 618 711 solis
641 650 757 709 delectu
778 652 827 727 qni
843 648 959 723 Alyatte
976 668 1050 727 rege
1066 652 1181 711 lactuss

166 746 211 797 est
231 736 309 796 urhis
332 737 464 797 conditae
487 752 560 795 anno
585 732 695 793 CLXX.
723 743 790 812 post
810 750 863 792 eos
884 734 1032 812 utriusque
1055 736 1158 794 sideris

165 840 277 881 cursum
298 820 326 879 in
347 829 503 879 sexcentos
526 836 616 879 annos
638 818 797 895 praecinuit
815 816 1015 895 Hipparchus,
1041 836 1158 878 menses

164 906 290 983 gentium
310 904 430 980 diesque
452 912 481 962 et
505 902 592 963 horas
611 920 647 961 ac
671 901 741 959 situs
763 900 894 959 locorum
914 909 943 959 et
965 902 1044 959 visus
1066 920 1158 979 popu·

165 990 256 1049 lorum
274 986 450 1065 conplexus,
474 1004 548 1047 aevo
569 995 645 1045 teste
660 984 728 1044 haut
744 984 801 1045 alio
816 983 903 1043 modo
919 1002 1004 1062 quam
1019 986 1156 1047 consilio·

122 1078 362 1143 aarumuaturae
385 1072 542 1149 particeps.
575 1069 637 1129 Viri
656 1069 806 1145 ingentes,
834 1086 979 1146 supraque
996 1070 1155 1131 mortalium
1167 1089 1191 1129 ro

163 1164 289 1217 naturam
304 1163 444 1217 tantorum
460 1156 600 1214 numinum
615 1153 684 1231 lege
701 1151 885 1231 deprehensa
903 1162 932 1211 et
946 1155 1052 1213 misera
1067 1153 1155 1213 homi·

163 1259 227 1301 num
243 1248 339 1299 mente
356 1238 486 1301 absoluta
498 1240 526 1297 in
538 1238 702 1308 defectibus
717 1236 831 1296 scelera
843 1246 890 1296 aut
901 1247 1022 1297 mortem
1033 1238 1157 1316 aliquam

163 1326 288 1385 siderum
312 1333 453 1402 pavente,
476 1340 533 1402 quo
555 1323 583 1381 in
603 1330 681 1381 metu
702 1320 792 1381 luisse
814 1320 975 1381 Stesichori
997 1330 1026 1379 et
1043 1320 1156 1381 Pindari

161 1418 255 1468 vatum
270 1406 400 1465 sublimia
416 1424 467 1465 ora
484 1407 578 1483 palam
594 1414 639 1465 est
655 1405 783 1481 deliquio
799 1403 880 1476 solis,
898 1412 927 1463 at
942 1405 971 1462 in
985 1404 1050 1465 luna
1065 1422 1155 1463 vene·

162 1492 227 1551 litia
242 1499 381 1565 arguente
396 1489 569 1551 mortalitate
585 1495 614 1546 et
630 1487 667 1545 ob
684 1487 713 1546 id
728 1486 975 1563 crepitudissouo
987 1488 1153 1564 auxiliante,
1167 1508 1189 1547 rc

163 1591 218 1654 quo
247 1590 355 1651 pavore
380 1572 495 1649 ignarus
517 1588 622 1631 causae
643 1568 742 1629 Nicias
757 1568 973 1629 Atheniensium
998 1572 1155 1647 imperator

161 1659 269 1717 veritus
294 1656 418 1716 classem
442 1664 525 1733 portu
546 1654 673 1717 educere
702 1671 775 1731 opes
802 1652 1043 1727 coronaturus,
1068 1655 1156 1714 macti

162 1740 277 1817 iugenio
301 1746 380 1814 este,
405 1740 479 1799 caeli
500 1741 675 1818 interpretes
699 1754 854 1815 rerumque
875 1746 993 1797 naturae
1016 1756 1153 1817 capaces,
1208 1804 1211 1808 ,

120 1822 319 1899 55argnmenti
341 1833 510 1901 repertores
532 1835 590 1903 quo
616 1822 689 1885 deos
713 1820 903 1900 hominesque
926 1822 1049 1881 vicistis!
1082 1820 1153 1894 Quis

161 1908 236 1967 enim
251 1905 326 1969 haec
341 1925 464 1967 cernens
480 1916 509 1966 et
525 1915 615 1967 statos
633 1906 760 1965 siderum
777 1904 927 1983 (quoniam
944 1907 982 1966 ita
1000 1906 1186 1983 appellarem

160 1991 282 2071 placuit)
300 1990 416 2052 labores
431 2008 487 2049 non
509 2008 578 2050 snae
600 1990 769 2050 necessitati
789 1989 917 2049 mortalis
938 1990 1054 2067 genitos
1072 1991 1153 2066 iguo·

161 2070 242 2135 scat?
273 2074 356 2135 Nunc
381 2075 517 2136 confessa
538 2075 575 2135 de
597 2073 700 2134 iisdem
719 2073 856 2133 breviter,
871 2083 957 2152 atque
980 2074 1154 2151 capitulatim

160 2159 295 2235 attingam
310 2160 421 2221 ratione
439 2160 588 2223 admodum
602 2159 779 2219 necessariis
801 2158 875 2219 locis
891 2160 1069 2237 strictimque
1086 2158 1152 2219 red·

160 2243 229 2319 dita,
247 2261 311 2303 nam
324 2262 419 2323 neque
432 2245 548 2304 instituti
564 2244 664 2322 operis
677 2243 743 2304 talis
758 2244 966 2319 argumentatio
985 2251 1040 2318 est,
1055 2260 1153 2320 neque

160 2327 283 2387 omnium
307 2346 402 2385 rerum
424 2328 532 2388 adferri
553 2345 643 2405 posse
661 2344 765 2386 causas
784 2327 876 2385 miuus
890 2328 989 2385 mirum
1005 2334 1050 2383 est
1067 2344 1188 2404 quamas

161 2418 293 2471 constare
308 2410 336 2467 iu
352 2409 464 2483 aliquis.
1009 2466 1015 2475 ,
1117 2443 1122 2451 .

118 2498 152 2552 56
223 2490 269 2549 13.
293 2491 376 2569 (10.)
398 2489 539 2551 Deiectus
565 2486 710 2548 CCXXIII
735 2489 881 2547 mensibus
902 2490 1000 2547 reddre
1025 2492 1054 2547 iu
1082 2507 1152 2548 snos

65 2598 69 2601 ·
160 2574 239 2634 urhis
256 2584 364 2634 certum
380 2582 441 2649 est,
462 2574 533 2633 solis
555 2571 689 2633 delectus
710 2574 835 2631 nonnisi
850 2574 1006 2633 novissima
1022 2573 1150 2651 primate

159 2658 222 2717 lieri
237 2656 317 2733 luna,
341 2657 418 2736 quod
439 2664 544 2717 vocant
560 2657 676 2731 coitum,
693 2656 778 2716 lunae
795 2666 889 2717 autem
908 2674 967 2715 non
983 2658 1037 2716 nisi
1053 2658 1150 2735 plena,

159 2760 332 2821 semperque
350 2743 420 2801 citra
435 2760 518 2819 quam
533 2758 673 2819 proxume
687 2740 802 2801 luerint.
817 2740 947 2800 omnihus
963 2749 1056 2814 amem
1070 2742 1186 2801 annisso

66 2844 72 2858 ’
159 2825 223 2885 lieri
244 2828 391 2906 utriusque
413 2827 516 2887 sideris
541 2825 673 2885 delectus
697 2825 780 2890 statis
803 2824 905 2884 diebus
932 2824 1069 2904 horisque
1096 2824 1149 2885 suh

158 2918 248 2985 terra,
263 2929 318 2971 nec
333 2920 437 2985 tamen,
454 2928 518 2969 cum
533 2926 660 2988 superne
674 2908 753 2991 liant,
768 2908 875 2986 ubique
892 2911 980 2983 cerni,
997 2910 1150 2987 aliquando

161 3002 282 3071 propter
296 2994 402 3070 nubila,
419 2995 535 3072 saepius
551 2993 643 3071 globo
658 3002 754 3053 terrae
770 2992 903 3052 obstante
920 2993 1150 3053 convexitatibus

119 3076 264 3140 arnandi.
284 3075 360 3137 Intra
375 3080 514 3137 ducentos
530 3095 619 3139 annos
634 3076 791 3155 Hipparchi
806 3077 965 3152 sagacitate
981 3086 1149 3155 conpertum

163 3168 251 3219 estet
268 3159 351 3219 lunae
372 3162 517 3220 delectum
533 3162 684 3239 aliquando
700 3162 799 3238 quinto
813 3178 913 3219 mense
928 3178 944 3220 a
960 3161 1057 3239 priore
1075 3160 1147 3234 lieri,
1159 3184 1186 3225 as

163 3243 233 3303 solis
247 3261 318 3302 vero
334 3253 477 3322 septumo.
497 3245 618 3305 eundem
634 3242 678 3303 his
696 3245 725 3303 iu
740 3244 855 3321 triginta
871 3243 972 3304 diebus
988 3262 1074 3323 supra
1090 3253 1149 3302 ter·

161 3345 208 3387 ras
224 3327 378 3401 occultari,
401 3327 454 3387 sed
474 3327 509 3388 ab
532 3329 596 3389 aliis
622 3326 681 3387 hoc
695 3328 790 3403 cerni,
813 3346 948 3406 quaeque
971 3329 1077 3387 suntin
1093 3326 1151 3385 hoc

161 3410 297 3469 miraculo
313 3428 442 3471 nraxume
458 3412 544 3479 mira,
569 3430 632 3482 cunr
654 3413 807 3474 conveniat
826 3411 925 3471 umbra
946 3419 1042 3469 terrae
1057 3410 1168 3471 lunam*
