2542 3842
165 140 206 202 56
317 224 322 233 ⁴
530 152 559 200 c.
576 155 837 204 ammoneantur

164 306 188 381 Ι,
204 304 399 384 hippocampo
414 304 507 382 VIIII,
526 306 636 367 echinis
651 306 701 367 XI.
713 310 719 317 '
733 307 806 387 (21)
823 307 991 373 Ostreorum
1007 328 1117 389 genera
1133 321 1162 372 et
1264 323 1265 374 1

165 389 386 449 ohservationes
403 398 432 448 et
447 392 607 451 medicinae
619 389 732 467 LVllll,
750 410 875 471 purpura
885 394 977 470 VIIII,
1005 394 1076 473 (22)
1095 396 1162 471 alga

164 472 271 532 mariua
288 471 330 549 II,
364 472 435 553 (23)
452 492 514 533 mus
528 475 653 533 mariuus
670 474 712 549 II,
735 477 853 554 scorpio
869 480 994 539 marinus
1009 477 1079 553 XIl,
1096 496 1160 537 sau·

163 556 304 633 guisugae
314 556 364 633 Vl,
380 558 505 617 munIces
521 556 599 631 XIII,
616 556 768 632 conchylia
780 559 815 633 V,
845 559 916 640 (24)
933 563 1053 640 piscium
1068 561 1170 639 adeps.

164 638 202 713 II,
219 639 382 715 callionymi
397 640 447 716 Ill,
465 641 591 699 coracini
605 640 647 699 iel
662 640 685 713 l,
702 642 866 717 pectunculi
881 643 904 718 I,
923 646 1024 722 sepiae
1039 642 1182 719 xxiia„

165 721 360 796 ichthyocolla
375 723 411 797 V,
443 723 515 802 (25)
533 723 610 781 batia
624 721 649 795 I,
665 722 793 783 bacchus
808 725 870 783 sive
887 744 994 801 myxon
1009 725 1046 801 II,
1061 728 1161 786 marini

71 804 77 812 ’
166 805 292 883 pediculi
305 806 343 880 Il,
363 805 434 884 (26)
449 805 576 864 canicula
588 804 651 878 IIII,
669 814 764 863 cetum
775 804 798 882 I,
816 806 888 884 (27)
905 808 1058 885 delphinus
1069 808 1160 884 VIIII,

166 887 290 948 coluthia
309 890 371 947 sive
386 886 525 965 coryphia
543 886 593 960 ΙΙΙ,
612 886 783 960 alcyoneum
797 888 867 962 Vll,
883 890 1006 963 thynnus
1020 892 1057 965 V,
1088 891 1160 970 (28)

149 989 267 1050 ¹menae
279 969 357 1044 XIII,
373 970 567 1046 scolopendra
580 968 616 1044 ΙΙ,
633 987 734 1029 saurus
744 970 767 1046 I,
785 970 916 1049 {conchis
928 972 963 1051 I,l
982 974 1085 1031 silurus
1096 974 1160 1049 XV,

167 1050 238 1133 (30)
254 1052 397 1113 stromhus
413 1053 475 1111 sive
493 1051 603 1114 concha
618 1052 705 1127 longa
720 1051 776 1126 Vl,
797 1054 894 1114 tethea
907 1055 951 1130 V,
983 1055 1055 1133 (31)
1075 1055 1160 1116 holus
1174 1070 1197 1109 10

164 1138 301 1196 marinum
317 1136 344 1211 l,
368 1154 485 1211 myaces
497 1134 595 1211 XXV,
610 1135 700 1196 mituli
711 1136 788 1212 VIII,
805 1137 954 1215 pelorides
965 1136 988 1213 I,
1005 1138 1161 1215 seriphium

164 1219 202 1295 II,
219 1219 356 1295 erythinis
368 1219 404 1295 ll,
422 1218 493 1300 (32)
506 1220 587 1279 solea
600 1221 681 1297 pisce
693 1217 717 1294 I,
733 1219 855 1279 rhombo
863 1220 887 1295 I,
903 1220 1020 1281 blendia
1031 1220 1054 1297 I,
1071 1223 1161 1281 urtica

164 1304 272 1363 marina
292 1302 362 1378 VII,
386 1304 481 1379 pulmo
494 1306 627 1364 ¹marinus
648 1302 705 1377 Vl,
732 1303 862 1376 onyches
884 1303 945 1363 llll.
979 1323 1017 1363 ex
1041 1304 1168 1363 colubra

165 1387 296 1465 aquatica
308 1383 337 1460 Ι,
365 1402 403 1443 ex
417 1384 509 1459 hydro
526 1386 555 1461 I,
581 1386 688 1461 mugile
707 1384 735 1459 l,
759 1403 797 1443 ex
819 1385 971 1462 pelamyde
986 1386 1055 1461 llll,
1086 1387 1159 1465 (34)

135 1496 138 1503 ·
166 1470 282 1529 sciaena
296 1466 325 1541 I,
348 1484 436 1545 perca
451 1466 520 1540 IIII,
549 1485 587 1525 ex
608 1469 739 1544 squatina
759 1465 813 1542 III,
838 1467 980 1527 zmarides
995 1469 1051 1543 Ill,
1085 1469 1157 1547 (35)
1169 1489 1196 1531 15

166 1550 283 1630 ophidio
299 1549 322 1625 I,
353 1549 424 1628 (36)
442 1568 479 1608 ex
497 1548 570 1608 lrhro
584 1548 648 1609 IIII.
668 1549 761 1623 bryon
775 1549 796 1608 Ι.
824 1548 896 1628 (38)
915 1569 952 1609 ex
967 1551 1060 1612 asello
1077 1553 1159 1629 pisce

165 1634 188 1710 Ι,
206 1635 316 1711 phagro
332 1632 354 1708 Ι,
371 1650 409 1691 ex
423 1633 543 1693 balaena
559 1632 587 1707 I,
622 1631 698 1710 (42),
712 1632 821 1711 polypo
836 1632 858 1690 1.
890 1633 962 1713 (45)
979 1652 1017 1693 ex
1031 1634 1118 1710 glano
1134 1633 1158 1708 I,

166 1717 238 1795 (46)
254 1715 404 1792 glaucisco
424 1715 454 1791 I,
484 1715 555 1793 (49)
578 1714 702 1775 rubellio
721 1714 748 1789 I,
776 1715 901 1789 anguilla
917 1715 946 1790 Ι,
972 1734 1027 1775 uva
1050 1718 1158 1776 marina

164 1799 187 1874 l,
205 1799 276 1876 (50)
293 1797 510 1878 hIppopotamIo
527 1798 549 1872 I,
566 1798 715 1857 crocodilo
733 1796 760 1870 Ι,
792 1797 864 1876 (52)
883 1798 987 1857 adarca
1003 1800 1065 1857 sive
1081 1799 1157 1860 cala·
1264 1801 1265 1844 ἰ

163 1881 302 1941 nnochnus
316 1880 372 1956 Ill,
398 1881 509 1941 calamo
523 1880 599 1940 Vlll.
631 1880 703 1958 (53)
720 1879 889 1938 Animalium
905 1882 1027 1939 omnium
1043 1883 1071 1939 in
1088 1883 1157 1940 mari
1169 1904 1196 1945 ao

163 1964 317 2023 viventium
332 1966 444 2025 nomIna
456 1960 609 2022 CLXXVI.
642 1963 769 2023 Summa:
798 1962 958 2023 mediolane
975 1971 1005 2022 et
1018 1963 1158 2024 historIae

165 2056 194 2107 et
208 2046 429 2108 observationes
443 2043 633 2106 DGGGGXG.

225 2129 271 2189 Ex
286 2130 466 2191 auctoribus:
492 2129 601 2189 Licinio
618 2129 728 2205 Illacro,
745 2128 853 2190 Trebio
868 2128 970 2206 Nigro,
989 2130 1089 2189 Sextio
1108 2128 1157 2188 Ni·
1213 2178 1219 2184 .

164 2232 218 2291 gro
234 2214 281 2292 qui
296 2213 408 2275 Graece
425 2214 557 2292 scripsit,
573 2211 677 2275 Ouidio
694 2222 790 2292 poeta,
808 2210 910 2273 (iussio
926 2213 1063 2284 llemina,
1079 2210 1156 2272 llae-

165 2307 284 2371 cenate,
300 2296 424 2371 Iaccho,
440 2298 583 2356 sornatio.
616 2296 766 2356 Enternis:
792 2295 878 2370 luha,
902 2296 1033 2371 Andrea,
1055 2294 1194 2372 Salpe,as

163 2379 289 2455 Apione,
304 2375 426 2451 Pelope,
442 2377 560 2451 Apelle,
577 2378 740 2451 Thrasyllo,
756 2373 912 2437 NIcaudro.
1263 2429 1264 2432 ,

225 2458 311 2517 Libro
328 2455 459 2517 XXXIII.
477 2457 657 2515 continentur
670 2458 851 2516 metallorum
866 2467 994 2518 naturae.
1021 2459 1156 2537 (2-25)
1259 2483 1265 2502 ⁴

163 2541 208 2601 De
224 2556 292 2599 auro
309 2533 360 2624 (3.
378 2557 451 2617 quae
472 2540 562 2616 prima
584 2540 792 2599 commendatio
810 2540 882 2599 eius.
908 2543 938 2600 4.
958 2542 994 2601 de
1010 2541 1157 2601 anulorum

164 2639 314 2684 aureorum
329 2624 449 2698 origine.
478 2621 506 2679 5.
524 2621 560 2680 de
575 2622 661 2681 ruodo
677 2623 737 2681 auri
752 2623 826 2699 apud
842 2624 983 2702 antiquos.
1011 2624 1102 2686 6-9.
1120 2625 1157 2684 de

63 2730 65 2735 ¹
165 2706 292 2785 equestri
308 2706 426 2780 ordiue,
443 2706 478 2765 de
494 2706 555 2765 iure
572 2704 719 2764 anulorum
735 2722 902 2779 aureorum,
929 2707 958 2764 7.
979 2709 1016 2768 de
1032 2708 1194 2766 decuriisao

164 2791 296 2850 iudIcum.
328 2789 356 2849 9.
374 2790 506 2868 quotiens
521 2805 626 2847 nomen
644 2789 788 2865 equestris
804 2789 911 2848 ordinis
926 2799 1069 2848 mutatum.
1098 2789 1156 2855 ,10.

164 2874 201 2932 de
218 2872 300 2935 doale
315 2872 482 2933 militaribus
499 2872 594 2931 aureis
605 2879 638 2947 et
653 2871 809 2946 argenteis.
844 2871 890 2930 11.
907 2873 1020 2948 quaudo
1038 2872 1158 2949 primum

166 2972 273 3014 corona
288 2973 375 3015 aurea
391 2956 465 3017 data.
498 2954 546 3013 12.
564 2955 600 3014 de
616 2954 729 3029 reliquo
744 2972 797 3012 usu
811 2955 882 3027 auri,
900 2954 1074 3013 feminarum.
1108 2954 1155 3014 13.

165 3038 201 3097 de
222 3055 334 3096 nummo
351 3055 450 3099 aureo.
483 3036 597 3116 quando
613 3037 733 3113 primum
748 3037 888 3111 signatum
903 3053 971 3110 aes,
995 3043 1155 3113 argeutum,

165 3138 271 3179 aurum.
288 3128 438 3196 antequam
455 3138 490 3178 ea
505 3121 695 3196 signarentur,
711 3120 775 3195 quis
788 3134 851 3176 mos
866 3119 893 3175 in
910 3136 989 3177 aere.
1009 3137 1083 3198 quae
1098 3136 1155 3178 ma·
1164 3133 1191 3173 ee

164 3220 248 3263 numa
270 3202 392 3278 pecunia
416 3202 497 3278 palmi
523 3220 635 3261 census.
662 3203 795 3280 quotiens
817 3209 846 3259 et
862 3200 964 3278 quihus
978 3202 1156 3278 temporibus

124 3310 126 3317 ¹
165 3294 247 3345 aucta
259 3286 294 3343 sit
306 3285 439 3343 aerisaut
454 3287 556 3343 nummi
573 3284 676 3361 sIgnati
690 3284 867 3343 aestumatio.
889 3284 935 3343 14.
949 3285 985 3344 de
1001 3283 1156 3359 cupiditate

165 3368 233 3426 auri.
272 3367 318 3426 15.
347 3367 394 3445 qui
422 3366 579 3445 plurumum
606 3368 666 3429 auri
691 3375 721 3425 et
740 3367 855 3443 argenti
880 3366 1073 3446 possederint.
1107 3364 1155 3426 16.
