2542 3842
316 150 397 199 ιιι.
412 149 504 200 msc.
518 150 567 198 ιι.
582 145 701 202 ιι-ιι
717 136 865 220 (ιι-ιι.)
979 171 981 179 ›
1030 137 1091 201 ιιι

88 326 107 367 a
127 304 344 386 septentrione,
363 303 401 364 ab
415 304 526 364 oriente
539 303 637 381 lions,
656 321 674 364 a
691 305 811 366 meridie
827 305 944 366 Indicus
959 312 1089 382 vocatur,

87 392 233 468 varieque
252 407 308 467 per
324 389 403 448 sinus
420 397 449 448 et
465 387 586 449 adcolas
601 389 633 448 in
653 389 793 468 conplura
810 389 922 450 nomina
946 390 1089 451 dividitur.

88 492 195 550 rerum
213 471 303 532 Asiae
323 489 441 551 quoqne
456 489 559 550 magna
581 474 676 551 portio
692 473 825 552 adposita
843 474 1031 551 septentrioni
1048 474 1089 533 in·

86 559 166 619 iuria
190 557 295 618 sideris
312 558 412 633 rigens
433 563 532 619 vastas
552 557 727 617 solitudines
746 555 843 628 babet.
888 555 935 616 Ab
957 565 1132 622 extremum

69 640 232 720 taquilone
249 640 285 700 ad
304 638 413 705 initium
429 639 549 700 orientis
567 641 670 700 aestivi
684 640 810 716 Septhae
826 648 900 700 sunt.
933 649 1015 702 extra
1037 659 1090 702 eos

88 727 226 803 ultraque
245 723 413 802 aquilonis
403 724 482 784 mitia
497 723 706 803 Hyperboreos
721 725 808 804 aliqui
832 739 977 804 posuere,
1000 724 1088 802 pluri·

15 814 17 837 ²
88 809 147 870 bus
163 807 321 886 inlluropa
336 807 439 868 dictos.
483 806 605 868 Primum
626 809 693 870 inde
717 808 846 869 noscitur
865 810 1089 887 promontorium

91 892 226 954 Celticae
247 890 405 968 hytarmis,
422 891 525 952 durrus
536 890 741 968 Carambucis
765 891 814 952 ubi
836 883 942 955 lassata
966 909 1028 950 cum
1050 892 1088 951 si-

91 979 196 1038 derum
217 976 248 1035 ri
269 974 444 1054 Ripaeorum
465 976 601 1036 montium
622 976 788 1036 deliciunt'
779 993 861 1054 tuga,
884 975 981 1054 ibique
995 973 1088 1034 Arim-

58 1061 206 1141 1⁰phaeos
229 1059 369 1139 quosdam
393 1059 577 1136 accepimus,
605 1059 674 1120 haut
698 1059 866 1120 dissimilem
890 1057 1088 1137 Hyperboreis
1113 1107 1117 1118 ,

91 1153 219 1223 gentem
241 1142 327 1203 sedes
339 1142 398 1202 illis
408 1159 544 1218 nemora,
557 1142 691 1204 alimenta
705 1143 806 1218 bacae,
822 1142 942 1222 capillus
955 1144 1032 1202 iuxta
1042 1141 1085 1202 le·
1095 1151 1130 1206 35
1222 1175 1224 1182 ·

90 1229 175 1288 minis
186 1227 314 1305 virisque
327 1227 355 1284 in
367 1226 476 1305 probro
491 1228 692 1303 existumentur,
708 1228 779 1286 ritus
792 1227 959 1286 clementes.
991 1227 1088 1304 ltaque

16 1376 17 1397 ,
91 1327 195 1372 sacros
207 1309 307 1371 haben
319 1319 433 1371 narrant
443 1309 656 1389 mmolatosque
667 1326 735 1370 esse
747 1312 831 1371 etiam
843 1310 914 1370 ierus
923 1309 1088 1370 adcolarum

16 1416 17 1427 ¹
91 1395 260 1475 popularis,
279 1411 335 1454 nec
345 1397 427 1473 ipsos
437 1394 524 1454 modo
537 1395 590 1455 sed
602 1395 669 1455 illos
686 1411 801 1474 quoque
815 1412 863 1473 qur
856 1394 912 1454 ad
926 1410 978 1454 eos
988 1393 1116 1473 proin·

16 1508 17 1511 =
58 1481 197 1557 tegerint.
246 1476 328 1538 Ultra
348 1496 400 1539 eos
418 1479 531 1558 plane
521 1496 577 1538 ram
593 1477 736 1554 Scythae,
758 1476 916 1554 Cimmerii,
937 1475 1085 1552 Cisianthi,

92 1563 202 1640 Georgi
215 1571 244 1622 et
256 1561 433 1624 Amazonum
441 1580 525 1640 gens
547 1561 627 1623 llaec
638 1579 731 1641 usque
742 1561 778 1622 ad
792 1560 927 1640 Caspium
940 1570 969 1621 et
978 1560 1085 1683 Ηιιιι-
1151 1605 1152 1610 1

91 1648 167 1706 nium
178 1664 266 1710 mare
337 1690 339 1695 -

151 1730 218 1808 (15
220 1733 235 1809 )
257 1729 329 1790 Nam
346 1740 377 1790 et
389 1732 523 1809 inrumpit
535 1749 552 1790 e
563 1729 702 1806 Scythico
714 1746 827 1791 oceano
839 1729 866 1789 in
877 1746 980 1790 aversa
993 1729 1080 1789 Asiae
1093 1736 1128 1792 36

92 1813 222 1892 pluribus
234 1813 394 1876 nominibus
405 1815 572 1876 adcolarum
591 1814 783 1893 appellatum,
802 1813 999 1874 celeberrimis
1016 1812 1085 1873 duo·

58 1898 147 1957 ²0bus
160 1894 295 1975 Caspium
310 1907 340 1958 et
355 1898 535 1973 Hyrcanium.
572 1897 638 1958 Non
654 1899 745 1958 minus
762 1897 819 1958 boc
835 1916 902 1958 esse
916 1915 1000 1975 quam
1011 1897 1084 1956 Pon·

90 1990 150 2041 tum
160 1979 300 2039 Euxinum
313 1979 478 2041 Clitarchus
486 1991 582 2060 putat,
599 1980 810 2042 Eratosthenes
825 1982 906 2060 ponit
921 1988 951 2040 et
970 1997 1083 2040 mensu-

91 2081 151 2124 ram
140 2062 199 2120 ab
211 2071 314 2121 exortu
327 2073 356 2122 et
365 2065 485 2123 meridie
495 2083 549 2142 per
560 2063 702 2123 Cadusiae
715 2071 744 2122 et
755 2062 894 2123 Albaniae
913 2079 991 2122 oram
1005 2064 1083 2140 quin-

91 2148 194 2226 quiens
207 2144 285 2204 mute
297 2143 396 2205 CCCC
408 2147 514 2220 stadia
531 2145 597 2204 unde
608 2162 662 2223 per
672 2139 814 2218 Atianos,
835 2145 989 2218 Amarbos,
1011 2144 1082 2219 Hyr·

92 2246 181 2290 canos
192 2228 228 2288 ad
239 2229 340 2288 ostium
356 2228 427 2288 Zoni
439 2228 559 2288 dominis
577 2227 769 2305 quatermille
782 2225 910 2288 DCCCC
922 2226 1028 2300 stadia,
1047 2227 1083 2286 ab

59 2323 129 2373 theo
147 2313 183 2374 ad
201 2313 304 2372 ostium
322 2313 442 2378 laxantis
457 2310 515 2371 bibl
532 2309 650 2388 CCCC,
674 2328 748 2391 quae
770 2327 875 2371 summa
898 2310 986 2371 eflicit
1004 2311 1082 2388 quiu-

92 2398 210 2457 deeiens
228 2406 349 2458 centena
360 2395 464 2458 LXXV
476 2396 534 2462 mil.
548 2413 693 2475 passuum.
731 2395 930 2456 Artemidorus
947 2393 1012 2454 hine
1033 2393 1082 2454 de-

92 2481 176 2540 trahit
192 2478 274 2540 XXV
294 2481 323 2540 hl
344 2499 488 2560 passuum.
527 2481 658 2559 Agrippa
677 2479 812 2558 Caspium
830 2497 908 2540 mare
927 2479 1078 2557 gentisque
1087 2485 1122 2540 37

93 2581 166 2640 quae
179 2565 256 2624 circu
270 2574 335 2624 sunt
352 2573 382 2626 et
399 2582 463 2624 cum
479 2564 524 2628 his
534 2565 696 2625 Armeniam
711 2565 903 2626 determinans
919 2563 954 2623 ab
970 2564 1081 2622 oriente

93 2665 203 2707 oceano
216 2648 335 2724 Serico,
353 2649 389 2709 ab
404 2648 555 2708 occidente
574 2647 696 2710 Caueasi
712 2649 802 2726 iugis,
823 2665 840 2708 a
854 2647 973 2708 meridie
984 2646 1079 2719 Tauri,

59 2737 110 2790 ita
134 2733 331 2808 septentrione
353 2748 465 2792 oceano
487 2731 642 2808 Scythico,
665 2742 768 2810 patere
792 2747 846 2808 qua
871 2731 1014 2806 cognitum
1036 2737 1081 2788 est

94 2811 296 2875 cccclxxx
306 2814 498 2894 hlpassuum
489 2833 517 2873 ιι
528 2751 747 2892 longitudinem,
768 2811 869 2874 CCXC
880 2812 928 2872 ll
919 2830 947 2871 ιι
959 2811 1080 2873 latitudi-

93 2916 156 2973 nem
174 2897 307 2974 prodidit
341 2915 399 2958 mon
411 2897 513 2958 desunt
522 2915 593 2958 vero
605 2899 657 2979 qui
675 2901 737 2958 eius
753 2897 838 2957 maris
850 2896 1013 2956 universum
1025 2897 1080 2955 oir-

95 2968 196 3042 eultum
207 2997 223 3040 a
233 2979 349 3040 ireto'
320 2984 430 3042 viciens
447 2990 478 3041 el
493 2979 668 3079 quinquiens
682 2981 811 3042 centenis
826 2976 856 3037 ll
872 2995 1006 3057 passuum
1022 2987 1078 3038 tra-

95 3067 169 3126 dunt.
212 3061 348 3142 Inrumpit
364 3075 459 3126 autem
477 3065 546 3124 artis
564 3062 694 3125 lancibus
706 3066 759 3124 et
750 3083 778 3125 ιι
794 3061 999 3140 longitudinem
1010 3079 1075 3141 spa·
1064 3069 1121 3123 -38

60 3160 85 3201 ³⁵
94 3149 192 3223 tiusis,
213 3155 299 3226 atque
310 3148 358 3207 ubi
370 3149 488 3226 coepit¹
479 3165 507 3206 ιι
518 3147 693 3209 latitudinem
704 3149 788 3228 pandi
802 3147 903 3206 lunatis
916 3145 1078 3224 obliquatur

94 3231 235 3307 cornibus,
247 3230 329 3291 velut
341 3230 377 3291 ad
385 3229 539 3301 Μιιιιίιιι
550 3232 643 3294 lacum
655 3230 691 3292 ab
703 3248 755 3291 ore
767 3229 957 3306 descendens,
976 3230 1078 3304 sicilie,

93 3326 123 3376 ut
133 3323 233 3376 auctor
246 3323 292 3374 est
302 3313 340 3374 hl.
351 3314 462 3392 Varro,
477 3316 667 3377 simulitudine.
701 3315 810 3376 Primus
825 3314 903 3374 sinus
915 3313 1078 3393 appellatur

95 3397 252 3474 Scythicus.
284 3401 426 3479 utrimque
437 3400 512 3461 enim
525 3399 663 3463 adeolant
673 3399 799 3477 Scythae
813 3405 843 3459 et
860 3413 914 3480 per
931 3396 1078 3474 angustias
