2542 3842
310 224 391 273 aar.
407 224 498 273 arar,
516 226 554 273 11.
572 224 693 282 ca-as.
712 216 862 303 (al-at.)
1070 224 1111 287 83

110 376 146 439 ab
161 376 208 439 his
230 378 328 455 gravis
352 388 487 439 aestusve
512 380 676 457 significari.
708 381 790 443 Fiunt
808 395 838 445 et
860 386 990 448 hibernis
1004 390 1110 450 meusi-

110 461 163 522 bus
186 470 216 521 et
237 464 265 521 iu
285 462 411 521 austrino
436 462 522 541 poio,
545 464 598 524 sed
617 463 657 523 ibi
677 466 747 526 citra
764 467 850 527 ullum
866 470 957 530 iubar.
988 473 1109 553 diraque

110 554 250 623 conperta
266 544 442 622 Aethiopum
458 554 487 605 et
498 545 628 625 Aegypti
643 548 771 626 populis,
788 553 835 610 cui
849 570 953 613 nomeu
968 557 1034 615 aevi
1045 558 1108 616 eins

109 648 161 705 rex
179 628 258 687 dedit
273 627 407 706 Typhon,
425 630 511 704 ignea
527 632 629 707 specie
647 649 682 691 ac
699 634 796 711 spirae
813 637 899 695 modo
915 637 1028 713 intorta,
1044 641 1109 699 visu
1150 682 1158 695 .

90 730 226 791 uquoque
244 720 343 785 torvo,
367 730 423 771 nec
439 712 523 773 stella
540 715 639 772 verius
655 733 739 793 qoam
757 717 872 795 quidam
889 720 990 795 igneus
1006 721 1107 782 nodus.

109 798 289 875 §pargantur
309 793 464 873 aliquando
483 804 512 853 et
529 796 691 857 errantibus
707 799 802 859 stellis
819 804 986 881 ceterisque
1003 805 1151 869 evincant

109 879 161 939 sed
178 887 309 937 cometes
324 896 473 957 numquam
490 880 518 937 in
533 897 674 940 occasura
691 892 772 959 parte
790 884 867 943 caeli
881 894 936 961 est,
953 886 1109 947 terrificum

91 956 211 1039 'magua
228 979 267 1020 ex
281 971 364 1040 parte
383 962 461 1021 sidus
476 970 562 1041 atque
575 982 632 1023 oon
644 964 751 1024 ieviter
763 968 880 1044 piatum,
898 977 929 1027 ot
941 969 1020 1028 civili
1031 979 1109 1029 motu

110 1044 230 1105 Octavio
243 1044 363 1104 consule
377 1046 537 1123 iterumque
545 1046 666 1125 Pompei
679 1056 708 1107 et
718 1047 852 1110 Caesaris
863 1051 954 1128 bello,
967 1053 997 1111 in
1008 1062 1109 1111 nostro

76 1145 179 1191 rovero
203 1144 277 1187 aevo
302 1128 379 1187 circa
401 1129 573 1188 veneficium
594 1148 652 1208 quo
669 1128 805 1192 Claudius
824 1132 935 1195 Caesar
959 1136 1109 1214 imperium

106 1211 225 1289 reliquit
241 1210 367 1270 Domitio
384 1209 494 1270 Neroni
516 1229 551 1271 ao
574 1212 679 1273 deinde
702 1215 865 1293 principatu
881 1218 944 1275 eius
959 1218 1109 1279 adsiduum

108 1312 202 1376 prope
218 1311 254 1355 ac
271 1311 399 1355 saevom.
432 1294 558 1355 Referre
582 1296 770 1372 arbitrantur,
793 1300 822 1357 io
840 1318 911 1377 quas
930 1302 1019 1378 partis
1040 1320 1108 1361 sese

107 1379 249 1441 iaculetur
266 1387 313 1438 aut
329 1379 409 1437 cuius
425 1378 530 1438 stellae
548 1378 618 1437 viris
633 1381 775 1458 accipiat,
800 1400 930 1460 quasque
946 1383 1107 1443 similitudi·

106 1482 158 1524 nes
173 1462 277 1522 reddat
293 1470 322 1521 et
341 1461 444 1539 quibus
458 1463 487 1520 in
502 1461 576 1521 iocis
594 1464 708 1522 emicet.
740 1462 884 1524 'tibiarum
899 1468 1002 1543 specie
1020 1469 1105 1526 musi·
1115 1479 1151 1535 93

75 1565 159 1608 cocae
183 1546 237 1604 arti
263 1544 459 1623 portendere,
488 1545 625 1605 obscenis
648 1556 742 1609 autem
766 1548 896 1608 moribus
918 1550 947 1607 in
969 1551 1107 1610 verendis

107 1629 415 1709 partibus'aigoorum,
438 1629 562 1704 ingeniis
578 1637 607 1687 et
621 1630 790 1705 eruditioni,
813 1633 837 1689 si
852 1631 1020 1711 triquetram
1036 1633 1107 1710 figu-
1168 1694 1171 1704 ,

106 1731 165 1773 ram
183 1711 390 1789 quadratamve
407 1711 525 1790 paribus
541 1712 654 1787 anguiis
668 1713 705 1772 ad
721 1713 834 1792 aliquos
850 1716 1020 1792 perennium
1038 1716 1107 1775 stel-

107 1797 197 1857 larum
221 1796 292 1853 situs
314 1794 415 1869 edant',
441 1812 553 1854 venena
568 1795 691 1855 fundere
709 1797 737 1854 iu
757 1799 852 1875 capite
871 1798 1108 1876 septentrionalis

108 1879 291 1939 austrinaeve
308 1878 463 1955 serpentis.
494 1875 632 1937 Cometes
654 1880 682 1937 iu
699 1897 755 1940 uuo
772 1881 859 1939 totius
875 1882 956 1941 orbis
972 1881 1039 1941 loco
1058 1898 1107 1941 co·

74 1963 175 2022 solitar
190 1962 217 2019 iu
232 1961 340 2038 templo
358 1960 484 2045 Romae,
508 1961 660 2021 admodum
681 1962 792 2022 faustus
806 1964 873 2023 divo
889 1964 1021 2041 Augusto
1037 1964 1107 2025 iudi·

107 2054 189 2104 catus
206 2043 340 2123 abipso,
367 2046 414 2122 qui
430 2044 584 2121 incipiente
600 2062 636 2104 eo
654 2045 785 2122 adparuit
799 2046 873 2106 ludis
892 2065 964 2125 quos
982 2046 1110 2107 iaciebat

106 2128 217 2186 Veneri
230 2124 374 2189 Genetrioi
387 2145 444 2186 noo
455 2128 543 2186 multo
557 2136 623 2205 post
636 2127 744 2186 obitum
756 2130 846 2203 patris
858 2125 995 2187 Caesaris
1007 2130 1035 2187 iu
1047 2129 1107 2188 coi-

106 2211 185 2287 lcgio
203 2208 239 2268 ab
255 2226 291 2269 eo
306 2210 442 2269 instituto.
469 2208 599 2285 Namque
615 2209 660 2266 his
676 2207 776 2266 verbis
798 2209 826 2266 iu
849 2208 981 2283 gaudium
996 2210 1151 2285 prodit:94

105 2291 155 2352 lis
177 2293 274 2370 ipsis
295 2292 460 2353 ludorum
484 2308 642 2351 meorum
658 2289 789 2349 diebus
810 2290 915 2349 sidus
935 2291 1109 2349 erinitum

53 2372 1107 2457 -superseptemdiesioregiouecaeliquaesubsepteu·

104 2456 1107 2536 trionibutestcoospectum.idoriebaturcircaun·

105 2540 1107 2621 decimamhoramdieiolarumqueetomoibuseter-

104 2623 511 2701 risoouspicuumfuit.
541 2623 1107 2700 eosideresiguiiicarivolgus

106 2699 1106 2767 crediditCaesarisauimaminterdeoruminmorta·
1210 2738 1214 2743 ·

73 2789 197 2848 solium
221 2789 363 2849 numina
390 2799 604 2866 receptam·
625 2805 697 2867 quo
723 2788 871 2846 nomine
897 2786 931 2844 id
957 2787 1107 2861 insigne

107 2870 578 2950 simulacroc'apitiscius‚
604 2872 702 2947 quod
725 2887 805 2929 mox
826 2867 1106 2928 iniorocouse-

107 2954 305 3029 eravimus,
323 2956 506 3014 adiectum
521 2963 584 3013 est.
601 2952 682 3011 Haec
693 2952 743 3010 ille
757 2953 784 3007 in
795 2950 952 3027 publicum.
969 2950 1106 3008 interiore

106 3036 214 3112 gaudio
236 3035 393 3097 sibiillum
409 3046 502 3096 natum
524 3053 615 3112 seque
633 3036 662 3093 iu
685 3050 721 3092 eo
736 3032 818 3091 nasci
833 3032 1035 3109 interpretatus
1051 3042 1106 3107 est,

108 3127 149 3193 ct,
167 3120 190 3178 si
206 3137 307 3178 verum
318 3120 450 3194 fatemur,
467 3119 592 3180 salutare
608 3118 636 3176 id
652 3116 737 3175 terris
754 3114 815 3172 fuit.
843 3114 913 3173 Sunt
928 3116 975 3194 qui
991 3116 1107 3174 ethaeo

75 3200 207 3261 assidera
230 3211 374 3279 perpetua
392 3219 460 3261 esse
483 3199 617 3273 credant,
640 3214 751 3275 suoque
774 3196 879 3256 ambitu
900 3199 958 3272 ire,
983 3198 1035 3257 sed
1050 3213 1108 3256 uon

108 3284 164 3341 uisi
179 3284 283 3343 relicta
301 3302 317 3343 a
336 3286 399 3345 sole
416 3284 506 3361 cerni.
533 3282 581 3340 alii
603 3298 675 3340 vero
688 3280 745 3355 'qui
765 3280 844 3338 nasci
868 3297 968 3339 umore
990 3280 1107 3338 fortuito

109 3374 140 3423 et
154 3366 240 3441 ignea
255 3368 300 3441 vi,
319 3366 446 3444 ideoque
461 3365 545 3425 solvi.

169 3446 220 3510 26.
238 3446 324 3526 (24.)
348 3448 428 3508 Idem
442 3446 625 3525 Hipparchus
647 3463 797 3523 numquam
818 3446 888 3582 sssatp
908 3443 1054 3514 laudatus,
1078 3447 1150 3501 ut9⁵
