2542 3842
98 261 101 268 .
170 176 231 240 298
524 188 554 236 c.
573 189 669 271 emm
683 189 833 238 sucunur

129 345 244 408 lltcis.
274 343 497 426 quaedamalvo
512 344 707 420 continentur,
728 353 899 421 utqrunata.
930 343 1101 424 dependent
1117 344 1196 406 alia

172 429 330 512 pediculis,
346 438 377 490 ut
394 429 473 507 piru,
490 422 558 488 alia
561 430 695 504 racemis,
712 437 742 491 ut
756 445 840 505 uvae,
856 428 979 507 palmae,
996 430 1052 490 alia
1071 439 1104 489 et
1120 449 1176 509 pe·

169 501 272 574 dicnlis
287 522 317 573 et
330 514 463 588 racemis,
479 522 510 572 ut
521 511 661 588 hederae
678 511 813 572 sambuci.
839 513 895 575 alra
906 531 995 574 ramo
992 514 1174 588 adhaerent

171 598 224 658 nt'
216 614 244 657 ιιι
258 598 349 657 lauro.
379 596 518 688 quaedum
534 605 656 674 utroque
674 595 777 672 modo,
798 605 828 656 ut
842 596 948 658 olivae.
977 616 1041 657 nam
1057 607 1090 657 et
1104 597 1173 658 bre-

169 699 223 742 ues
238 681 365 760 pediculi
381 673 409 740 e't
424 679 512 756 longi.
542 679 682 758 quaedam
699 681 824 740 vasculis
842 690 990 758 constant,
1013 690 1045 748 at
1060 681 1196 741 Punicae

129 776 180 832 116
189 775 220 826 et
237 764 359 844 mespila
374 764 532 841 lotosque
524 781 552 822 m
567 755 705 842 Aegypti)
719 773 750 822 et
764 763 923 843 Euphrate.
952 766 1010 825 lanu
1029 783 1108 825 vero
1130 767 1199 826 di·

169 867 256 911 versa
276 850 368 927 gratia
392 857 421 908 et
435 846 655 907 commendatio
683 864 771 908 carne
785 847 899 927 palmae
915 849 1050 928 placent,
1070 858 1172 909 crusta

170 932 351 1008 Thebaicae,
374 949 446 992 suco
459 948 534 992 uvae
550 939 579 991 et
594 940 746 1012 caryotae,
756 933 842 993 callo
859 938 970 1012 piraeo
986 933 1079 1010 mala,
1104 951 1172 993 cor·

170 1034 242 1097 pore
264 1016 424 1093 melimela,
438 1032 519 1077 mora
534 1015 721 1092 cartilagine,
738 1017 835 1077 nuclei
849 1035 950 1094 grano.
970 1017 1152 1104 quaedam
1142 1037 1171 1076 ιιι

170 1102 306 1180 Aegypto
323 1109 406 1176 cate,
428 1109 459 1160 ut
480 1102 604 1160 caricae.
636 1099 794 1161 detrahitur
811 1100 886 1162 hacc
906 1097 976 1162 licis
990 1102 1166 1176 virentibus,
1179 1121 1201 1160 ιι

129 1193 180 1250 117
191 1197 220 1246 ut
233 1194 385 1265 putamen,
401 1177 613 1263 eisdemque
579 1201 608 1242 ιιι
624 1184 713 1243 siccis
726 1201 857 1244 maxume
868 1186 1007 1265 placet'
999 1204 1027 1245 m
1045 1189 1170 1264 papyris

170 1279 200 1332 et
216 1269 317 1330 ferulis
331 1269 471 1348 spinaque
486 1268 552 1328 alba
565 1265 676 1327 caulis
667 1285 731 1346 ipse
742 1285 857 1348 pomum
868 1279 923 1330 est.
948 1279 1013 1330 sunt
1024 1279 1056 1328 et
1068 1270 1170 1330 licnlui

170 1353 318 1430 caules,'
308 1371 337 1412 ιιι
354 1352 493 1412 fruticoso
515 1369 625 1429 genere
647 1369 711 1412 cum
731 1352 814 1413 caule
831 1355 980 1433 capparis,
1007 1354 1037 1412 in
1052 1353 1171 1431 siliquis

170 1454 242 1498 vero
270 1435 347 1516 quod
372 1435 511 1497 manditur
531 1435 599 1514 quid
622 1437 678 1495 nisi
701 1436 808 1513 liguum
827 1435 894 1498 esti
929 1456 987 1498 uon
1008 1437 1170 1497 omittenda

171 1522 285 1582 seminis
307 1537 404 1580 earum
422 1520 612 1598 proprietate.
648 1537 712 1580 num
733 1538 827 1599 neque
849 1539 958 1601 corpus
979 1520 1200 1598 neclignunrc

169 1623 225 1666 uec
240 1604 379 1681 cartilago
395 1603 451 1664 dici
465 1611 579 1682 potest,
601 1619 696 1682 neque
713 1604 789 1664 aliud
805 1623 910 1665 nornen
928 1606 1065 1666 inveniat.

130 1700 181 1755 118
245 1688 295 1749 29.
324 1686 406 1767 (35.)
436 1689 576 1748 Sncornm
591 1696 691 1747 natura
706 1689 1124 1766 praecipuam'admirationem
1139 1690 1169 1748 in

170 1782 261 1849 myrto
276 1771 373 1846 habet,
390 1771 502 1850 quaudo
516 1787 554 1830 ex
567 1787 622 1832 nna
636 1772 758 1830 omnium
772 1771 831 1831 clei
845 1774 962 1851 rinique
976 1772 1041 1832 bina
1053 1789 1165 1850 genera

130 1858 258 1935 llifitfflle
274 1857 342 1915 item
358 1854 562 1930 myrtidanum,
577 1862 609 1914 ut
623 1853 753 1914 diximus.
783 1853 820 1914 Et
833 1855 906 1916 alius
920 1875 988 1917 usus
1003 1855 1094 1916 bacae
1110 1855 1165 1914 luit

171 1941 246 2040 apad
268 1942 415 2017 antiquos,
439 1947 590 2016 antequam
610 1938 696 2016 piper
714 1939 908 2017 reperiretur,
930 1941 1008 2000 illam
1028 1941 1166 2018 optinens
1174 1965 1201 2003 ao

46 2065 47 2070 η
170 2026 281 2100 vicem,
304 2022 427 2102 quodam
449 2023 534 2086 etiam
554 2023 692 2098 generosi
712 2025 823 2102 opsoni
834 2025 947 2084 nomine
966 2023 1036 2084 iude
1058 2033 1167 2099 tracto,

171 2108 248 2187 quod
264 2108 348 2168 etiarn
364 2124 437 2166 nunc
451 2113 602 2181 myrtatum
617 2115 745 2166 vocatur.
774 2107 945 2206 eademque
950 2099 1065 2184 origine
1077 2125 1168 2186 apro-

161 2211 232 2255 rum
263 2209 352 2272 sapor
382 2189 610 2271 commendatur,
642 2169 812 2270 plemmque
835 2191 872 2251 ad
901 2193 1033 2251 intinctus
1061 2191 1171 2252 additis

170 2295 197 2337 m
219 2277 279 2336 rtis.

130 2295 218 2426 119γ
248 2359 332 2440 (36.)
359 2355 455 2417 Arbor
474 2358 538 2436 ipsa
561 2359 590 2416 in
611 2355 747 2436 Europae
769 2358 904 2418 citeriore
926 2356 1027 2434 caelu,
1048 2360 1132 2436 quod
1153 2376 1203 2418 aaa

171 2443 320 2505 Cerauniis
341 2441 483 2502 montibus
503 2441 618 2519 incipit,
640 2442 759 2518 primum
773 2436 884 2501 Circeis
902 2441 931 2500 in
944 2439 1104 2520 Elpenoris
1126 2453 1170 2503 ta·

170 2529 322 2592 mulorisa
335 2526 464 2601 traditur,
479 2522 676 2602 Graecumque
692 2527 719 2584 ei
734 2543 839 2586 nornen
852 2533 989 2600 remanet,
1006 2543 1066 2603 quo
1078 2543 1168 2605 pere·

171 2614 280 2691 grinam
300 2626 367 2671 esse
387 2609 516 2688 adparet.
543 2608 596 2668 fuit
611 2608 660 2667 ubi
678 2627 754 2669 nunc
771 2608 861 2668 Roma
881 2618 927 2668 eet
946 2610 1000 2668 iam
1014 2622 1080 2678 cum
1095 2609 1167 2670 odu-

46 2767 48 2774 ,
172 2697 303 2770 deretur,
325 2695 433 2773 quippe
447 2695 484 2752 ita
499 2692 632 2767 traditur,
650 2703 761 2768 myrtea
775 2692 903 2751 verbena
918 2691 1065 2752 Romanos
1080 2694 1167 2754 Sabi-

47 2845 50 2852 ,
170 2796 299 2857 nosque,
331 2797 396 2838 cum
416 2785 536 2855 propter
560 2783 658 2852 raptas
678 2776 960 2853 uirgines'dimicare
988 2776 1204 2853 voluissent,ao

172 2863 311 2940 depositis
326 2864 411 2923 armis
429 2869 568 2939 purgatos
581 2860 609 2918 in
631 2877 668 2919 eo
689 2860 756 2920 loco
779 2861 920 2938 quincue
941 2861 1022 2936 signa
1038 2859 1170 2921 Veneris

131 2957 182 3011 120
195 2945 349 3007 Cluacinae
365 2943 461 3006 hahet.
492 2944 591 3004 cluere
605 2945 680 3002 enim
694 2945 800 3022 antiqui
814 2961 938 3022 purgare
953 2942 1097 3009 dicebant
1131 2944 1171 3004 Et

99 3087 103 3092 .
172 3033 200 3091 in
229 3049 263 3092 ea
294 3047 411 3109 quoque
437 3028 542 3088 arbore
560 3027 718 3086 suffimenti
740 3045 831 3104 genus
851 3026 987 3102 habetur,
1009 3027 1079 3087 ideo
1106 3037 1169 3088 turn

160 3095 284 3188 «electa,
311 3115 443 3191 quoniam
464 3111 655 3171 coniunctioni
677 3119 708 3170 et
729 3111 794 3171 lruic
810 3110 905 3172 arbori
923 3112 1015 3169 Venus
1029 3122 1168 3187 praeest,

140 3265 148 3276 ,Ι
172 3199 247 3257 lraud
267 3199 328 3256 scio
350 3213 385 3254 an
405 3196 550 3274 primaeva
573 3195 695 3255 omnium
708 3195 737 3252 in
752 3194 825 3254 locis
839 3193 962 3273 publicis
976 3194 1086 3253 llomae
1103 3205 1205 3255 satane

173 3280 289 3338 latidico
305 3278 427 3355 quidem
454 3285 483 3336 et
505 3276 683 3336 memorabili
703 3280 833 3354 augurio
873 3278 955 3337 inter¹
966 3277 1171 3354 antiquissima

173 3365 293 3437 namque
305 3358 425 3418 delubra
437 3358 558 3417 liabetur
570 3358 690 3432 Quirini,
706 3360 763 3418 hoc
777 3369 823 3419 est
836 3359 1056 3438 ipsiusllomnli.
1082 3361 1112 3419 in
1130 3381 1172 3423 eo

84 3465 86 3474 =
139 3468 147 3484 .
174 3457 274 3510 sacrae
292 3442 373 3500 luere
388 3441 471 3515 myrti
487 3441 561 3504 duae
580 3450 646 3517 ante
668 3443 769 3501 aedem
784 3444 875 3521 ipsam
893 3444 1075 3523 perlongum
1090 3452 1173 3507 tem·
