2542 3842
115 137 120 146 ⁸
191 159 251 223 286
543 173 573 221 c.
596 173 692 222 ruant
714 174 863 222 suenum

189 329 278 388 tuisse
304 329 332 388 in
353 327 494 388 bonorem
512 329 587 388 atavi
607 329 661 392 sui.
695 346 813 406 semper
829 337 925 389 aeman
945 327 1016 389 lolia
1045 326 1142 388 babet
1169 337 1195 388 et

188 429 274 490 ponta
296 410 536 472 subnascentibus
562 411 638 473 aliis.
664 412 730 472 ¹sad
749 429 839 489 pruna
858 429 976 491 ιιιιοιιιιε
1001 413 1099 472 omnia
1125 421 1194 490 post

189 492 329 556 Catonem
344 497 480 574 coepisse
494 495 677 556 manifestant
690 505 745 556 est.

145 585 180 642 ti
253 580 301 640 14.
331 581 414 659 (14.)
442 576 583 640 lialorum
601 579 684 658 plura
705 589 770 640 snat
788 597 910 655 genera.
938 579 1107 640 decimis
1126 597 1191 640 cum

146 661 179 738 23,
189 671 240 724 sut
260 662 365 724 arbore
380 663 516 738 diximus,
539 661 653 724 lledica
666 673 761 724 summ
774 663 877 724 Graeci
891 673 997 724 vocant
1009 663 1124 741 patriae
1137 681 1207 727 nos

187 749 271 810 minc.
305 765 398 826 aeque
413 748 567 824 peregrina
580 756 646 807 sont
659 747 771 826 siaipba
786 756 816 815 et
831 746 966 824 tubures,
989 763 1064 825 qaae
1081 755 1113 805 et
1125 747 1187 825 ipsa

187 847 244 889 non
260 831 370 908 pridem
385 847 493 891 venere
509 832 537 908 ip
551 828 677 907 ltaliam,
694 830 768 890 baec
781 847 819 890 ex
833 831 949 906 Africa,
974 829 1023 891 illa
1038 847 1077 890 ex
1091 831 1185 905 Syria.

187 916 256 976 Sex.
272 913 520 993 Papinius‚.quem
535 915 684 974 consulem
698 915 835 989 vidimus,
855 917 964 994 primns
975 923 1101 992 atraque
1114 923 1186 973 attu-

188 998 221 1058 lit
242 999 301 1058 diri
313 999 436 1074 Augusti
453 999 615 1058 novissimis
634 998 815 1077 temporibus
835 999 986 1060 incastris
1007 1007 1085 1071 suta,
1107 998 1187 1058 bacis

188 1083 324 1162 similibus
341 1099 424 1159 quam
438 1083 537 1160 mulis,
558 1082 611 1142 sed
625 1081 783 1160 aggeribus
797 1084 957 1160 praecipue
971 1082 1098 1154 decom,
1115 1100 1185 1162 qno·
1196 1103 1213 1141 ιι

187 1167 261 1226 niam
282 1175 312 1225 et
335 1168 362 1225 in
379 1174 456 1225 tecta
472 1167 529 1238 iam
545 1167 636 1226 silvae
658 1165 806 1226 scandunt.
839 1166 971 1227 tubarum
985 1167 1042 1227 duo
1055 1182 1186 1241 genera:

144 1257 180 1312 te
191 1247 341 1310 candidum
359 1258 387 1308 et
409 1265 425 1308 a
441 1248 542 1310 colore
557 1251 682 1324 syricum
698 1250 813 1310 dictum.
841 1248 936 1310 Paene
950 1250 1109 1328 peregrina
1123 1258 1189 1308 suot

187 1335 215 1393 in
236 1349 292 1392 nno
314 1331 415 1393 ltaliae
433 1350 504 1410 agro
518 1332 693 1394 veroniensi
707 1335 855 1394 nascentia
873 1351 949 1412 qnae
968 1334 1062 1394 lanata
1083 1333 1187 1410 appel

187 1417 290 1477 luatur.
337 1417 443 1493 lanugo
469 1433 504 1476 ea
531 1416 665 1494 obducit,
701 1417 838 1477 strutbeis
864 1417 979 1495 quidem
998 1417 1187 1494 Persicisque
1238 1454 1239 1477 ι

187 1500 332 1580 pluruma,
360 1500 404 1560 lris
425 1509 521 1565 tamen
532 1501 681 1579 peculiare
699 1517 805 1560 nomen
824 1500 903 1560 dedit
922 1501 1000 1561 nulla
1027 1499 1082 1560 alia
1109 1517 1214 1560 eom-o
1238 1506 1239 1509 ’

133 1583 134 1588 ’
187 1584 370 1644 mandatione
384 1584 554 1662 insignibus.
1239 1572 1241 1727 J

145 1675 180 1730 49
252 1669 336 1746 (lb.)
360 1667 482 1746 Reliqua
498 1684 548 1726 cur
562 1668 663 1746 pigeat
676 1667 839 1728 nominatim
853 1668 991 1743 indicare,
1007 1685 1071 1726 cum
1086 1667 1190 1726 condi·
1239 1732 1240 1739 ,

82 1759 96 1774 '·
187 1750 298 1812 toribus
319 1752 379 1810 suis
392 1760 539 1810 aeternam
553 1754 780 1829 propagaverint
790 1752 973 1826 memoriam,
991 1760 1132 1829 umquam
1146 1750 1189 1808 ob

188 1835 338 1910 egregium
357 1833 473 1912 aliquod
493 1833 521 1892 in
540 1835 597 1902 vita
617 1833 746 1894 iactum?
774 1836 829 1894 nisi
850 1834 956 1910 iallor,
978 1832 1129 1913 adparcbit
1143 1850 1188 1892 ex

189 1933 225 1977 eo
243 1918 391 1996 ingenium
412 1916 573 1994 inserendi,
594 1916 721 1996 nibilque
739 1928 796 1979 tam
809 1935 934 1996 parrum
952 1916 1115 1996 essequod
1126 1933 1221 1976 nona

186 2001 308 2080 giarium
324 2018 429 2079 parere
442 2002 544 2080 possit.
573 2018 648 2080 ergo
660 2002 767 2062 babent
781 2004 922 2080 originem
935 2020 953 2062 a
966 2000 1056 2061 idatio
1069 1998 1205 2060 Gestio‘

188 2103 245 2163 quc
258 2095 288 2146 et
298 2083 412 2162 biallio,
429 2087 497 2146 item
509 2087 633 2150 Scaudio
645 2131 654 2162 ,
676 2087 779 2164 quibus
792 2096 918 2148 cotoneo
929 2086 1019 2145 insito
1035 2084 1072 2144 ab
1084 2084 1190 2163 Appio

145 2168 341 2232 mactandis
358 2179 447 2247 gente
466 2169 597 2249 Appiana
611 2179 677 2230 sunt
689 2172 898 2247 cognominata.
928 2170 1002 2229 odor
1014 2178 1060 2228 eat
1071 2167 1121 2228 bis
1138 2185 1189 2228 co·

187 2264 354 2328 torcorum,
377 2254 541 2330 magnitudo
558 2271 631 2330 quac
643 2254 831 2325 Scaudianis,
847 2253 931 2313 color
943 2252 1062 2312 rubens.
1097 2270 1138 2312 ao
1150 2271 1190 2312 ne

188 2338 251 2418 quis
266 2337 294 2397 id
308 2335 413 2400 ambitu
429 2336 556 2398 ualuisse
570 2337 708 2399 claritatis
721 2355 738 2396 e
749 2335 968 2414 iamiliaputat,
990 2345 1057 2396 sunt
1068 2344 1102 2395 et
1112 2337 1189 2396 See·
1199 2359 1222 2400 as

188 2422 284 2500 ptiena
295 2421 331 2480 ab
343 2421 493 2480 inventore
506 2419 652 2495 libertino,
668 2421 790 2497 iusignia
802 2420 985 2480 rotunditate.
1011 2418 1084 2480 (lato
1098 2419 1194 2482 adicit

188 2502 324 2578 Quiriana
348 2511 378 2561 et
397 2520 471 2581 quae
491 2503 576 2564 tradit
599 2504 627 2562 in
648 2503 733 2562 doliis
755 2503 841 2565 condi
862 2503 1023 2564 Scantiana.
1059 2505 1190 2564 omnium

187 2595 282 2658 antem
298 2587 461 2663 nuperrime
477 2587 611 2664 adoptata
627 2595 693 2645 sunt
706 2604 795 2665 parra
809 2589 963 2663 genesimi
976 2589 1093 2664 saporis
1106 2605 1192 2664 guae

188 2667 293 2734 Petisia
303 2673 491 2742 nominantur.
517 2671 625 2750 patrias
635 2670 827 2738 nobilitavere
838 2671 973 2730 Amerina
985 2680 1016 2730 ct
1029 2670 1192 2732 Gmecula.

145 2765 179 2820 sl
191 2762 289 2814 cetera
310 2771 328 2814 e
347 2757 441 2819 cauma
461 2763 578 2815 manere
597 2771 716 2814 nomen:
737 2755 933 2831 germanitatis
950 2754 1141 2816 cohaerentia
1159 2765 1226 2818 eta

100 2873 104 2898 .
187 2838 324 2914 gemella,
340 2854 489 2917 numquam
503 2837 616 2915 singola
631 2840 661 2898 in
674 2839 744 2904 ictu.
775 2838 885 2899 coloris
898 2839 1003 2914 syrica.
1033 2837 1195 2915 cognatici

187 2923 230 2982 nis
253 2924 387 3002 melapia.
425 2932 552 2998 mustea,
578 2941 595 2984 a
617 2923 768 2984 celeritate
790 2922 978 2996 mitesccndi,
1002 2939 1079 2999 quac
1110 2941 1198 2982 nunc

187 3007 330 3068 melimela
349 3007 480 3068 dicuntur
495 3025 513 3068 a
527 3023 633 3084 sapore
645 3005 765 3086 melleo.
792 3006 954 3077 orbiculata
967 3016 984 3066 a
997 3005 1089 3082 flgura
1105 3005 1197 3068 orbis

187 3093 216 3151 in
228 3091 429 3154 rotunditatem
443 3091 624 3150 circumacti(
642 3090 716 3150 baec
731 3092 760 3150 iu
771 3089 863 3170 Epiro
875 3091 995 3169 primum
1006 3092 1197 3169 provenisse

188 3172 1232 3336 {intulisti2itlrllnil'tltattztlcwm³⁶

146 3346 180 3398 ω
189 3338 273 3400 donia
287 3340 434 3416 appellant
447 3339 567 3414 Belgae.
591 3338 749 3398 bielciciiis
763 3341 862 3403 iulium
875 3360 970 3417 anam,
983 3277 1200 3420 eigamma

105 3465 110 3476 .
188 3423 329 3494 geminum
345 3422 467 3497 erumpit
487 3421 728 3482 eiateremedio.
754 3423 908 3486 celerrime
925 3426 953 3486 in
969 3443 1057 3503 rugas
1068 3443 1199 3488 marce·
