2542 3842
180 169 238 232 194
551 182 853 232 c.en11v1sncurv1>1

177 337 213 398 ad
235 352 390 414 proxumos
403 335 579 415 Aethiopas,
605 345 691 414 atque
711 335 760 399 ubi
779 335 880 396 iterum
901 334 990 396 sensit
1008 335 1161 414 hominem,

176 419 288 498 prosilit
301 419 394 495 iente,
409 429 439 479 ut
454 419 609 480 verisimile
626 427 687 494 est,
708 419 759 479 illo
776 437 859 497 quem
872 418 989 497 Nigrum
1002 437 1160 480 vocavere.
1257 447 1258 498 3

39 531 44 541 ¹
136 503 246 569 531nde
261 501 388 562 Africam
407 503 444 562 ab
458 503 612 581 Aethiopia
631 501 816 581 dispesceus,
837 505 947 563 etiamsi
961 520 1018 564 uon
1032 504 1160 582 protinus

178 585 309 665 populis,
331 586 400 646 ieris
417 596 510 646 tumen
527 595 556 646 et
570 586 663 646 beluis
685 587 822 666 frequens
841 587 1031 664 silvarumque
1049 586 1160 663 opifex,

176 670 286 729 medios
303 668 462 748 Aethiopas
477 679 558 730 secat
572 672 787 746 cognominatus
803 670 943 748 Astapus,
960 668 1035 747 quod
1050 669 1183 730 illarums
1258 721 1259 726 ,

177 754 302 831 gentium
316 753 412 830 lingna
426 753 567 830 signiii‘oat
585 771 687 830 aquam
705 772 722 812 e
738 752 866 814 tenebris
881 753 1079 831 profluentem.
1116 751 1160 812 ln·

177 838 255 898 sulas
271 839 309 897 ita
325 839 484 897 innumeras
508 837 632 914 spargit,
653 836 846 914 quasdamque
867 846 922 896 tam
938 845 1037 898 vastae
1053 837 1160 913 magni·

177 922 296 997 tudinis,
323 938 489 999 quamquam
503 920 603 997 rapida
617 919 784 995 celeritate,
804 928 833 978 ut
848 927 943 978 tumen
959 920 1067 980 dierum
1083 921 1159 998 quin·
1259 916 1260 970 l

179 1023 235 1084 que
251 1023 335 1063 cursu
346 1021 402 1063 non
417 1002 551 1063 breviore
564 1002 699 1078 travolat,
710 1003 787 1062 circa
801 1003 987 1062 clarissimam
997 1021 1094 1064 carum
1101 1002 1160 1062 lile·
1259 979 1260 1062 l

177 1107 249 1148 roen
273 1086 435 1147 Astobores
460 1087 544 1147 laevo
567 1086 651 1146 alveo
673 1086 782 1161 dictus,
808 1087 866 1147 hoc
886 1095 930 1146 est
955 1105 1050 1146 ramus
1071 1079 1193 1165 aqe'aero
1259 1089 1260 1102 ¹

176 1172 317 1231 venientis
339 1188 356 1230 e
378 1170 524 1246 tenebris,
546 1170 646 1230 dextro
665 1187 736 1230 vero
758 1168 936 1248 Astosapes,
967 1169 1042 1249 quod
1062 1170 1161 1250 lateris

178 1255 413 1332 significationem
432 1254 533 1330 adicit,
555 1272 611 1314 nec
631 1262 696 1313 ante
711 1252 793 1314 Nilus
815 1271 897 1331 quam
919 1271 952 1314 se
977 1261 1065 1313 totum
1080 1255 1162 1331 aquis

137 1349 277 1401 otrursns
307 1338 498 1397 concordibus
531 1339 628 1398 iunxit.
687 1338 731 1397 sic
764 1354 878 1416 quoque
908 1338 1058 1398 etiamnum
1088 1336 1161 1396 Giris
1260 1401 1261 1410 χ

178 1430 243 1482 ante
258 1421 416 1483 nominatus
431 1439 485 1498 per
502 1421 610 1500 aliquot
624 1420 715 1496 milia,
734 1429 762 1480 et
778 1423 807 1480 in
823 1429 912 1481 totum
923 1419 1048 1480 Homero
1064 1420 1160 1495 Aegy·
1260 1419 1261 1438 ¹

178 1515 244 1584 ptus
260 1503 382 1582 aliisque
399 1502 513 1578 Triton,
535 1502 655 1564 subinde
674 1503 774 1564 insulis
794 1512 910 1581 pactus,
931 1504 1049 1564 totidem
1063 1505 1195 1564 incita-rs

177 1598 223 1648 tus
243 1588 443 1661 inritamentis,
465 1596 611 1665 postremo
633 1586 758 1646 inclusus
784 1587 941 1662 montibus,
968 1605 1022 1646 nec
1048 1586 1160 1646 aliunde

177 1673 349 1744 torrentior,
367 1679 468 1730 vectus
483 1673 563 1748 aquis
578 1669 799 1748 properantibus
815 1670 850 1730 ad
870 1670 965 1730 locum
987 1669 1161 1747 Aethiopum

178 1754 226 1832 qui
244 1751 385 1830 Catadupi
400 1763 538 1812 vocantur
551 1754 706 1812 novissimo
724 1762 882 1814 catarracte
897 1755 970 1814 inter
984 1755 1160 1812 occursantis

178 1836 317 1914 scopulos
332 1854 388 1895 non
403 1836 493 1896 llnere
509 1837 636 1897 inmenso
653 1836 770 1914 fragore
784 1838 893 1918 quaerit
905 1837 958 1897 sed
969 1854 1064 1896 ruere.
1080 1845 1158 1913 post-

179 1938 214 1980 ea
240 1920 313 1979 lenis
339 1928 369 1978 et
390 1920 544 1980 confractis
565 1921 646 1998 aquis
660 1921 822 1998 domitaque
836 1920 987 1995 violentia,
1011 1918 1116 1997 aliquid
1132 1929 1194 1983 etao
1262 1915 1263 1978 l

178 2005 271 2083 spatio
292 2003 404 2080 lessus,
430 2003 524 2063 multis
544 2005 674 2082 quomis
693 2003 823 2064 faucibus
840 2004 869 2063 in
890 2003 1063 2082 Aegyptium
1081 2020 1159 2062 mare
1262 2005 1263 2012 ’

179 2106 211 2147 se
229 2097 357 2165 evomat,
374 2089 461 2147 certis
474 2096 569 2147 tamen
583 2087 684 2148 diebus
699 2097 783 2148 auctu
803 2104 904 2165 magno
920 2106 975 2165 per
988 2095 1075 2146 totam
1094 2103 1159 2165 spa·

137 2182 170 2236 ⁵5
178 2174 261 2232 tintus
282 2171 444 2251 Aegyptum
463 2170 601 2232 fecundus
623 2173 729 2233 innatat
744 2181 849 2233 terrae.
887 2169 994 2231 Causas
1014 2168 1096 2232 huius
1119 2171 1159 2230 in·

180 2257 320 2316 crementi·
330 2258 424 2316 varias
441 2256 607 2334 prodidere,
624 2257 677 2317 sed
691 2274 819 2316 maxume
836 2253 992 2333 probabilis
1008 2255 1160 2313 etesiarum

179 2357 215 2398 eo
236 2348 366 2416 tempore
390 2356 427 2398 cx
453 2338 576 2398 adverso
596 2338 720 2398 dantium
740 2354 942 2416 repercussum
964 2337 1037 2396 ultra
1059 2339 1087 2395 in
1109 2353 1196 2396 orare

179 2431 243 2481 acto
265 2423 350 2495 mari,
384 2429 432 2479 aut
458 2421 555 2478 imbris
584 2419 757 2497 Aethiopiae
782 2420 909 2478 aestivos
934 2419 1035 2478 iisdem
1059 2421 1184 2479 etesiis.

179 2502 274 2562 nubila
287 2501 337 2560 illo
352 2500 510 2561 ferentibus
525 2518 541 2559 e
556 2500 668 2577 reliquo
685 2501 767 2560 orbe.
801 2500 932 2560 Timaeus
946 2500 1161 2561 mathematicus

180 2584 319 2645 occultam
339 2583 456 2662 protulit
475 2583 629 2658 rationem,
652 2581 775 2642 Phialam
795 2581 936 2660 appellari
957 2583 1064 2642 iontem
1087 2585 1160 2661 eins,

179 2669 327 2745 mergique
347 2669 375 2726 in
390 2664 537 2726 cuniculos
553 2665 647 2743 ipsum
663 2681 774 2726 amnem
790 2681 900 2742 vapore
921 2664 1100 2724 anhelantem
1115 2667 1160 2726 fu·

179 2752 262 2811 midis
278 2751 406 2812 cautibus
422 2749 471 2808 nbi
486 2749 624 2809 conditur.
648 2767 746 2808 verum
758 2746 820 2808 sole
836 2765 953 2827 percos
966 2749 1028 2809 dies
1044 2752 1159 2810 commi·
1171 2776 1198 2818 ro

181 2853 233 2895 nus
255 2835 334 2896 iacto
356 2833 466 2896 extrahi
488 2833 600 2894 ardoris
620 2833 650 2892 vi
671 2841 700 2892 et
719 2850 888 2913 suspensum
908 2832 1050 2894 abundare
1073 2851 1108 2894 ac
1123 2852 1160 2894 ne

139 2920 336 2983 addevorotur
355 2917 502 2979 abscondi.
535 2917 563 2978 id
585 2917 702 2976 evenire
723 2935 739 2976 a
763 2918 841 2977 canis
860 2926 923 2977 ortu
945 2935 999 2996 per
1016 2917 1161 2994 inanitum

181 3003 251 3063 solis
267 3005 295 3061 in
311 3003 439 3076 leonem,
463 3010 561 3061 contra
580 3000 814 3079 perpendiculum
833 3000 921 3060 iontis
939 3002 1035 3062 sidere
1054 3009 1159 3076 stante,

180 3103 243 3145 oum
259 3103 296 3145 eo
312 3094 403 3145 tractu
419 3084 598 3145 absumantur
609 3084 741 3158 umbrae,
763 3084 910 3162 plerisque
930 3103 947 3144 e
967 3085 1081 3145 diverso
1097 3085 1158 3160 opi·

179 3169 252 3227 natis
266 3168 421 3244 largiorem
434 3167 524 3228 liuere
539 3168 574 3228 ad
591 3168 803 3246 septentriones
814 3167 877 3228 sole
892 3168 1069 3243 discedente,
1082 3165 1160 3245 quod
1170 3188 1198 3230 as

180 3253 209 3310 in
225 3267 330 3310 cancro
346 3257 375 3309 et
389 3249 475 3308 leone
489 3252 603 3326 evenit,
625 3251 750 3330 ideoque
767 3260 834 3311 tunc
854 3253 943 3312 minus
958 3251 1076 3326 siccari,
1096 3267 1159 3308 rur-

182 3352 231 3394 sus
245 3334 273 3392 in
297 3333 492 3411 capricornum
512 3341 542 3392 et
563 3335 715 3394 austrinum
739 3334 837 3414 polum
856 3351 975 3395 reverso
994 3331 1106 3392 sorberi
1129 3342 1161 3392 et

115 3428 117 3433 ·
182 3415 219 3500 ob
237 3416 266 3477 id
282 3415 395 3493 parcius
411 3413 510 3475 lluere.
546 3416 598 3476 sed
615 3416 731 3477 Timaeo
748 3419 772 3478 si
789 3420 852 3497 quis
867 3417 976 3478 extrahi
990 3407 1079 3492 posse
1094 3433 1160 3475 cre·
