2542 3842
157 114 197 177 90
286 128 289 137 ’
540 124 635 174 cunm
656 124 805 175 scconm

157 280 226 340 nihil
242 277 351 340 addisci
366 294 439 338 nora
455 278 654 358 inquisitione,
677 280 762 341 innuo
778 296 816 338 ne
830 286 963 340 veterum
978 280 1093 359 quidem
1107 283 1149 343 in·

84 376 87 381 '
116 373 168 427 118
177 372 262 423 venta
275 362 411 440 perdisci.
434 360 499 421 Non
511 372 592 422 erant
604 364 713 422 maiora
725 363 852 440 praemia
862 363 891 421 in
902 363 1006 423 multos
1017 365 1149 443 dispersa
1215 437 1221 443 .

156 447 289 513 fortunae
303 445 512 522 magnitudine,
537 455 566 505 et
583 448 636 505 ista
653 446 754 523 plures
768 446 831 504 siue
846 448 976 523 praemio
992 447 1055 506 alio
1066 465 1150 525 qnam
1166 499 1170 507 ,

156 538 293 607 posteros
317 528 431 587 iuvandi
457 538 601 588 eruerunt.
630 523 734 597 ¹liores
759 527 902 588 hominum
926 547 1069 605 senuere,
1093 547 1171 589 non1

155 612 282 686 fructus,
307 620 336 670 et
358 612 486 671 inmensa
501 611 650 670 multitudo
666 618 769 688 aperto
792 612 993 689 quodcumque
1016 619 1062 671 est
1080 614 1173 675 maris

155 694 350 773 hospitalique
366 694 480 753 litorum
495 694 618 753 omniurn
634 693 756 770 adpulsu
771 694 903 769 navigat,
920 694 973 754 sed
989 694 1077 770 lucri,
1093 712 1152 753 non

156 778 311 851 scientiae,
334 778 435 853 gratia.
462 793 517 834 nec
537 783 653 851 reputat
675 792 765 835 caeca
784 793 866 834 mens
886 784 917 834 et
937 785 1043 836 tantum
1059 779 1150 838 avari·

155 862 213 920 tiae
229 862 335 919 intenta
350 858 379 917 id
402 859 494 936 ipsum
516 858 636 917 scientia
656 874 746 934 posse
768 859 855 917 tutius
872 858 945 917 lieri.
973 869 1171 938 quapropter,

92 1002 100 1019 ,
156 942 355 1019 scrupulosius
370 958 454 1018 quam
469 941 595 999 instituto
611 940 745 999 fortassis
758 941 911 1001 conveniat
924 943 1007 1019 operi
1019 943 1151 1004 tractabo

155 1034 271 1098 ventos,
287 1032 329 1082 tot
344 1022 420 1083 milia
434 1024 625 1098 navigantium
641 1040 774 1081 cernens.
931 1072 934 1078 .
1013 1067 1016 1074 ,
1160 1042 1185 1082 1o

115 1118 166 1173 119
228 1109 278 1167 47.
296 1106 380 1183 (46.)
397 1104 524 1165 Veteres
546 1111 688 1183 quattuor·
700 1107 815 1165 omnino
837 1123 996 1165 servavere
1017 1124 1072 1184 per
1086 1110 1152 1168 toti·

156 1190 222 1250 dem
236 1190 333 1250 mundi
346 1190 435 1267 partis
453 1188 536 1265 (ideo
553 1207 609 1248 nec
619 1184 762 1249 Homerus
777 1189 868 1267 pluris
883 1190 1024 1266 nominat)
1040 1190 1152 1268 hebeti,
1259 1259 1261 1270 ,

155 1282 185 1332 ut
201 1290 269 1331 mon
285 1272 437 1333 iudicatum
454 1280 509 1348 est,
525 1273 647 1333 ratione.
666 1282 765 1333 secuta
777 1281 859 1332 aetas
870 1281 938 1331 octo
949 1272 1059 1332 addidit
1069 1274 1153 1332 nimis
1259 1335 1260 1344 ,

155 1355 252 1415 subtili
268 1364 353 1432 atque
370 1356 497 1415 concisa.
525 1357 673 1433 proxumis
684 1357 759 1414 inter
773 1364 922 1435 utramque
937 1355 1032 1414 media
1042 1356 1153 1433 placuit

64 1510 67 1517 Δ
155 1437 192 1498 ad
208 1437 328 1497 brevem
343 1455 382 1495 ex
401 1454 554 1496 numerosa
580 1438 684 1499 additis
700 1446 842 1513 quattuor.
872 1438 942 1498 Sunt
960 1455 1032 1514 ergo
1049 1437 1108 1496 bini
1122 1440 1152 1499 in
1163 1453 1188 1495 aa

158 1526 291 1599 quattuor
308 1518 382 1581 caeli
398 1518 542 1600 partibus,
564 1518 600 1579 ab
618 1522 730 1578 oriente
746 1521 950 1597 aequinoctiali
967 1521 1152 1597 subsolanus,

46 1609 48 1616 ’
107 1629 113 1635 -
158 1602 195 1661 ab
217 1604 329 1662 oriente
352 1601 472 1661 brumali
487 1601 646 1679 volturnus.
675 1602 755 1662 illum
770 1602 934 1680 apelioten,
956 1603 1031 1663 hunc
1047 1602 1154 1664 Graeci

158 1702 257 1743 eurum
272 1684 429 1762 appellant.
446 1702 463 1743 a
479 1685 599 1744 meridie
617 1694 715 1745 auster
732 1694 761 1745 et
773 1684 809 1745 ab
823 1702 932 1745 occasu
943 1686 1063 1746 brumali
1074 1685 1153 1747 hiri·
1259 1739 1260 1742 ,

83 1794 85 1805 ⁴
158 1784 219 1826 cus.
232 1776 321 1826 ncton
332 1776 362 1825 et
373 1766 444 1827 Liba
455 1768 608 1827 nominant.
622 1768 658 1829 ab
672 1786 780 1827 occasu
792 1770 996 1848 aequinoctiali
1006 1769 1152 1847 latonius,

158 1849 194 1909 ab
211 1866 318 1910 occasu
333 1849 478 1910 solstitiali
495 1867 590 1909 corus.
618 1850 775 1928 zephyrum
798 1860 828 1910 et
848 1861 985 1929 argesten
999 1861 1114 1912 vocant.
1136 1871 1189 1913 aaa

158 1933 401 2009 septentrionibus
425 1933 601 2011 septentrio,
624 1934 757 2012 interque
775 1953 840 1994 eum
857 1945 887 1994 et
908 1944 1039 1995 exortum
1056 1934 1152 1994 solsti-

114 2020 167 2075 120
179 2015 276 2075 tialem
292 2016 404 2095 aquilo,
432 2018 575 2094 aparctias
599 2025 628 2075 et
643 2017 751 2077 boreas
765 2018 844 2077 dicti.
873 2017 1062 2077 Numerosior
1078 2019 1153 2077 ratio

157 2107 292 2177 quattuor
306 2099 350 2159 his
365 2100 567 2176 interiecerat,
589 2100 735 2161 thrascian
756 2102 851 2161 media
872 2102 994 2177 regione
1016 2100 1090 2159 inter
1106 2119 1153 2161 se·
1259 2169 1260 2172 Ἴ

156 2184 349 2259 ptentrionem
364 2192 394 2243 et
409 2200 544 2265 occasum
559 2184 756 2260 solstitialem,
779 2187 905 2263 itemque
924 2183 1043 2243 caecian
1058 2185 1154 2244 media
1259 2177 1261 2226 ἶ

155 2266 231 2325 inter
246 2267 409 2345 aquilonem
428 2276 456 2327 et
470 2276 600 2326 exortum
618 2267 859 2344 aequinoctialem
871 2266 907 2324 ab
920 2275 984 2324 ortu
996 2265 1152 2343 solstitiali,
1162 2286 1190 2325 as

156 2348 332 2410 Phoenician
343 2350 437 2410 media
452 2351 574 2421 regione
589 2350 664 2406 inter
678 2357 769 2406 ortum
780 2348 940 2406 brumalem
952 2354 981 2403 et
992 2346 1153 2422 meridiem,

94 2424 97 2429 ⁵
154 2432 226 2490 item
241 2433 315 2489 inter
328 2430 398 2489 Liba
414 2438 443 2485 et
457 2438 546 2486 noton
561 2430 742 2503 conpositum
757 2446 795 2485 ex
809 2436 932 2503 unoque
943 2427 1067 2485 medium
1078 2428 1154 2487 inter
1259 2437 1260 2446 ¹

155 2512 305 2572 meridiem
322 2520 350 2569 et
365 2510 514 2570 hibernum
532 2509 714 2567 occidentem
729 2508 899 2569 Libonoton.
932 2507 1084 2568 Necllnls.
1103 2509 1153 2571 alii
1259 2531 1261 2592 ξ

155 2594 263 2673 quippe
276 2610 376 2651 mesen
387 2594 500 2651 nomine
517 2593 668 2651 etiamnum
679 2591 818 2661 addidere
833 2592 909 2649 iuter
919 2590 1030 2651 borean
1042 2601 1073 2651 et
1083 2612 1153 2664 cae·
1259 2606 1261 2616 ’

157 2678 231 2750 aian,
249 2684 279 2741 et
294 2676 368 2734 inter
383 2683 646 2752 eurumnotumque
662 2682 833 2732 euronoton.
856 2675 926 2734 Sunt
940 2675 1024 2734 etiam
1037 2676 1189 2753 quidamao
1259 2733 1260 2752 ,

155 2758 320 2836 peculiares
345 2760 505 2837 quibusque
526 2756 662 2833 gentibus
675 2758 769 2831 venti,
793 2774 851 2816 uon
865 2758 939 2816 ultra
956 2766 1066 2817 certum
1080 2776 1152 2836 pro·

156 2841 295 2900 cedentes
307 2848 437 2915 tractum,
456 2849 485 2899 ut
501 2838 726 2899 Atheniensibus
745 2840 857 2914 sciron,
874 2841 961 2917 paulo
979 2840 1017 2899 ab
1034 2851 1152 2918 argeste

157 2922 307 2999 deflexus,
340 2924 471 3001 reliquae
497 2922 638 2983 Graeciae
664 2924 788 2997 ignotus.
819 2923 906 2981 aliubi
941 2923 1045 2983 elatior
1075 2925 1153 2985 idem

55 3001 58 3006 ’
115 3016 166 3069 121
179 3004 326 3082 Olympias
346 3017 475 3067 vocatur.
507 3004 693 3064 Consuetudo
708 3004 839 3063 omnibus
860 3004 904 3063 his
925 3007 1086 3067 nominibus
1107 3026 1152 3067 ar·
1259 3069 1260 3076 ,

155 3097 263 3165 geaten
277 3087 423 3163 intellegi,
451 3096 480 3147 et
500 3088 619 3147 caecian
635 3086 722 3165 aliqui
739 3096 845 3147 vocant
859 3086 1096 3167 hellespontiau,
1121 3099 1188 3155 etas

153 3170 278 3233 *eosdem
294 3169 341 3229 alii
356 3169 448 3228 aliter.
465 3171 541 3229 idem
556 3170 584 3227 in
602 3168 785 3228 Narbonensi
809 3171 959 3247 provincia
975 3172 1152 3232 clarissimus
1205 3248 1208 3251 .
1259 3189 1260 3228 i

156 3262 307 3313 ventorum
325 3260 380 3327 est,
398 3253 520 3327 circius,
545 3270 600 3311 nec
617 3251 677 3310 ullo
692 3253 722 3309 iu
736 3252 874 3314 violentia
888 3255 1027 3328 inlerior,
1043 3252 1153 3313 Ostiam

83 3354 86 3367 ‘
157 3334 327 3415 plerumque
348 3342 430 3395 racto
447 3334 592 3412 Ligustico
607 3334 679 3397 mari
695 3334 867 3415 perferens,
891 3337 968 3398 idem
987 3351 1045 3394 non
1064 3335 1153 3396 modo
