2542 3842
171 199 175 210 .
282 175 360 221 nau.
376 174 466 222 msc.
479 176 556 223 xm.
576 175 696 226 11-12.
714 161 863 247 (at—no.)
1016 165 1078 226 213

25 369 26 376 1
74 330 129 390 bus
145 329 259 408 quidem
282 330 335 389 uisi
355 332 383 390 in
406 347 505 390 umore
527 331 608 390 utile.
642 328 761 392 Texitur
775 331 866 392 omnis
886 333 1019 394 madente
1033 343 1074 394 ta·
1084 342 1119 398 'ti

25 385 28 506 ξ
74 414 142 474 bula
155 413 214 473 Nili
233 431 317 491 aqua.
348 412 477 496 turbidus
495 414 592 492 liquor
607 415 665 473 vim
683 416 799 491 glutinis
821 415 952 494 praebet.
982 416 1015 476 ln
1030 435 1077 477 re·

25 555 26 576 ,
76 508 149 558 ctum
162 499 253 576 primo
267 498 366 574 supina
378 498 495 558 tabulae
505 499 616 560 scheda
628 498 763 558 adlinitur
771 499 951 577 longitudine
963 503 1075 578 papyri,

25 581 26 588 ’
75 598 149 660 quae
164 584 256 662 potuit
270 599 339 640 esse
355 582 566 658 resegminibus
588 585 732 660 utrimque
753 584 924 662 amputatis,
944 593 1077 644 travmsa

49 687 61 726 1
75 676 179 746 postea
196 675 293 726 crates
307 668 430 743 peragit.
461 667 600 744 premitur
615 667 721 727 deinde
733 668 864 746 praelis,
880 675 916 735 et
930 669 1077 728 siccantur

73 750 138 810 sole
155 749 291 828 plagulae
306 759 392 827 atque
408 752 483 810 iuter
499 769 531 810 se
547 752 718 827 iunguntur,
741 767 944 830 prouumarum
958 769 1076 830 semper

72 835 208 893 bonitatis
223 833 418 894 deminutione
435 834 471 893 ad
486 835 668 895 deterrimas.
699 852 850 913 numquam
866 834 967 912 plures
983 852 1074 913 scapo

74 935 158 996 quam
174 919 305 977 vicenae.

135 999 218 1080 (24.)
241 999 345 1078 blagnu
359 1003 388 1060 in
408 1002 554 1063 latitudine
573 1021 672 1064 earum
688 1003 865 1064 differentia:
887 1015 953 1064 1111
967 1002 1116 1078 digito-ue

37 1101 62 1144 lo
76 1105 138 1148 rum
150 1087 288 1162 optumis,
304 1086 360 1145 duo
376 1085 561 1146 detrabuntur
572 1087 748 1162 hieraticae,
764 1086 907 1148 Fanniam
920 1087 1012 1147 denos
1024 1086 1073 1144 ba·

73 1172 138 1243 bet,
165 1179 193 1229 et
215 1186 270 1228 uno
294 1171 385 1230 miuus
407 1169 683 1247 amphitheatritica,
700 1172 856 1249 pauciores
871 1172 995 1245 Saitica,
1018 1187 1074 1228 nec

73 1254 180 1327 malleo
198 1253 320 1328 suflicit,
336 1271 399 1314 nam
416 1254 603 1330 emporiticae
620 1253 748 1314 brevitas
762 1273 817 1314 sex
827 1253 934 1332 digitos
948 1270 1006 1312 non
1022 1271 1074 1312 ex·

74 1338 160 1397 cedit.
191 1347 343 1414 praeterea
360 1346 507 1414 spectatur
521 1339 549 1396 in
564 1337 671 1401 chartis
686 1338 829 1413 tenuitas,
843 1339 988 1412 densitas,
1007 1355 1073 1396 can·
1111 1398 1118 1416 ,

74 1424 138 1495 dor,
152 1421 244 1480 levor.
271 1420 424 1483 Primatum
435 1422 553 1480 mutavit
565 1419 702 1481 Claudius
715 1419 833 1481 Caesar.
861 1422 944 1480 nimia
960 1422 1068 1498 quippe
1080 1428 1115 1482 79

38 1529 63 1569 us
75 1506 223 1582 Augustae
240 1505 363 1564 tenuitas
380 1505 538 1564 tolerandis
552 1521 611 1564 non
626 1504 790 1564 sufficiebat
810 1506 937 1565 calamis.
966 1504 1001 1564 ad
1016 1503 1074 1563 boc

73 1591 232 1648 tramittens
244 1588 355 1647 litteras
371 1587 473 1646 liturae
488 1597 593 1648 metum
603 1587 755 1648 adferebat
766 1607 803 1647 ex
814 1589 940 1663 auersis,
956 1596 987 1646 et
1000 1588 1075 1647 alias
1158 1596 1162 1611 '

73 1672 213 1732 indecoro
229 1673 292 1730 visu
307 1671 511 1748 pertralucida.
543 1673 628 1748 igitur
645 1690 663 1730 e
677 1673 808 1732 seeundo
823 1673 905 1731 corio
923 1673 1073 1732 statumina

73 1758 150 1816 iacta
169 1764 235 1815 sunt
257 1764 286 1814 et
306 1756 398 1832 primo
414 1754 582 1814 subtemina.
612 1756 693 1815 auxit
706 1765 735 1815 et
755 1756 950 1830 latitudinem,
971 1754 1115 1833 pedali80

73 1856 216 1898 mensura.
233 1848 296 1898 erat
310 1849 340 1898 et
355 1839 489 1898 cubitalis
506 1839 709 1914 macrooollis,
727 1840 779 1899 sed
793 1841 867 1900 ratio
882 1838 1074 1917 deprehendit

37 1951 63 1990 20
74 1925 173 1982 vitium
188 1923 269 1980 unius
287 1922 385 1984 scidae
406 1923 574 1982 revulsione
594 1923 684 2000 pluris
700 1923 855 1982 infestante
872 1924 1003 2000 paginas.
1033 1922 1071 1980 cb

74 2008 149 2064 haec
163 2005 293 2082 praelata
311 2003 443 2064 omuibus
457 2004 592 2079 Claudia,
610 2006 761 2080 Augustae
782 2008 811 2064 iu
826 2006 958 2084 epistulis
972 2013 1072 2064 aucto·

74 2090 144 2148 ritas
158 2089 271 2146 relicta.
297 2087 413 2146 liviana
430 2103 510 2146 suam
520 2089 624 2161 tenuit,
644 2089 690 2146 cui
704 2087 773 2147 1111111
789 2106 806 2147 e
821 2090 912 2166 prima
925 2098 1005 2163 erat,
1020 2088 1072 2147 sed
1138 2137 1142 2144 .

75 2173 168 2230 omnia
184 2189 200 2229 e
217 2171 355 2230 secunda.

139 2253 222 2332 (25.)
246 2252 387 2313 Scabritia
408 2254 552 2330 levigatur
572 2255 659 2314 dente
680 2255 846 2333 coucbave,
866 2255 919 2314 sed
942 2254 1068 2314 caducae
1079 2267 1111 2317 81

37 2359 64 2399 ²5
74 2341 190 2400 litterae
206 2338 283 2396 liunt.
318 2339 408 2401 minus
425 2338 525 2396 sorbet
539 2338 664 2416 politura
681 2338 797 2412 charta,
818 2339 910 2414 magis
925 2338 1068 2415 splendet.

73 2421 199 2482 rebellat
213 2439 303 2504 saepe
320 2439 402 2482 umor
415 2423 559 2482 incuriose
574 2421 658 2482 datus
671 2423 774 2498 prino,
789 2422 954 2499 malleoque
965 2422 1070 2499 depre-

73 2507 206 2567 henditur
228 2507 379 2566 autetiam
402 2506 508 2580 odore,
532 2521 594 2565 cum
619 2506 707 2564 inerit
721 2505 925 2582 indiligentius.
958 2504 1070 2583 Depre·

73 2591 207 2652 itenditur
226 2599 256 2649 et
273 2590 383 2667 lentigo
406 2585 522 2663 oeulis,
538 2590 590 2649 sed
612 2591 720 2649 inserta
738 2589 841 2649 mediis
861 2589 1074 2665 glutinamentis

39 2721 41 2726 .
74 2684 177 2733 taenea
188 2674 276 2750 lungo
287 2674 390 2753 papyri
407 2673 503 2734 bibula
518 2675 566 2732 vix
581 2674 635 2731 nisi
651 2672 745 2732 littera
757 2673 894 2732 fundente
904 2690 948 2735 se.
966 2682 1072 2732 tautum
1097 2715 1102 2732 .

38 2779 64 2823 so
74 2760 149 2817 inest
165 2756 284 2816 fraudis.
316 2757 390 2816 alius
406 2759 493 2832 igitur
506 2757 609 2816 iterum
622 2757 759 2816 texendis
773 2756 867 2816 labor.

138 2838 221 2918 (26.)
245 2839 386 2900 Glutinum
409 2840 532 2914 volgare
551 2859 569 2898 e
586 2840 703 2917 pollinis
724 2839 797 2898 flore
819 2847 997 2916 temperatur
1009 2838 1066 2898 ier·
1078 2847 1114 2916 82

73 2932 161 2982 vente
176 2939 266 2999 aqua,
289 2925 411 2982 minumo
431 2924 506 2981 aceti
522 2923 681 3000 adspersu,
697 2939 762 2982 uam
776 2921 880 2981 fabrile
895 2922 1071 2998 cummisque

74 3005 188 3084 fragilia
204 3016 279 3064 sunt.
309 3006 475 3084 diligentior
497 3023 565 3064 cura
583 3005 682 3066 mollia
699 3006 781 3083 panis
797 3005 960 3065 fermentati
976 3005 1072 3064 colata

75 3108 149 3167 aqua
164 3090 308 3150 fervente.
339 3091 489 3150 minumum
505 3089 561 3148 boc
576 3088 663 3148 modo
674 3090 862 3172 intergeriui,
879 3098 966 3167 atque
985 3088 1071 3148 etiam

40 3175 124 3236 salini
148 3174 252 3233 lenitas
276 3183 440 3251 superatur.
480 3189 563 3232 omne
580 3181 675 3232 autem
696 3172 833 3249 glutiutuu
851 3189 908 3232 nec
930 3172 1072 3231 vetustius

21 3251 23 3288 l
75 3275 143 3318 esse
166 3256 254 3316 debet
277 3274 334 3316 uuo
356 3257 401 3316 die
423 3273 478 3315 nec
499 3257 655 3316 recentius.
694 3264 797 3332 postea
814 3255 920 3316 malleo
939 3264 1072 3315 tenuatur
1215 3321 1226 3329 ,

21 3331 22 3372 ¹
76 3350 105 3402 ct
120 3339 231 3436 glutino
255 3341 448 3418 percurritur,
471 3340 632 3418 iterumque
652 3339 808 3399 constricta
829 3347 966 3415 erugatur
983 3347 1071 3416 atque
1123 3360 1126 3364 “

21 3417 23 3456 ⁵
76 3423 240 3485 extenditur
255 3424 371 3484 mallen.
405 3424 447 3483 lta
461 3424 517 3485 sint
531 3425 688 3500 longinqua
704 3424 875 3482 monimenta
890 3421 989 3482 Tiberi
1003 3421 1114 3483 basaa

21 3499 23 3626 Ε
77 3525 133 3592 que
150 3505 345 3570 Gracchorum
364 3525 472 3568 manus.
506 3508 580 3586 apud
594 3506 780 3586 Pomponium
795 3505 959 3651 Secpsstlum
976 3513 1073 3569 ratem
