2542 3842
175 216 219 281 tt
557 226 654 277 entur
673 224 825 275 saeuum

145 421 171 458 g,
181 398 238 463 quo
253 397 338 442 nemo
353 380 444 457 magis
459 380 666 459 adprobaverit
681 379 884 457 cognationem
894 396 959 440 cum
969 378 1084 439 homine
1097 378 1170 441 sido·

177 484 240 527 rum
255 466 421 543 animasque
436 474 549 525 nostras
565 473 675 543 partem
697 482 764 523 esse
784 464 875 539 caeli,
896 480 1000 522 novam
1016 463 1129 522 atellam
1142 470 1171 524 et

178 550 263 611 aliam
281 550 310 607 in
326 564 399 607 aevo
420 564 473 607 suo
493 549 618 625 genitam
641 546 848 625 deprehendit,
875 547 996 626 eiusque
1018 556 1095 605 motu
1116 563 1170 625 qua

178 634 227 694 die
248 623 328 692 fulsit
349 631 385 692 ad
408 630 613 691 dubitationem
636 640 682 689 est
703 630 858 705 adductus,
886 648 959 691 anne
980 629 1037 689 hoc
1055 631 1170 707 saepius

178 716 264 775 lieret
278 724 521 791 moverenturque
544 723 573 773 et
593 730 648 771 eae
664 730 737 791 quas
753 722 883 791 putamus
900 713 1019 774 adfixas.
1048 712 1192 791 ideoqoes

179 817 266 860 ausus
280 816 342 858 rem
358 800 443 857 etiam
459 797 515 855 deo
531 794 698 873 inprobam,
725 796 914 855 adnumerare
931 796 1057 874 posteris
1074 795 1172 855 stellas

178 882 327 943 tesidere
344 880 499 940 adnomen
515 894 686 958 expungere
704 880 820 954 organis
836 880 1008 956 excogitatis
1028 897 1083 958 per
1099 896 1171 957 quae

178 963 351 1043 singularum
375 962 442 1022 loca
464 971 552 1040 atque
571 961 781 1037 magnitudines
796 963 940 1038 signaret,
964 971 994 1022 ut
1011 962 1097 1021 iacile
1117 960 1194 1021 dis-⁸

178 1048 259 1108 cerni
281 1055 382 1125 posset
404 1062 443 1105 ex
464 1062 519 1122 eo,
541 1062 598 1105 non
617 1045 704 1104 modo
724 1062 761 1105 an
781 1044 895 1108 obirent
915 1054 1171 1123 nascerenturque‚

177 1130 232 1191 sed
247 1148 282 1190 an
297 1130 411 1189 omnino
427 1128 522 1208 aliqua
537 1129 692 1189 transirent
705 1138 961 1207 moverenturque,
977 1129 1045 1188 item
1061 1145 1096 1187 an
1111 1145 1172 1186 cre·
1182 1143 1205 1183 ro

177 1222 295 1275 sterent
308 1214 577 1292 minuerenturque,
602 1211 686 1272 caelo
709 1214 737 1271 in
752 1212 915 1273 hereditate
933 1212 1043 1272 cunctis
1057 1210 1171 1285 relicto,

178 1298 203 1357 si
218 1296 368 1377 quisquam
384 1298 433 1377 qui
448 1298 606 1357 cretionem
621 1312 686 1356 eam
703 1304 825 1375 caperet
840 1297 971 1355 inventus
987 1304 1076 1354 esset.

136 1395 172 1453 95
241 1378 325 1457 (25.)
338 1378 468 1439 Emieant
480 1388 508 1438 et
520 1381 602 1439 iaces
614 1379 738 1437 nonnisi
750 1396 814 1438 cum
824 1377 960 1437 decidunt
969 1380 1062 1453 visae,
1081 1375 1172 1455 qualis

179 1461 349 1525 Germanico
368 1459 496 1520 Caesare
514 1462 703 1537 gladiatorum
721 1461 918 1538 spectaculum
934 1460 1039 1520 edente
1055 1469 1173 1538 praeter

178 1562 230 1606 ora
246 1543 347 1623 populi
362 1543 519 1604 meridiano
537 1544 750 1603 transcucurrit.
776 1542 843 1601 Duo
857 1560 966 1619 genera
980 1561 1087 1601 earum.
1105 1542 1208 1602 lam-15

178 1628 271 1709 padas
282 1635 387 1687 vocant
400 1626 485 1704 plane
498 1626 581 1701 iacis,
595 1625 715 1686 alterum
727 1624 851 1701 bolides,
868 1626 954 1703 quale
966 1623 1175 1685 Mutinensibus

178 1711 261 1771 malis
282 1712 373 1769 visum
395 1718 449 1768 est.
481 1709 584 1771 distant
607 1709 684 1786 quod
708 1707 791 1768 iaces
814 1710 938 1785 vestigia
960 1707 1047 1785 longa
1069 1707 1176 1767 iaciunt

154 1826 162 1839 ·
179 1794 277 1872 priore
294 1792 413 1852 ardente
429 1801 529 1870 parte,
553 1791 629 1852 bolis
644 1808 716 1851 vero
733 1801 875 1872 perpetua
889 1791 995 1852 ardeus
1012 1791 1175 1868 longiorem

177 1876 263 1936 trahit
277 1875 404 1935 limitem.

238 1958 322 2036 (26.)
338 1956 469 2017 Emicant
486 1965 521 2015 et.
530 1956 628 2017 trabes
646 1956 731 2017 simili
745 1959 842 2034 modo,
858 1975 929 2038 quas
941 1950 1047 2029 δοκοὺς
1057 1966 1211 2032 vocantes

179 2040 272 2121 qualis
287 2058 350 2100 cum
364 2040 586 2102 lacedaemonii
602 2040 698 2102 classe
709 2042 778 2101 victi
789 2042 939 2119 imperium
952 2040 1092 2102 Graeciae
1106 2041 1173 2100 ami·

179 2142 257 2184 sere.
289 2123 335 2184 Fit
352 2133 381 2183 et
397 2122 473 2183 caeli
490 2124 580 2202 ipsius
595 2123 698 2201 hiatus,
715 2126 793 2203 qood
808 2134 915 2185 vocant
931 2124 1058 2185 chasma.

137 2212 172 2267 97
238 2206 288 2269 27.
313 2205 397 2287 (27.)
419 2206 465 2267 Fit
489 2216 518 2266 et
540 2210 697 2285 sanguinea
721 2210 824 2287 specie
845 2209 919 2287 (quo
933 2208 1002 2268 nihil
1018 2206 1176 2267 terribilius
1259 2269 1260 2276 χ

179 2292 339 2351 mortalium
354 2290 448 2349 timori
464 2292 525 2368 est)
541 2292 702 2353 incendium
718 2293 754 2352 ad
769 2302 862 2352 terras
880 2291 987 2351 cadens
1003 2291 1085 2364 iude,
1102 2289 1177 2348 sicut

180 2372 359 2449 Olympiadis
375 2371 462 2430 cvtt.
483 2388 556 2431 anno
574 2376 671 2448 tertio,
689 2391 774 2453 quum
788 2392 842 2431 rex
859 2373 1007 2450 Philippus
1023 2371 1212 2431 Graecanica

180 2462 321 2533 quateret.
344 2451 439 2529 Atque
456 2452 530 2511 haec
546 2470 602 2528 ego
619 2457 699 2513 statis
714 2454 895 2531 temporibus
904 2462 1023 2512 naturae
1034 2462 1064 2511 ut
1076 2463 1177 2513 cetera
1258 2507 1259 2512 ,

180 2535 304 2596 arbitror
321 2534 481 2609 exsistere,
505 2552 578 2609 non,
602 2544 631 2594 ut
653 2535 801 2614 plerique,
823 2536 911 2594 variis
933 2536 970 2595 de
993 2536 1088 2595 causis
1103 2553 1177 2613 quas

180 2618 358 2695 ingeniorum
380 2634 500 2677 acumen
528 2618 684 2694 excogitat.
719 2619 827 2697 quippe
855 2619 1011 2693 ingentium
1036 2617 1177 2677 malorum
1257 2669 1260 2690 ,

180 2702 262 2761 luere
280 2702 457 2779 praenuntia,
475 2700 527 2759 sed
545 2718 580 2759 ea
598 2700 740 2761 accidisse
756 2717 814 2759 non
836 2702 903 2781 quia
923 2701 998 2762 haec
1019 2701 1177 2761 factasunt
1258 2697 1259 2708 ’

180 2783 320 2858 arbitror,
341 2800 442 2842 uerum
458 2782 533 2842 haec
547 2784 614 2842 ideo
629 2784 706 2844 iacta
721 2785 788 2861 quia
803 2786 935 2843 incasura
950 2794 1032 2843 erant
1045 2784 1104 2842 illa.
1128 2801 1175 2843 ra·
1186 2802 1212 2844 so

179 2868 264 2927 ritate
276 2876 371 2926 autem
382 2865 524 2925 occultam
537 2883 636 2925 eorum
648 2884 715 2927 esse
729 2867 878 2943 rationem,
894 2866 1022 2945 ideoque
1032 2884 1089 2925 non
1100 2860 1178 2926 sicut
1257 2865 1258 2904 ἒ

181 2958 300 3008 exortus
318 2966 404 3026 supra
422 2948 516 3007 dictos
532 2948 723 3028 delectusque
740 2959 769 3009 ct
783 2950 871 3009 multa
888 2949 945 3010 alia
960 2951 1053 3009 nosci.

138 3044 173 3099 9ss
243 3029 292 3089 28.
305 3031 389 3107 (28.)
402 3028 563 3089 cernuntur
574 3040 602 3091 et
618 3032 721 3091 stellae
739 3050 802 3091 cum
818 3032 882 3091 sole
897 3033 965 3092 totis
979 3031 1093 3106 diebus,
1110 3032 1175 3109 ple·

178 3130 299 3190 rumque
324 3121 353 3170 et
376 3113 454 3171 cirea
477 3112 549 3173 solis
572 3113 673 3173 orbem
689 3132 743 3173 ceu
758 3114 878 3192 spiceae
895 3132 1021 3175 coronae
1038 3124 1067 3174 et
1081 3116 1175 3174 versi·
1256 3175 1257 3178 ,

181 3195 298 3254 colores
321 3193 437 3268 circuli,
463 3196 585 3272 qualiter
600 3195 731 3271 Augusto
748 3196 876 3257 Caesare
901 3199 930 3256 in
952 3200 1042 3277 prima
1059 3199 1212 3255 iuuentute
1256 3243 1257 3262 ,

178 3276 280 3335 urbem
295 3277 416 3335 intrante
432 3286 498 3351 post
513 3276 620 3338 obitum
636 3280 724 3355 patris
739 3279 890 3339 adnomen
902 3282 1175 3357 ingenscapessen·

181 3358 254 3417 dum.
277 3357 326 3417 29.
338 3356 486 3416 Exsistunt
501 3360 623 3420 eaedem
640 3377 766 3422 coronae
782 3364 859 3423 circa
875 3364 968 3424 lunam
984 3371 1013 3422 et
1029 3363 1107 3424 cirea
1121 3378 1175 3420 no·

97 3432 100 3445 '
180 3439 248 3500 bilia
263 3447 339 3500 astra
357 3438 498 3517 caeloque
516 3442 703 3507 inhaerentia.
