2542 3842
328 176 407 221 van.
432 174 522 223 nter.
541 176 574 222 n.
591 170 711 227 69-73,
729 162 878 241 (tte—94.)
1036 165 1094 225 155

102 329 192 408 piant,
216 326 386 401 distrahant,
410 335 536 401 teneant,
557 336 696 405 premant,
711 326 864 405 pendeant,
881 328 1013 389 tellurem
1029 348 1092 390 sca·

102 412 173 473 bere
196 428 251 471 uon
268 418 394 472 cessent.

165 494 213 577 72.
231 492 314 571 (92.)
343 492 469 551 Veneris
497 510 621 570 capreae
646 502 676 551 et
701 494 881 567 coturnices,
898 502 928 553 ut
943 494 1134 573 diximus,197

102 580 304 658 pinguescunt,
321 576 513 655 placidissima
538 576 678 651 anhnalia,
696 586 725 635 at
744 586 898 654 serpentes
914 580 988 654 ovis,
1004 599 1089 659 spec·
1101 581 1124 613 ⁰⁹

79 664 186 723 utenda
202 660 315 739 quidem
331 660 485 721 draconum
500 668 571 721 arte.
597 669 646 720 aut
660 661 733 718 euim
745 659 836 719 solida
851 652 991 737 hauriunt,
1004 664 1092 724 sliam

61 784 64 791 ·
101 748 202 808 fauces
219 745 349 821 capiunt',
376 761 448 820 quae
465 742 567 803 deinde
584 744 612 802 in
626 752 720 803 semet
735 743 881 803 convoluti
900 744 1032 821 frangunt
1051 749 1091 807 in·

100 840 146 889 tus
161 837 246 907 atque
264 828 302 887 ita
320 827 459 905 putamina
472 828 646 900 extussluut,
667 835 714 885 aut
735 829 758 885 si
782 828 908 887 tenerior
926 837 971 887 est
991 830 1093 891 catulis

102 913 195 980 adhuc
210 920 301 985 aetas,
320 910 391 969 orbe
408 910 587 988 adprehensa
603 911 700 987 spirae
716 911 753 968 ita
771 911 876 969 sensim
894 910 1092 973 vehementer-

102 1012 158 1074 que
175 995 397 1073 pracstringunt,
411 1001 440 1051 ut
456 1002 595 1071 amputata
613 1002 694 1071 parte
711 1011 765 1052 ceu
776 993 874 1053 lerroe
890 994 1000 1072 reliqua
1018 1014 1091 1073 qnae

67 1078 235 1156 reamplexu
251 1086 364 1136 tenetur
380 1076 524 1136 sorbeant.
559 1070 643 1135 simili
665 1076 749 1136 modo
766 1077 867 1136 avibus
884 1076 1028 1137 devoratis
1044 1097 1091 1138 so·

102 1162 166 1222 lidie
184 1162 366 1220 contentione
382 1160 504 1238 plumam
521 1161 643 1219 excitam
659 1169 817 1219 revomunt.

81 1318 84 1325 Ι
163 1245 245 1323 (93.)
270 1245 445 1321 scorpiones
466 1253 542 1302 terra
564 1245 670 1301 vivont.
701 1251 864 1320 serpentes,
880 1262 943 1303 cum
958 1246 1075 1304 occasio
1084 1255 1151 1309 198,

102 1337 156 1402 est,
176 1330 268 1387 vinum
284 1328 441 1406 praecipue
458 1326 603 1406 adpetunt,
620 1343 682 1384 cum
701 1326 807 1403 alioqui
824 1327 929 1402 exiguo
946 1328 1092 1404 indigeant

101 1419 179 1490 potu.
211 1412 331 1471 eaedem
346 1411 467 1469 minume
484 1418 513 1468 et
529 1427 621 1487 paene
637 1409 716 1468 nullo
732 1408 809 1484 cibo,
827 1428 890 1469 cum
904 1410 1090 1471 adservantur

66 1498 241 1569 euinctusae,
258 1496 340 1554 sicuti
356 1494 453 1569 aranei
469 1510 595 1571 quoque,
620 1492 727 1569 alioqui
745 1491 827 1552 suctu
842 1494 981 1553 viventes.
1010 1493 1089 1553 ideo·

101 1598 157 1657 que
178 1578 285 1637 nullum
305 1578 401 1636 interit
418 1576 492 1636 lame
508 1585 555 1635 aut
582 1578 628 1635 siti
646 1585 824 1634 venenatum.
857 1594 919 1635 nam
933 1596 1026 1654 neque
1045 1595 1090 1635 oa·

101 1663 146 1721 lor
162 1660 205 1720 his
223 1679 278 1719 nec
294 1662 410 1736 sanguis
426 1678 480 1718 nec
496 1660 598 1735 sudor,
620 1678 692 1737 quae
709 1660 871 1719 aviditatem
889 1661 1009 1720 naturali
1027 1661 1089 1720 sale
1188 1704 1192 1711 ,

101 1755 215 1821 augent.
243 1746 271 1803 iu
290 1761 347 1821 quo
365 1761 474 1821 genere
492 1744 583 1803 omnia
605 1745 697 1819 magis
712 1743 847 1818 exitialia,
864 1744 888 1801 si
903 1762 984 1802 suum
999 1762 1089 1821 genus

102 1828 189 1888 edere
214 1837 365 1905 antequam
387 1834 519 1887 noceant.
553 1822 656 1886 Condit
674 1828 702 1885 in
725 1826 875 1885 thesauros
899 1827 1132 1889 maxillarum199

65 1912 194 1975 nocibum
211 1910 406 1989 sphingiorum
425 1920 454 1969 et
472 1920 631 1985 satyrorum
647 1928 748 1986 genus.
772 1927 838 1969 mox
852 1910 917 1969 inde
932 1912 1038 1969 sensim
1054 1910 1090 1970 ad
1108 1904 1114 1919 ‘

99 1993 286 2053 mandendum
308 1992 434 2051 manibus
460 1994 617 2070 expromit,
647 2002 676 2050 et
694 1992 770 2068 quod
795 1992 921 2049 lormicis
947 1995 976 2050 in
989 2010 1090 2050 annom

100 2076 240 2135 sollemne
262 2083 306 2133 est
322 2074 364 2133 his
381 2074 484 2133 indies
500 2071 659 2132 velhoras.
691 2074 740 2132 73.
763 2073 852 2131 Unum
867 2073 968 2132 animal
985 2075 1090 2151 digitos

100 2158 262 2219 habentium
277 2157 366 2234 herba
384 2157 478 2232 alitur,
505 2157 599 2233 lepus,
617 2156 668 2214 sed
685 2166 713 2214 et
724 2156 817 2231 lruge.
836 2155 1013 2233 solidipedes
1030 2167 1059 2216 et
1074 2175 1089 2214 e

8 2258 9 2261 ’
100 2240 219 2302 bisulcis
235 2259 301 2299 sues
317 2242 391 2298 omni
408 2238 501 2298 cibatu
516 2248 545 2297 et
559 2236 712 2297 radicibus.
743 2238 933 2315 solidipedum
951 2240 1089 2300 volutatio

64 2326 228 2405 apropria.
263 2324 443 2382 Serratorum
460 2321 584 2382 dentium
599 2323 747 2381 carnivora
770 2331 833 2380 sunt
851 2323 952 2381 orunia.
983 2326 1039 2381 ursi
1062 2332 1090 2381 et

98 2410 195 2485 fruge,
209 2406 322 2479 irondc,
335 2406 485 2480 vindemia,
498 2406 589 2483 pomis
601 2406 698 2463 vivont
713 2415 742 2465 et
753 2405 865 2483 apibus,
882 2408 993 2465 cancris
1005 2408 1090 2464 etiam

100 2510 134 2552 ac
148 2491 286 2551 lormicis.
305 2491 375 2569 lupi,
400 2499 428 2547 ut
444 2490 579 2563 diximus,
603 2498 632 2547 et
647 2498 723 2548 terra
739 2490 766 2546 in
781 2489 865 2548 ieme.
892 2489 985 2549 Pecus
1001 2498 1131 2567 ponuaoo

100 2576 278 2654 pinguescit,
296 2574 363 2632 ideo
385 2573 427 2631 sal
447 2572 503 2632 illis
523 2572 694 2650 aptissimus.
725 2573 791 2631 item
812 2572 957 2647 veterina,
983 2560 1130 2651 quarn·⁸¹8³

100 2676 183 2737 quam
201 2668 230 2717 et
244 2658 326 2734 fruge
344 2666 373 2716 et
387 2654 486 2719 herba.
517 2656 569 2715 sed
586 2664 615 2714 ut
632 2655 734 2714 hibere
756 2656 798 2713 sic
814 2655 909 2713 edunt.
940 2652 1089 2715 Ruminant

64 2767 90 2808 30
101 2749 218 2819 praeter
234 2743 288 2799 iam
305 2740 378 2799 dicta
395 2738 564 2798 silvestrium
581 2741 670 2813 cervi,
686 2756 748 2798 cum
763 2757 778 2797 a
794 2736 876 2795 nobis
893 2736 1014 2811 aluntur,
1030 2757 1087 2797 om·

98 2825 145 2882 nie
161 2832 255 2881 autem
270 2824 392 2881 iacentia
407 2823 500 2899 potius
518 2839 601 2899 quam
618 2822 730 2896 stantia,
747 2830 777 2880 et
790 2819 883 2879 hieme
900 2821 991 2896 magis
1007 2839 1089 2898 quam

70 2918 74 2941 ¹
98 2913 221 2979 aestate,
240 2906 367 2983 septenis
381 2904 444 2963 iere
462 2904 614 2963 mensibus.
642 2905 749 2983 pontici
766 2917 880 2981 quoque
894 2918 990 2963 mures
1005 2904 1089 2962 simili

98 2990 185 3049 modo
201 2988 376 3047 remandunt.

163 3072 245 3150 (94.)
267 3071 298 3131 ln
319 3081 387 3149 potu
412 3079 503 3129 autem
525 3070 626 3147 quibus
649 3062 752 3130 serr‘ati
773 3070 873 3130 dentes
892 3070 1028 3144 lambunt,
1044 3078 1128 3131 ettol

63 3173 195 3233 comunes
207 3155 237 3214 hi
251 3155 398 3231 volgares,
415 3154 542 3231 quamvis
558 3172 594 3212 ex
610 3154 667 3212 alio
680 3172 790 3229 genere
805 3156 870 3212 sint.
903 3153 1006 3230 quihus
1021 3169 1088 3210 con·

99 3240 169 3297 tiuui
185 3238 285 3297 dentes
301 3237 430 3312 sorbent,
447 3247 475 3296 ut
487 3238 563 3315 equi,
575 3236 675 3295 hoves.
692 3246 821 3297 neutrum
836 3238 906 3312 ursi,
921 3238 972 3296 sed
988 3254 1089 3313 aquam

101 3338 216 3401 quoque
233 3339 329 3381 morsu
346 3329 456 3380 vorant.
489 3320 520 3379 ln
537 3320 633 3379 Africa
649 3322 739 3380 maior
758 3338 824 3399 pars
840 3319 964 3379 ferarum
978 3328 1087 3377 aestate

99 3423 156 3467 non
171 3406 269 3521 bi'bunt
284 3406 379 3483 inopia
395 3405 537 3480 imbrium,
555 3422 638 3482 quam
659 3404 696 3462 oh
715 3421 829 3463 causam
844 3405 921 3482 capti
934 3420 1029 3491 mures
1044 3400 1088 3461 Li·
