2542 3842
317 152 396 200 nna.
413 151 505 200 fluam
521 153 584 199 x11.
602 140 888 219 10—13.(ut—uc).
906 184 910 187 Α
1049 142 1113 208 215

106 304 151 370 lio
167 318 198 369 et
209 286 314 368 'colore
331 307 467 384 languido
481 308 509 366 in
525 307 674 369 candidum
688 299 846 384 vergente,
864 309 933 368 item
942 327 999 370 aua
1013 309 1114 376 radice

106 403 257 538 iiiiii
276 391 529 556 tillihltltt
548 400 1114 574 rtrittttllttolttti

106 560 338 641 deprehenditur
352 569 382 620 et
392 560 494 620 colore
505 560 570 619 nuic
585 558 743 638 odorisque
758 561 898 620 suauitate
914 569 945 619 et
953 570 1040 638 gustu
1054 580 1112 622 ma·

81 660 197 708 oxume
213 647 342 705 siccante
360 661 410 720 oa,
433 661 540 723 sapore
560 643 696 704 iucundo.
726 646 851 723 pretium
864 645 965 722 opicae
979 645 1007 706 iu
1022 645 1123 707 librae‘

105 729 191 790 Xc.
228 719 295 790 ioli
306 729 432 790 divisere
465 745 605 789 annonam
630 726 825 806 amplitudine.
865 727 1154 826 hadronphierunral

105 822 233 874 vocatur
252 813 408 872 tutioribus
432 812 531 893 pilulis
550 811 578 872 X
598 826 707 872 xxxx.
743 811 821 894 quod
841 813 953 873 minore
972 812 1044 874 lolio
1066 811 1111 873 eet
1187 847 1198 873 a

106 897 349 976 mesosphaerum
364 885 537 975 appellatur,
554 893 691 956 emiturll
703 910 760 956 Luc
769 896 993 958 laudatieaimum
1005 899 1111 958 micro·

108 981 265 1060 sphaeram
295 983 461 1042 eminumia
481 981 579 1055 foliis,
604 982 727 1058 pretium
748 983 810 1040 eiua
830 978 860 1040 X
878 994 984 1041 Lxxv.
1013 981 1112 1043 odoris

70 1066 204 1142 ingratia
220 1065 366 1142 omuibus,
387 1067 480 1126 molor
493 1063 669 1125 recentibun
698 1063 788 1124 nardo
804 1065 906 1142 coloe,
927 1066 953 1124 ei
967 1066 1110 1126 invetera-

107 1151 168 1224 vit,
186 1151 305 1226 nigriori
319 1150 432 1210 melior.
468 1148 499 1208 lu
514 1157 614 1208 noetm
627 1147 701 1208 orbe
711 1165 852 1226 proxume
868 1149 999 1210 laudatur
1013 1151 1152 1224 syria-tr

109 1251 193 1309 cnm,
210 1249 278 1293 mox
295 1231 444 1311 Gallicum,
460 1234 546 1294 tertio
561 1232 629 1292 loco
643 1231 801 1308 Creticum,
814 1234 890 1311 quod
906 1233 994 1312 aliqui
1009 1234 1111 1310 agrion

107 1327 231 1393 vocant,
249 1317 406 1395 alipham,
427 1317 499 1378 lolio
521 1317 657 1390 bimaiti,
681 1317 764 1376 caule
785 1316 917 1394 cubitali,
932 1317 1109 1395 geniculato,

108 1403 138 1460 in
155 1417 282 1480 purpura
303 1401 463 1478 albicante,
486 1401 585 1462 radice
605 1399 726 1479 obliqua
746 1400 911 1480 villosaque
932 1411 962 1461 et
983 1403 1110 1462 imitante

61 1499 100 1563 (rc
110 1487 203 1545 avium
217 1486 320 1563 peden.
359 1485 491 1546 baccaris
505 1493 625 1559 vocatur
639 1486 757 1545 nardum
771 1486 926 1561 meticum,
945 1485 981 1546 (le
995 1502 1054 1565 quo
1070 1485 1110 1546 di·

25 1569 27 1573 ’
109 1587 209 1630 cemus
224 1571 297 1629 inter
313 1570 412 1631 iloren
444 1579 509 1630 eunt
528 1579 622 1630 autem
637 1570 731 1629 omnia
745 1587 782 1629 ea
797 1568 906 1628 herbae
923 1578 1041 1647 praeter
1059 1568 1103 1629 lu·
1118 1567 1153 1643 422¹,-

108 1652 213 1714 dicum.
245 1656 338 1714 exiis
360 1653 500 1715 Gallicum
529 1662 643 1718 etcum
668 1652 767 1712 radice
788 1651 906 1713 vellitur
926 1652 1109 1732 abluiturque

109 1739 188 1798 uiuo·
218 1739 346 1798 siccatur
366 1738 524 1813 inumbra,
544 1737 688 1814 alligatur.
707 1737 855 1797 lamiculie
872 1736 1034 1813 inclmrta,
1051 1742 1108 1796 non
1193 1754 1198 1769 ι

109 1823 227 1882 multum
249 1821 402 1883 abiudico
426 1821 581 1898 differem,
606 1821 728 1897 Syriaco
742 1831 839 1885 temen
854 1821 957 1882 levius.
987 1822 1111 1900 pretium

74 1905 137 1965 noll
155 1919 205 1966 111.
241 1905 274 1965 ln
289 1905 336 1985 luia¹
349 1901 483 1984 probatio
504 1923 560 1966 una
580 1923 616 1968 tre
643 1908 699 1966 aiut
719 1905 834 1982 fragilia
862 1915 891 1965 et
911 1905 992 1966 arida
1013 1907 1152 1984 porinum

111 2005 195 2068 quam
210 1990 288 2049 sicca
304 1989 384 2050 lolio.
416 1988 486 2048 cun
501 1989 721 2050 Galliconardo
742 2006 860 2066 semper
874 1990 1000 2048 nascitur
1016 1987 1108 2049 herba

111 2087 184 2151 quae
210 2071 340 2132 hirculur
360 2081 482 2134 vocatur
509 2090 526 2132 a
557 2075 700 2149 gravitate
731 2072 830 2132 odoris
857 2081 887 2132 et
913 2073 1107 2150 similitudine

111 2174 165 2234 qua
186 2169 318 2216 maxume
341 2155 526 2216 adulteratur.
567 2156 654 2215 distat
668 2157 745 2234 quod
766 2157 829 2214 eine
850 2155 994 2217 cauliculo
1014 2166 1061 2215 eet
1080 2166 1110 2216 et

110 2239 266 2300 minoribus
287 2240 382 2318 iuliis,
405 2240 541 2318 ‘lucrique
562 2240 669 2301 radicis
683 2257 780 2319 neque
799 2255 913 2310 amarae
927 2255 1022 2318 neque
1037 2240 1108 2300 otlo-

76 2332 200 2385 ttmtae.

177 2409 228 2470 13.
254 2407 339 2488 (27.)
363 2403 453 2468 Nardl
473 2408 530 2469 vim
550 2407 640 2468 habet
660 2417 690 2467 et
710 2425 840 2485 nemum,
863 2407 942 2485 quod
966 2416 996 2466 et
1013 2408 1148 2486 ipsamet

112 2493 197 2572 aliqui
219 2493 357 2554 silvestre
376 2492 494 2554 nardum
514 2489 673 2570 appellant.
705 2500 751 2552 eet
766 2502 861 2552 autem
873 2491 1002 2553 hederae
1016 2489 1107 2566 loliis,
1155 2499 1158 2504 ’

110 2575 321 2638 rotundioribus
340 2586 448 2638 tantum
463 2575 728 2656 mollieribmque‚;
741 2576 814 2636 licre
829 2591 995 2654 purpureo,
1010 2574 1109 2636 radice

112 2661 211 2721 Gallici
234 2659 332 2737 nardi,
350 2663 460 2722 semiue
483 2663 631 2726 acinorum
652 2661 766 2740 mporir
790 2659 875 2720 calidi
896 2676 931 2718 ac
952 2659 1062 2735 amosi,
1079 2658 1108 2718 in
1204 2717 1209 2734 p

78 2743 253 2804 ttmontibue
265 2745 408 2806 onorem
423 2746 469 2805 bia
483 2745 689 2806 amotionem.
720 2744 909 2822 optumumfiu
918 2742 1026 2820 l'onto,
1040 2759 1109 2822 pro·
1147 2766 1153 2779 ¹

111 2843 222 2888 romum
242 2830 270 2893 in
290 2828 430 2906 Phrygia,
453 2831 567 2890 tertium
585 2831 616 2888 in
643 2827 771 2902 tumim.
806 2827 931 2901 foditur,
953 2844 1023 2886 cum.
1036 2827 1109 2886 lolia

111 2913 220 2972 mittere
240 2911 356 2991 incipit,
379 2921 416 2972 ct
429 2915 458 2972 iu
478 2914 544 2974 sole
564 2915 707 2987 siccatur,
733 2911 870 2972 celeriter
892 2911 978 2971 eitum
989 2909 1108 2972 trulum

113 3009 147 3055 ao
165 3011 332 3056 senercurte.
367 2996 486 3056 lureuta
502 3013 595 3076 nuper
610 3005 644 3056 et
663 2998 692 3056 in
709 2994 835 3056 Threcia
855 2994 963 3057 herba
967 3003 1014 3054 eet
1024 2995 1124 3056 cutm

113 3078 179 3140 lolia
193 3079 262 3139 nihil
278 3081 314 3139 ab
330 3079 435 3142 iudico
445 3081 536 3142 nardo
551 3079 666 3140 iliatam
1123 3086 1126 3092 '

81 3175 106 3218 at
171 3159 257 3242 (28.)
273 3162 455 3224 limonium
470 3166 499 3223 in
513 3181 566 3224 usu
570 3161 735 3229 ertlntlioa
750 3164 841 3224 avite
852 3128 988 3223 labrusca
1002 3165 1063 3238 aut,
1078 3169 1152 3226 utifl

114 3247 158 3308 alii
174 3248 395 3324 extremante,
416 3248 707 3322 immemorum,
728 3247 816 3326 pnlrni
830 3246 994 3321 altitudine,
1014 3245 1107 3323 carpi
1150 3322 1156 3333 .

113 3332 420 3410 crummenaha,
437 3331 631 3410 manipulatim
646 3333 752 3392 leniter
771 3329 961 3411 comuniter,
978 3331 1109 3409 pretinm

20 3495 21 3504 ἵ
113 3415 221 3494 fragile.
251 3416 383 3484 laudetur
402 3431 485 3496 quam
500 3433 632 3481 maxume
647 3415 746 3478 Punici
766 3416 834 3478 mali
849 3415 927 3476 loliis
941 3415 1037 3476 similo
1051 3410 1109 3476 neti

20 2795 23 2838 l

562 3635 577 3668 ἱ
