2542 3842
315 177 871 255 usu.ursu.V.13—ao.(14-1t.)
986 249 988 266 Ι
1025 175 1082 238 199
1123 263 1128 272 .

99 339 190 419 dictu)
208 357 280 416 gens
298 347 416 398 aeterua
428 347 488 414 est,
510 338 539 399 iu
554 357 609 418 qua
623 357 707 403 nemo
722 343 856 401 nascitur.
891 351 948 401 tam
962 341 1083 404 fecunda

98 423 153 484 illis
175 423 295 483 aliorum
314 423 392 482 sitae
412 424 587 500 paenitentia
607 432 661 482 est.
702 423 779 484 Infra
799 424 852 482 hos
867 423 985 502 Engada
1001 427 1082 506 oppi-

97 508 160 568 dum
181 506 250 582 lnit,
273 507 428 566 secundum
443 506 479 566 ab
495 504 704 582 Hierosolymis
720 507 866 567 fertilitate
883 509 1082 587 palmetorum-

98 610 153 670 que
169 590 352 666 nemoribus,
372 607 446 648 nunc
466 591 585 649 alterum
605 589 726 650 bustum.
761 592 826 651 iude
842 589 957 651 Masada
979 597 1082 655 castel·
1261 627 1262 664 ς

77 674 181 735 olum
172 693 201 733 ιιι
222 692 293 752 rupe
315 682 345 733 et
364 674 456 752 ipsum
479 673 546 733 haut
564 675 666 752 ptooul
685 674 856 802 Asphaltite.
890 672 927 735 Et
945 674 1082 738 hacteuus
1184 685 1188 688 ’
1261 671 1262 684 ²

95 757 199 818 iudaea
216 767 269 817 est.

178 841 226 902 18.
249 840 332 918 (16.)
356 838 483 917 Iungitur
504 841 532 900 ei
552 841 644 900 latere
662 840 763 915 Syriae
778 795 984 920 Decapolitana
1000 847 1125 921 regiott

97 940 213 984 numero
236 924 462 1003 oppidorum,'
454 942 483 982 ιιι
509 941 566 1002 quo
588 941 645 983 nou
671 941 771 984 omnes
795 925 895 986 eadem
916 926 1080 1004 observant,

99 1009 255 1086 plurumum
279 1016 373 1066 tanuen
392 1007 563 1067 Damascum
584 1017 672 1085 epoto
693 1009 783 1084 riguis
804 1025 884 1068 amne
903 1005 1082 1084 Chrysorroa
1108 1033 1109 1042 ¹

66 1105 89 1144 1⁰
99 1091 238 1166 fertilem,
256 1089 496 1168 Philadelphum,
518 1089 718 1169 lllraph'anam,
741 1093 832 1150 omnia
848 1093 875 1150 iu
890 1091 1023 1152 Arabiam
1037 1113 1082 1154 re·

98 1175 246 1250 cedentia,
262 1173 461 1252 scythopolim
477 1175 574 1252 (autea
590 1173 696 1249 Nysam
710 1192 727 1233 a
741 1174 844 1233 Libero
859 1173 953 1251 Patre,
971 1177 1083 1255 sepulta

96 1260 207 1318 nutrice
221 1257 278 1336 ibi)
294 1257 409 1332 Scythis
422 1257 562 1333 deductis,
578 1256 699 1332 Gadara,
715 1256 876 1316 Hieromice
893 1259 1081 1338 praefluente,

98 1352 127 1403 et
140 1343 196 1401 iam
211 1340 316 1400 dictum
331 1340 461 1419 llippou,
477 1338 562 1415 Dion,
578 1339 686 1399 Pellam
702 1342 783 1418 aquis
798 1341 923 1417 divitem,
941 1341 1110 1421 Calasam,n

97 1424 263 1485 Canatham.
306 1423 500 1484 intercursant
520 1425 692 1501 cinguntque
721 1421 773 1483 has
795 1423 872 1483 urbis
897 1427 1080 1504 tetrarchiae,

66 1524 252 1587 usreguorum
266 1509 357 1568 instar
373 1507 516 1584 singulae,
532 1516 562 1566 et
577 1524 668 1584 regna
683 1507 912 1585 contribuuntur,
928 1508 1082 1571 Trachoni-

96 1594 144 1668 tis,
156 1592 257 1652 Panias
274 1593 303 1650 in
317 1609 373 1669 qua
383 1589 527 1650 Caesarea
543 1608 606 1650 cum
621 1591 796 1670 supradicto
810 1592 898 1668 fonte,
917 1592 1011 1670 Abila,
1029 1596 1081 1654 Ar·
1092 1617 1114 1650 ιι

12 1732 13 1737 ,
98 1694 149 1753 ca,
166 1673 374 1752 Ampeloessa,
391 1673 480 1734 Cabe.

12 1754 13 1763 ’
182 1757 232 1818 19.
255 1758 338 1836 (17)
361 1757 434 1816 llinc
451 1758 627 1818 redeundum
647 1766 692 1817 est
709 1758 744 1818 ad
765 1775 842 1818 oram
861 1767 946 1838 atque
962 1759 1080 1821 Phoeni·
1071 1773 1123 1828 -75

98 1859 163 1902 cen.
203 1839 267 1901 Fuit
290 1841 425 1920 oppidum
447 1838 636 1919 Crocodilon,
661 1851 705 1900 est
729 1841 841 1900 llumen.
881 1846 1017 1904 memoria
1038 1863 1081 1904 ur-

12 1958 13 1967 *
63 1925 175 1985 nubium
195 1924 319 1999 Dorum,
345 1926 532 1999 sycaminum.
574 1927 798 2004 promontorium
823 1922 981 1986 Carmelum
1003 1938 1031 1987 et
1055 1931 1082 1988 in

12 2070 13 2073 ,
96 2017 194 2068 monte
215 2010 349 2086 oppidum
365 2008 467 2068 eodem
485 2009 616 2083 nomine,
643 2008 783 2106 quondam
799 2007 947 2069 Acbatana
967 2011 1080 2070 dictum.

96 2092 178 2153 quta
194 2089 292 2166 Cotta,
315 2090 410 2164 Ceba,
431 2093 510 2150 riuos
526 2092 630 2150 Pacida
653 2093 714 2149 sive
729 2091 815 2150 Belus
829 2092 894 2149 vitri
916 2092 1019 2151 lertilis
1033 2093 1081 2152 ha-

95 2192 184 2235 renas
198 2191 288 2252 parvo
305 2174 380 2234 litori
396 2175 529 2232 miscens.
561 2175 625 2250 ipse
642 2191 658 2230 e
674 2169 963 2249 paludeCendeberia
978 2193 994 2234 a
1008 2177 1081 2236 radi-

98 2258 180 2318 cibus
195 2257 320 2319 Carmeli
339 2257 469 2336 prolluit,
491 2257 574 2315 iuxta
595 2255 707 2315 colonia
723 2253 972 2316 Claudi'Caesaris
988 2256 1081 2318 Ptole·

64 2343 186 2416 onais,
210 2359 283 2418 quac
305 2341 445 2419 quondam
466 2339 557 2399 Acce.
596 2337 731 2417 oppidum
751 2337 896 2418 Ecdippa,
917 2351 1081 2419 promonto-

97 2427 170 2484 rium
191 2423 306 2488 Album.
346 2424 456 2499 Tyros,
485 2423 626 2502 quondam
650 2421 742 2482 insola
764 2423 892 2500 praealto
912 2426 981 2484 mari
1004 2423 1080 2485 DCC
1090 2436 1123 2492 76

97 2506 234 2588 passibus
258 2508 363 2582 divisa,
385 2525 458 2567 nunc
474 2523 546 2566 vero
563 2506 719 2566 Alexandri
743 2509 932 2584 oppugnantis
947 2508 1082 2586 operibus

97 2593 260 2664 continens,
275 2591 341 2651 olim
352 2600 434 2667 partu
450 2591 527 2651 clara
541 2590 660 2649 urbibus
669 2592 773 2667 genitis
783 2589 876 2668 Lepti,
888 2591 980 2665 Utica,
995 2601 1023 2651 et
1033 2593 1082 2654 illa

98 2674 214 2735 aemula
225 2682 421 2752 terrarumque
433 2675 512 2735 orbis
523 2675 605 2734 arida
613 2672 796 2750 Carthagine,
806 2676 890 2752 etiarn
897 2673 1020 2732 Gadibus
1033 2693 1081 2734 ex·

64 2766 145 2818 cotra
160 2756 260 2816 orbem
285 2757 414 2817 conditis.
450 2776 523 2816 nunc
538 2759 629 2816 omnis
646 2759 707 2816 eius
726 2755 859 2815 nobilitas
876 2755 1026 2829 conchylio
1043 2767 1083 2818 at·

99 2858 159 2918 quc
179 2857 306 2918 purpura
329 2847 449 2899 constat.
490 2841 622 2898 circuitus
645 2837 713 2897 XIX
732 2838 760 2898 bl
779 2855 911 2916 passuum
929 2847 987 2914 est,
1012 2842 1082 2900 intra

97 2923 253 2997 Palaetyro
269 2923 387 2982 inclusa.
421 2921 554 3001 oppidum
568 2926 659 3000 ipsum
673 2919 754 2979 XXll
768 2922 857 2980 stadia
873 2923 989 2998 optinet.
1014 2922 1082 2984 Indo

84 3008 226 3084 ¹Sarepta
243 3016 273 3065 et
291 3005 429 3065 Ornithon
443 3005 548 3084 oppida
569 3015 599 3064 et
613 3003 701 3064 Sidon
716 3005 818 3063 artifex
831 3005 896 3063 vitri
911 3003 1082 3066 Thebarum·

98 3106 158 3168 que
177 3089 358 3149 Boeotiarum
373 3106 486 3167 parens.
526 3086 616 3148 20.A
632 3095 716 3163 tergo
732 3089 793 3146 eius
807 3086 927 3146 Libanus
941 3105 1021 3147 mons
1037 3107 1081 3150 or·
1091 3099 1122 3158 it

62 3191 151 3237 assus
173 3171 226 3232 llD
246 3172 345 3233 stadiis
362 3175 499 3247 Simyram
519 3188 610 3249 usque
631 3172 787 3247 porrigitur
809 3188 881 3248 quae
901 3169 1008 3232 Coeles
1029 3174 1081 3249 Sp·

12 3324 13 3339 ι
94 3264 413 3399 thabbath.
439 3254 1082 3415 lt.tt;.·¹¹¹ltth¹¹.h¹¹hil¹thail:
1155 3375 1156 3378 ,
1261 3383 1262 3390 ι

12 3446 13 3461 ¹
95 3431 169 3504 post
191 3439 255 3482 eum
278 3423 418 3482 introrsus
441 3420 647 3502 Decapolitana
672 3422 753 3498 regio
773 3421 993 3500 praedictaeque
1017 3439 1111 3482 cuma
