<?xml version="1.0" encoding="UTF-8"?>
<!DOCTYPE html PUBLIC "-//W3C//DTD XHTML 1.0 Transitional//EN"
    "http://www.w3.org/TR/xhtml1/DTD/xhtml1-transitional.dtd">
<html xmlns="http://www.w3.org/1999/xhtml" xml:lang="en" lang="en">
 <head>
  <title>
</title>
<meta http-equiv="Content-Type" content="text/html;charset=utf-8" />
  <meta name='ocr-system' content='tesseract 3.04.00' />
  <meta name='ocr-capabilities' content='ocr_page ocr_carea ocr_par ocr_line ocrx_word'/>
</head>
<body>
  <div class='ocr_page' id='page_1' title='image "./cplinisecundina25plingoog_0352.png"; bbox 0 0 2542 3842; ppageno 0'>
   <div class='ocr_carea' id='block_1_1' title="bbox 173 203 902 270">
    <p class='ocr_par' dir='ltr' id='par_1_1' title="bbox 173 203 902 270">
     <span class='ocr_line' id='line_1_1' title="bbox 173 203 902 270; baseline -0.007 -8"><span class='ocrx_word' id='word_1_1' title='bbox 173 203 212 262; x_wconf 82' lang='lat'>14</span> <span class='ocrx_word' id='word_1_2' title='bbox 516 212 547 259; x_wconf 90' lang='lat' dir='ltr'>c.</span> <span class='ocrx_word' id='word_1_3' title='bbox 568 212 666 259; x_wconf 78' lang='lat' dir='ltr'>rurus</span> <span class='ocrx_word' id='word_1_4' title='bbox 689 210 839 259; x_wconf 80' lang='lat' dir='ltr'>saeuum</span> <span class='ocrx_word' id='word_1_5' title='bbox 900 258 902 270; x_wconf 72' lang='grc'><strong>,</strong></span> 
     </span>
    </p>
   </div>
   <div class='ocr_carea' id='block_1_2' title="bbox 128 365 1257 3538">
    <p class='ocr_par' dir='ltr' id='par_1_2' title="bbox 173 365 1174 445">
     <span class='ocr_line' id='line_1_2' title="bbox 173 365 1174 445; baseline -0.001 -19"><span class='ocrx_word' id='word_1_6' title='bbox 173 366 277 445; x_wconf 88' lang='lat' dir='ltr'>quibus</span> <span class='ocrx_word' id='word_1_7' title='bbox 304 365 447 426; x_wconf 89' lang='lat' dir='ltr'>deliciunt.</span> <span class='ocrx_word' id='word_1_8' title='bbox 491 385 546 427; x_wconf 91' lang='lat' dir='ltr'>nec</span> <span class='ocrx_word' id='word_1_9' title='bbox 570 366 636 426; x_wconf 91' lang='lat' dir='ltr'>cibo</span> <span class='ocrx_word' id='word_1_10' title='bbox 660 374 765 424; x_wconf 92' lang='lat' dir='ltr'>tantum</span> <span class='ocrx_word' id='word_1_11' title='bbox 788 374 816 423; x_wconf 90' lang='lat' dir='ltr'>et</span> <span class='ocrx_word' id='word_1_12' title='bbox 842 365 982 425; x_wconf 70' lang='lat' dir='ltr'><strong>alimentis</strong></span> <span class='ocrx_word' id='word_1_13' title='bbox 1006 366 1174 445; x_wconf 85' lang='lat' dir='ltr'>necessarii,</span> 
     </span>
    </p>

    <p class='ocr_par' dir='ltr' id='par_1_3' title="bbox 129 451 1179 613">
     <span class='ocr_line' id='line_1_3' title="bbox 129 451 1179 531; baseline 0.002 -22"><span class='ocrx_word' id='word_1_14' title='bbox 129 491 138 509; x_wconf 71' lang='lat'>.</span> <span class='ocrx_word' id='word_1_15' title='bbox 173 452 283 529; x_wconf 85' lang='lat' dir='ltr'>quippe</span> <span class='ocrx_word' id='word_1_16' title='bbox 297 451 380 509; x_wconf 85' lang='lat' dir='ltr'>vocis</span> <span class='ocrx_word' id='word_1_17' title='bbox 393 452 593 531; x_wconf 82' lang='lat' dir='ltr'>sermonisque</span> <span class='ocrx_word' id='word_1_18' title='bbox 606 451 734 526; x_wconf 86' lang='lat' dir='ltr'>regimen</span> <span class='ocrx_word' id='word_1_19' title='bbox 747 451 888 528; x_wconf 90' lang='lat' dir='ltr'>primores</span> <span class='ocrx_word' id='word_1_20' title='bbox 899 456 1014 524; x_wconf 86' lang='lat' dir='ltr'>tenent,</span> <span class='ocrx_word' id='word_1_21' title='bbox 1032 460 1179 511; x_wconf 51' lang='lat' dir='ltr'>concentu&gt;</span> 
     </span>
     <span class='ocr_line' id='line_1_4' title="bbox 173 534 1174 613; baseline 0 -20"><span class='ocrx_word' id='word_1_22' title='bbox 173 534 296 613; x_wconf 85' lang='lat' dir='ltr'>quodam</span> <span class='ocrx_word' id='word_1_23' title='bbox 312 534 495 612; x_wconf 71' lang='lat' dir='ltr'>excipientes</span> <span class='ocrx_word' id='word_1_24' title='bbox 516 536 603 594; x_wconf 88' lang='lat' dir='ltr'>ictum</span> <span class='ocrx_word' id='word_1_25' title='bbox 621 534 736 610; x_wconf 78' lang='lat' dir='ltr'>liuguae</span> <span class='ocrx_word' id='word_1_26' title='bbox 755 534 890 610; x_wconf 87' lang='lat' dir='ltr'>serieque</span> <span class='ocrx_word' id='word_1_27' title='bbox 913 542 1073 593; x_wconf 78' lang='lat' dir='ltr'>structurae</span> <span class='ocrx_word' id='word_1_28' title='bbox 1089 543 1174 611; x_wconf 86' lang='lat' dir='ltr'>atque</span> 
     </span>
    </p>

    <p class='ocr_par' dir='ltr' id='par_1_4' title="bbox 143 616 1174 695">
     <span class='ocr_line' id='line_1_5' title="bbox 143 616 1174 695; baseline -0.001 -17"><span class='ocrx_word' id='word_1_29' title='bbox 143 619 151 635; x_wconf 78' lang='lat'>⁸</span> <span class='ocrx_word' id='word_1_30' title='bbox 172 618 364 695; x_wconf 78' lang='lat' dir='ltr'>magnitudine</span> <span class='ocrx_word' id='word_1_31' title='bbox 382 618 545 679; x_wconf 82' lang='lat' dir='ltr'>mutilantes</span> <span class='ocrx_word' id='word_1_32' title='bbox 560 618 765 679; x_wconf 86' lang='lat' dir='ltr'>mollientesve</span> <span class='ocrx_word' id='word_1_33' title='bbox 781 626 828 676; x_wconf 91' lang='lat' dir='ltr'>aut</span> <span class='ocrx_word' id='word_1_34' title='bbox 842 616 1013 676; x_wconf 87' lang='lat' dir='ltr'>hebetantes</span> <span class='ocrx_word' id='word_1_35' title='bbox 1028 616 1119 677; x_wconf 86' lang='lat' dir='ltr'>verba</span> <span class='ocrx_word' id='word_1_36' title='bbox 1135 628 1174 693; x_wconf 81' lang='lat' dir='ltr'>et,</span> 
     </span>
    </p>

    <p class='ocr_par' dir='ltr' id='par_1_5' title="bbox 131 700 1213 1202">
     <span class='ocr_line' id='line_1_6' title="bbox 131 700 1196 781; baseline -0.005 -15"><span class='ocrx_word' id='word_1_37' title='bbox 131 714 238 766; x_wconf 80' lang='lat' dir='ltr'>ticum</span> <span class='ocrx_word' id='word_1_38' title='bbox 266 702 407 777; x_wconf 72' lang='lat' dir='ltr'>deluere,</span> <span class='ocrx_word' id='word_1_39' title='bbox 437 702 669 781; x_wconf 81' lang='lat' dir='ltr'>explanationem</span> <span class='ocrx_word' id='word_1_40' title='bbox 697 718 807 760; x_wconf 90' lang='lat' dir='ltr'>omnem</span> <span class='ocrx_word' id='word_1_41' title='bbox 831 702 1000 761; x_wconf 89' lang='lat' dir='ltr'>adimentes.</span> <span class='ocrx_word' id='word_1_42' title='bbox 1045 700 1119 773; x_wconf 81' lang='lat' dir='ltr'>Quin</span> <span class='ocrx_word' id='word_1_43' title='bbox 1146 712 1196 761; x_wconf 82' lang='lat' dir='ltr'>et⁵</span> 
     </span>
     <span class='ocr_line' id='line_1_7' title="bbox 174 780 1174 864; baseline -0.002 -19"><span class='ocrx_word' id='word_1_44' title='bbox 174 787 322 863; x_wconf 80' lang='lat' dir='ltr'>augurium</span> <span class='ocrx_word' id='word_1_45' title='bbox 345 788 373 844; x_wconf 95' lang='lat' dir='ltr'>in</span> <span class='ocrx_word' id='word_1_46' title='bbox 386 782 441 846; x_wconf 87' lang='lat' dir='ltr'>ba&#39;c</span> <span class='ocrx_word' id='word_1_47' title='bbox 462 804 529 847; x_wconf 89' lang='lat' dir='ltr'>esse</span> <span class='ocrx_word' id='word_1_48' title='bbox 546 786 671 846; x_wconf 90' lang='lat' dir='ltr'>creditur</span> <span class='ocrx_word' id='word_1_49' title='bbox 687 794 778 864; x_wconf 91' lang='lat' dir='ltr'>parte.</span> <span class='ocrx_word' id='word_1_50' title='bbox 807 786 910 844; x_wconf 91' lang='lat' dir='ltr'>triceni</span> <span class='ocrx_word' id='word_1_51' title='bbox 931 780 988 844; x_wconf 87' lang='lat' dir='ltr'>bini</span> <span class='ocrx_word' id='word_1_52' title='bbox 1011 786 1080 843; x_wconf 90' lang='lat' dir='ltr'>viris</span> <span class='ocrx_word' id='word_1_53' title='bbox 1097 788 1174 844; x_wconf 89' lang='lat' dir='ltr'>attri-</span> 
     </span>
     <span class='ocr_line' id='line_1_8' title="bbox 173 868 1174 947; baseline -0.001 -19"><span class='ocrx_word' id='word_1_54' title='bbox 173 870 295 930; x_wconf 88' lang='lat' dir='ltr'>buuntur</span> <span class='ocrx_word' id='word_1_55' title='bbox 311 879 436 947; x_wconf 84' lang='lat' dir='ltr'>excepta</span> <span class='ocrx_word' id='word_1_56' title='bbox 449 868 640 931; x_wconf 83' lang='lat' dir='ltr'>Turdulorum</span> <span class='ocrx_word' id='word_1_57' title='bbox 658 880 755 947; x_wconf 82' lang='lat' dir='ltr'>gente.</span> <span class='ocrx_word' id='word_1_58' title='bbox 786 868 888 947; x_wconf 87' lang='lat' dir='ltr'>quibus</span> <span class='ocrx_word' id='word_1_59' title='bbox 904 869 1003 947; x_wconf 90' lang='lat' dir='ltr'>plures</span> <span class='ocrx_word' id='word_1_60' title='bbox 1016 868 1097 927; x_wconf 88' lang='lat' dir='ltr'>luere</span> <span class='ocrx_word' id='word_1_61' title='bbox 1113 868 1174 928; x_wconf 92' lang='lat' dir='ltr'>lon·</span> 
     </span>
     <span class='ocr_line' id='line_1_9' title="bbox 172 953 1174 1035; baseline 0 -24"><span class='ocrx_word' id='word_1_62' title='bbox 172 955 255 1030; x_wconf 84' lang='lat' dir='ltr'>giora</span> <span class='ocrx_word' id='word_1_63' title='bbox 278 956 404 1035; x_wconf 86' lang='lat' dir='ltr'>promitti</span> <span class='ocrx_word' id='word_1_64' title='bbox 426 956 502 1013; x_wconf 88' lang='lat' dir='ltr'>vitae</span> <span class='ocrx_word' id='word_1_65' title='bbox 526 964 625 1034; x_wconf 91' lang='lat' dir='ltr'>putant</span> <span class='ocrx_word' id='word_1_66' title='bbox 645 956 748 1031; x_wconf 88' lang='lat' dir='ltr'>spatia.</span> <span class='ocrx_word' id='word_1_67' title='bbox 782 953 895 1012; x_wconf 89' lang='lat' dir='ltr'>leminis</span> <span class='ocrx_word' id='word_1_68' title='bbox 918 954 1010 1012; x_wconf 91' lang='lat' dir='ltr'>minor</span> <span class='ocrx_word' id='word_1_69' title='bbox 1030 970 1174 1029; x_wconf 89' lang='lat' dir='ltr'>numerus,</span> 
     </span>
     <span class='ocr_line' id='line_1_10' title="bbox 173 1036 1174 1116; baseline 0 -20"><span class='ocrx_word' id='word_1_70' title='bbox 173 1038 276 1115; x_wconf 87' lang='lat' dir='ltr'>quibus</span> <span class='ocrx_word' id='word_1_71' title='bbox 293 1040 321 1098; x_wconf 93' lang='lat' dir='ltr'>in</span> <span class='ocrx_word' id='word_1_72' title='bbox 336 1038 438 1098; x_wconf 86' lang='lat' dir='ltr'>dextra</span> <span class='ocrx_word' id='word_1_73' title='bbox 454 1047 536 1115; x_wconf 90' lang='lat' dir='ltr'>parte</span> <span class='ocrx_word' id='word_1_74' title='bbox 552 1039 657 1116; x_wconf 84' lang='lat' dir='ltr'>gemini</span> <span class='ocrx_word' id='word_1_75' title='bbox 672 1056 797 1116; x_wconf 90' lang='lat' dir='ltr'>superne</span> <span class='ocrx_word' id='word_1_76' title='bbox 816 1056 830 1097; x_wconf 91' lang='lat' dir='ltr'>a</span> <span class='ocrx_word' id='word_1_77' title='bbox 848 1036 964 1096; x_wconf 89' lang='lat' dir='ltr'>canibus</span> <span class='ocrx_word' id='word_1_78' title='bbox 982 1037 1174 1113; x_wconf 84' lang='lat' dir='ltr'>cognominati</span> 
     </span>
     <span class='ocr_line' id='line_1_11' title="bbox 171 1120 1213 1202; baseline 0 -23"><span class='ocrx_word' id='word_1_79' title='bbox 171 1122 305 1182; x_wconf 85' lang='lat' dir='ltr'>fortunae</span> <span class='ocrx_word' id='word_1_80' title='bbox 325 1120 517 1181; x_wconf 91' lang='lat' dir='ltr'>blandimenta</span> <span class='ocrx_word' id='word_1_81' title='bbox 534 1122 723 1202; x_wconf 82' lang='lat' dir='ltr'>pollicentur,</span> <span class='ocrx_word' id='word_1_82' title='bbox 748 1124 821 1181; x_wconf 88' lang='lat' dir='ltr'>sicut</span> <span class='ocrx_word' id='word_1_83' title='bbox 839 1122 866 1179; x_wconf 93' lang='lat' dir='ltr'>in</span> <span class='ocrx_word' id='word_1_84' title='bbox 885 1121 1045 1200; x_wconf 76' lang='lat' dir='ltr'>Agrippina</span> <span class='ocrx_word' id='word_1_85' title='bbox 1068 1120 1174 1179; x_wconf 90' lang='lat' dir='ltr'>Domiti</span> <span class='ocrx_word' id='word_1_86' title='bbox 1186 1134 1213 1173; x_wconf 75' lang='grc' dir='ltr'>ιο</span> 
     </span>
    </p>

    <p class='ocr_par' dir='ltr' id='par_1_6' title="bbox 133 1204 1174 1283">
     <span class='ocr_line' id='line_1_12' title="bbox 133 1204 1174 1283; baseline -0.005 -15"><span class='ocrx_word' id='word_1_87' title='bbox 133 1204 295 1268; x_wconf 81' lang='lat' dir='ltr'>ruNeronts</span> <span class='ocrx_word' id='word_1_88' title='bbox 310 1216 411 1265; x_wconf 89' lang='lat' dir='ltr'>matre.</span> <span class='ocrx_word' id='word_1_89' title='bbox 436 1216 535 1265; x_wconf 90' lang='lat' dir='ltr'>contra</span> <span class='ocrx_word' id='word_1_90' title='bbox 551 1208 579 1265; x_wconf 95' lang='lat' dir='ltr'>in</span> <span class='ocrx_word' id='word_1_91' title='bbox 596 1208 689 1266; x_wconf 88' lang='lat' dir='ltr'>laeva.</span> <span class='ocrx_word' id='word_1_92' title='bbox 717 1204 863 1265; x_wconf 89' lang='lat' dir='ltr'>Hominem</span> <span class='ocrx_word' id='word_1_93' title='bbox 881 1208 960 1283; x_wconf 92' lang='lat' dir='ltr'>prius</span> <span class='ocrx_word' id='word_1_94' title='bbox 976 1223 1060 1283; x_wconf 86' lang='lat' dir='ltr'>quarn</span> <span class='ocrx_word' id='word_1_95' title='bbox 1076 1207 1174 1281; x_wconf 80' lang='lat' dir='ltr'>genito</span> 
     </span>
    </p>

    <p class='ocr_par' dir='ltr' id='par_1_7' title="bbox 133 1288 1214 1703">
     <span class='ocr_line' id='line_1_13' title="bbox 133 1288 1173 1376; baseline -0.001 -26"><span class='ocrx_word' id='word_1_96' title='bbox 133 1290 288 1376; x_wconf 41' lang='lat' dir='ltr'>&#39;ligidema</span> <span class='ocrx_word' id='word_1_97' title='bbox 303 1291 425 1349; x_wconf 88' lang='lat' dir='ltr'>cremari</span> <span class='ocrx_word' id='word_1_98' title='bbox 436 1308 499 1349; x_wconf 90' lang='lat' dir='ltr'>mos</span> <span class='ocrx_word' id='word_1_99' title='bbox 513 1292 639 1367; x_wconf 82' lang='lat' dir='ltr'>gentium</span> <span class='ocrx_word' id='word_1_100' title='bbox 651 1307 708 1349; x_wconf 92' lang='lat' dir='ltr'>nou</span> <span class='ocrx_word' id='word_1_101' title='bbox 724 1298 776 1348; x_wconf 90' lang='lat' dir='ltr'>est.</span> <span class='ocrx_word' id='word_1_102' title='bbox 805 1288 863 1347; x_wconf 88' lang='lat' dir='ltr'>Sed</span> <span class='ocrx_word' id='word_1_103' title='bbox 879 1306 946 1347; x_wconf 83' lang='lat' dir='ltr'>mox</span> <span class='ocrx_word' id='word_1_104' title='bbox 958 1288 1041 1366; x_wconf 91' lang='lat' dir='ltr'>plura</span> <span class='ocrx_word' id='word_1_105' title='bbox 1055 1289 1089 1349; x_wconf 92' lang='lat' dir='ltr'>de</span> <span class='ocrx_word' id='word_1_106' title='bbox 1106 1288 1173 1365; x_wconf 86' lang='lat' dir='ltr'>hoc,</span> 
     </span>
     <span class='ocr_line' id='line_1_14' title="bbox 173 1372 1172 1451; baseline -0.003 -16"><span class='ocrx_word' id='word_1_107' title='bbox 173 1392 237 1435; x_wconf 86' lang='lat' dir='ltr'>cum</span> <span class='ocrx_word' id='word_1_108' title='bbox 251 1373 429 1434; x_wconf 87' lang='lat' dir='ltr'>membratim</span> <span class='ocrx_word' id='word_1_109' title='bbox 441 1373 721 1434; x_wconf 88' lang='lat' dir='ltr'>historiadccurret.</span> <span class='ocrx_word' id='word_1_110' title='bbox 748 1372 860 1431; x_wconf 82' lang='lat' dir='ltr'>Risisse</span> <span class='ocrx_word' id='word_1_111' title='bbox 877 1372 980 1431; x_wconf 90' lang='lat' dir='ltr'>ecdem</span> <span class='ocrx_word' id='word_1_112' title='bbox 993 1373 1040 1432; x_wconf 89' lang='lat' dir='ltr'>die</span> <span class='ocrx_word' id='word_1_113' title='bbox 1054 1391 1110 1451; x_wconf 86' lang='lat' dir='ltr'>quo</span> <span class='ocrx_word' id='word_1_114' title='bbox 1122 1392 1172 1450; x_wconf 82' lang='lat' dir='ltr'>ge·</span> 
     </span>
     <span class='ocr_line' id='line_1_15' title="bbox 172 1454 1173 1535; baseline 0 -18"><span class='ocrx_word' id='word_1_115' title='bbox 172 1460 248 1517; x_wconf 90' lang='lat' dir='ltr'>nitus</span> <span class='ocrx_word' id='word_1_116' title='bbox 263 1467 344 1516; x_wconf 88' lang='lat' dir='ltr'>esset</span> <span class='ocrx_word' id='word_1_117' title='bbox 359 1476 443 1517; x_wconf 89' lang='lat' dir='ltr'>unum</span> <span class='ocrx_word' id='word_1_118' title='bbox 458 1457 601 1517; x_wconf 87' lang='lat' dir='ltr'>bominem</span> <span class='ocrx_word' id='word_1_119' title='bbox 616 1458 782 1535; x_wconf 86' lang='lat' dir='ltr'>accepimus</span> <span class='ocrx_word' id='word_1_120' title='bbox 799 1454 984 1515; x_wconf 88' lang='lat' dir='ltr'>Zoroastren.</span> <span class='ocrx_word' id='word_1_121' title='bbox 1015 1456 1109 1516; x_wconf 90' lang='lat' dir='ltr'>eidem</span> <span class='ocrx_word' id='word_1_122' title='bbox 1124 1476 1173 1517; x_wconf 89' lang='lat' dir='ltr'>ce·</span> 
     </span>
     <span class='ocr_line' id='line_1_16' title="bbox 171 1539 1214 1619; baseline -0.001 -18"><span class='ocrx_word' id='word_1_123' title='bbox 171 1541 286 1601; x_wconf 90' lang='lat' dir='ltr'>rebrum</span> <span class='ocrx_word' id='word_1_124' title='bbox 302 1542 340 1599; x_wconf 91' lang='lat' dir='ltr'>ita</span> <span class='ocrx_word' id='word_1_125' title='bbox 356 1542 514 1619; x_wconf 85' lang='lat' dir='ltr'>palpitasse</span> <span class='ocrx_word' id='word_1_126' title='bbox 531 1550 560 1599; x_wconf 89' lang='lat' dir='ltr'>ut</span> <span class='ocrx_word' id='word_1_127' title='bbox 572 1542 723 1619; x_wconf 87' lang='lat' dir='ltr'>inpositam</span> <span class='ocrx_word' id='word_1_128' title='bbox 739 1539 901 1618; x_wconf 88' lang='lat' dir='ltr'>repelleret</span> <span class='ocrx_word' id='word_1_129' title='bbox 916 1556 1044 1615; x_wconf 75' lang='lat' dir='ltr'>manum,</span> <span class='ocrx_word' id='word_1_130' title='bbox 1061 1541 1174 1601; x_wconf 84' lang='lat' dir='ltr'>futurae</span> <span class='ocrx_word' id='word_1_131' title='bbox 1186 1554 1214 1594; x_wconf 79' lang='lat'>¹⁵</span> 
     </span>
     <span class='ocr_line' id='line_1_17' title="bbox 171 1625 493 1703; baseline -0.016 -19"><span class='ocrx_word' id='word_1_132' title='bbox 171 1625 327 1703; x_wconf 81' lang='lat' dir='ltr'>praesagio</span> <span class='ocrx_word' id='word_1_133' title='bbox 344 1625 493 1683; x_wconf 86' lang='lat' dir='ltr'>scientiae.</span> 
     </span>
    </p>

    <p class='ocr_par' dir='ltr' id='par_1_8' title="bbox 131 1706 1213 2203">
     <span class='ocr_line' id='line_1_18' title="bbox 131 1706 1175 1783; baseline 0 -15"><span class='ocrx_word' id='word_1_134' title='bbox 131 1716 164 1771; x_wconf 84' lang='lat' dir='ltr'>ta</span> <span class='ocrx_word' id='word_1_135' title='bbox 237 1707 321 1783; x_wconf 82' lang='lat'>(16.)</span> <span class='ocrx_word' id='word_1_136' title='bbox 354 1706 386 1765; x_wconf 90' lang='lat' dir='ltr'>ln</span> <span class='ocrx_word' id='word_1_137' title='bbox 411 1709 522 1765; x_wconf 91' lang='lat' dir='ltr'>trimatu</span> <span class='ocrx_word' id='word_1_138' title='bbox 545 1724 598 1765; x_wconf 92' lang='lat' dir='ltr'>suo</span> <span class='ocrx_word' id='word_1_139' title='bbox 623 1709 728 1783; x_wconf 88' lang='lat' dir='ltr'>cuique</span> <span class='ocrx_word' id='word_1_140' title='bbox 751 1706 891 1767; x_wconf 91' lang='lat' dir='ltr'>dimidiam</span> <span class='ocrx_word' id='word_1_141' title='bbox 919 1724 986 1764; x_wconf 90' lang='lat' dir='ltr'>esse</span> <span class='ocrx_word' id='word_1_142' title='bbox 1008 1725 1175 1768; x_wconf 89' lang='lat' dir='ltr'>mensuram</span> 
     </span>
     <span class='ocr_line' id='line_1_19' title="bbox 171 1788 1175 1869; baseline 0.005 -22"><span class='ocrx_word' id='word_1_143' title='bbox 171 1791 282 1849; x_wconf 84' lang='lat' dir='ltr'>futurae</span> <span class='ocrx_word' id='word_1_144' title='bbox 304 1799 413 1848; x_wconf 89' lang='lat' dir='ltr'>certum</span> <span class='ocrx_word' id='word_1_145' title='bbox 432 1798 485 1848; x_wconf 89' lang='lat' dir='ltr'>est.</span> <span class='ocrx_word' id='word_1_146' title='bbox 519 1791 547 1849; x_wconf 88' lang='lat' dir='ltr'>in</span> <span class='ocrx_word' id='word_1_147' title='bbox 568 1788 683 1868; x_wconf 89' lang='lat' dir='ltr'>plenum</span> <span class='ocrx_word' id='word_1_148' title='bbox 705 1799 797 1849; x_wconf 89' lang='lat' dir='ltr'>auteur</span> <span class='ocrx_word' id='word_1_149' title='bbox 820 1796 922 1848; x_wconf 88' lang='lat' dir='ltr'>cuncto</span> <span class='ocrx_word' id='word_1_150' title='bbox 945 1790 1175 1869; x_wconf 79' lang='lat' dir='ltr'>mortalium&#39;ge·</span> 
     </span>
     <span class='ocr_line' id='line_1_20' title="bbox 171 1872 1177 1952; baseline 0.005 -21"><span class='ocrx_word' id='word_1_151' title='bbox 171 1874 233 1931; x_wconf 91' lang='lat' dir='ltr'>neri</span> <span class='ocrx_word' id='word_1_152' title='bbox 248 1874 386 1932; x_wconf 89' lang='lat' dir='ltr'>minorem</span> <span class='ocrx_word' id='word_1_153' title='bbox 401 1874 429 1931; x_wconf 92' lang='lat' dir='ltr'>in</span> <span class='ocrx_word' id='word_1_154' title='bbox 444 1873 507 1933; x_wconf 87' lang='lat' dir='ltr'>dies</span> <span class='ocrx_word' id='word_1_155' title='bbox 522 1874 585 1933; x_wconf 83' lang='lat' dir='ltr'>fieri</span> <span class='ocrx_word' id='word_1_156' title='bbox 601 1872 808 1952; x_wconf 89' lang='lat' dir='ltr'>propemodum</span> <span class='ocrx_word' id='word_1_157' title='bbox 821 1872 1008 1948; x_wconf 86' lang='lat' dir='ltr'>observatur,</span> <span class='ocrx_word' id='word_1_158' title='bbox 1030 1890 1177 1951; x_wconf 88' lang='lat' dir='ltr'>rarosque</span> 
     </span>
     <span class='ocr_line' id='line_1_21' title="bbox 170 1957 1213 2035; baseline 0 -20"><span class='ocrx_word' id='word_1_159' title='bbox 170 1957 298 2033; x_wconf 87' lang='lat' dir='ltr'>patribus</span> <span class='ocrx_word' id='word_1_160' title='bbox 325 1959 529 2035; x_wconf 82' lang='lat' dir='ltr'>proceriores,</span> <span class='ocrx_word' id='word_1_161' title='bbox 560 1967 746 2017; x_wconf 87' lang='lat' dir='ltr'>consumente</span> <span class='ocrx_word' id='word_1_162' title='bbox 776 1957 935 2017; x_wconf 86' lang='lat' dir='ltr'>ubertatem</span> <span class='ocrx_word' id='word_1_163' title='bbox 959 1958 1094 2016; x_wconf 91' lang='lat' dir='ltr'>seminum</span> <span class='ocrx_word' id='word_1_164' title='bbox 1120 1960 1213 2018; x_wconf 82' lang='lat' dir='ltr'>err-ao</span> 
     </span>
     <span class='ocr_line' id='line_1_22' title="bbox 170 2038 1175 2119; baseline 0.005 -21"><span class='ocrx_word' id='word_1_165' title='bbox 170 2042 283 2100; x_wconf 90' lang='lat' dir='ltr'>ustione</span> <span class='ocrx_word' id='word_1_166' title='bbox 306 2043 333 2101; x_wconf 88' lang='lat' dir='ltr'>in</span> <span class='ocrx_word' id='word_1_167' title='bbox 356 2044 436 2101; x_wconf 90' lang='lat' dir='ltr'>euius</span> <span class='ocrx_word' id='word_1_168' title='bbox 454 2044 527 2102; x_wconf 85' lang='lat' dir='ltr'>vicis</span> <span class='ocrx_word' id='word_1_169' title='bbox 546 2062 620 2103; x_wconf 89' lang='lat' dir='ltr'>nunc</span> <span class='ocrx_word' id='word_1_170' title='bbox 640 2052 742 2119; x_wconf 80' lang='lat' dir='ltr'>vergat</span> <span class='ocrx_word' id='word_1_171' title='bbox 765 2060 877 2101; x_wconf 83' lang='lat' dir='ltr'>aevom.</span> <span class='ocrx_word' id='word_1_172' title='bbox 909 2040 941 2099; x_wconf 93' lang='lat' dir='ltr'>ln</span> <span class='ocrx_word' id='word_1_173' title='bbox 964 2038 1050 2100; x_wconf 82' lang='lat' dir='ltr'>Creta</span> <span class='ocrx_word' id='word_1_174' title='bbox 1074 2050 1175 2103; x_wconf 87' lang='lat' dir='ltr'>terrae</span> 
     </span>
     <span class='ocr_line' id='line_1_23' title="bbox 170 2124 1172 2203; baseline 0.002 -20"><span class='ocrx_word' id='word_1_175' title='bbox 170 2134 246 2185; x_wconf 87' lang='lat' dir='ltr'>motu</span> <span class='ocrx_word' id='word_1_176' title='bbox 263 2135 348 2203; x_wconf 89' lang='lat' dir='ltr'>rupto</span> <span class='ocrx_word' id='word_1_177' title='bbox 361 2136 457 2187; x_wconf 90' lang='lat' dir='ltr'>monte</span> <span class='ocrx_word' id='word_1_178' title='bbox 473 2129 618 2187; x_wconf 85' lang='lat' dir='ltr'>inventum</span> <span class='ocrx_word' id='word_1_179' title='bbox 630 2136 676 2186; x_wconf 91' lang='lat' dir='ltr'>est</span> <span class='ocrx_word' id='word_1_180' title='bbox 689 2143 793 2203; x_wconf 92' lang='lat' dir='ltr'>corpus</span> <span class='ocrx_word' id='word_1_181' title='bbox 810 2135 888 2185; x_wconf 90' lang='lat' dir='ltr'>stans</span> <span class='ocrx_word' id='word_1_182' title='bbox 900 2138 983 2185; x_wconf 77' lang='lat' dir='ltr'>XLVI</span> <span class='ocrx_word' id='word_1_183' title='bbox 999 2124 1172 2203; x_wconf 78' lang='lat' dir='ltr'>cubitorum,</span> 
     </span>
    </p>

    <p class='ocr_par' dir='ltr' id='par_1_9' title="bbox 128 2206 1257 2874">
     <span class='ocr_line' id='line_1_24' title="bbox 128 2206 1173 2288; baseline -0.004 -15"><span class='ocrx_word' id='word_1_184' title='bbox 128 2206 247 2287; x_wconf 71' lang='lat' dir='ltr'>ltquo&#39;d</span> <span class='ocrx_word' id='word_1_185' title='bbox 268 2209 315 2269; x_wconf 88' lang='lat' dir='ltr'>alii</span> <span class='ocrx_word' id='word_1_186' title='bbox 334 2209 449 2269; x_wconf 86' lang='lat' dir='ltr'>Orionis</span> <span class='ocrx_word' id='word_1_187' title='bbox 470 2212 519 2271; x_wconf 87' lang='lat' dir='ltr'>alii</span> <span class='ocrx_word' id='word_1_188' title='bbox 536 2210 581 2270; x_wconf 90' lang='lat' dir='ltr'>0ti</span> <span class='ocrx_word' id='word_1_189' title='bbox 598 2212 688 2271; x_wconf 88' lang='lat' dir='ltr'>luisse</span> <span class='ocrx_word' id='word_1_190' title='bbox 711 2209 891 2269; x_wconf 88' lang='lat' dir='ltr'>arbitrantur.</span> <span class='ocrx_word' id='word_1_191' title='bbox 930 2208 1041 2268; x_wconf 88' lang='lat' dir='ltr'>Orestis</span> <span class='ocrx_word' id='word_1_192' title='bbox 1063 2228 1173 2288; x_wconf 90' lang='lat' dir='ltr'>corpus</span> 
     </span>
     <span class='ocr_line' id='line_1_25' title="bbox 170 2292 1257 2373; baseline -0.002 -20"><span class='ocrx_word' id='word_1_193' title='bbox 170 2292 279 2353; x_wconf 86' lang='lat' dir='ltr'>oraculi</span> <span class='ocrx_word' id='word_1_194' title='bbox 295 2295 372 2351; x_wconf 90' lang='lat' dir='ltr'>iussu</span> <span class='ocrx_word' id='word_1_195' title='bbox 393 2294 536 2354; x_wconf 83' lang='lat' dir='ltr'>refossum</span> <span class='ocrx_word' id='word_1_196' title='bbox 551 2308 602 2354; x_wconf 83' lang='lat' dir='ltr'>vn</span> <span class='ocrx_word' id='word_1_197' title='bbox 620 2295 779 2355; x_wconf 89' lang='lat' dir='ltr'>cubitorum</span> <span class='ocrx_word' id='word_1_198' title='bbox 798 2294 887 2353; x_wconf 89' lang='lat' dir='ltr'>luisse</span> <span class='ocrx_word' id='word_1_199' title='bbox 908 2294 1087 2353; x_wconf 92' lang='lat' dir='ltr'>monimentis</span> <span class='ocrx_word' id='word_1_200' title='bbox 1107 2310 1172 2352; x_wconf 87' lang='lat' dir='ltr'>cre·</span> <span class='ocrx_word' id='word_1_201' title='bbox 1256 2348 1257 2373; x_wconf 29' lang='lat' dir='ltr'>p</span> 
     </span>
     <span class='ocr_line' id='line_1_26' title="bbox 170 2375 1212 2455; baseline -0.005 -18"><span class='ocrx_word' id='word_1_202' title='bbox 170 2377 253 2437; x_wconf 91' lang='lat' dir='ltr'>ditur.</span> <span class='ocrx_word' id='word_1_203' title='bbox 285 2376 340 2435; x_wconf 91' lang='lat' dir='ltr'>iam</span> <span class='ocrx_word' id='word_1_204' title='bbox 360 2394 432 2437; x_wconf 86' lang='lat' dir='ltr'>vero</span> <span class='ocrx_word' id='word_1_205' title='bbox 453 2386 521 2436; x_wconf 87' lang='lat' dir='ltr'>ante</span> <span class='ocrx_word' id='word_1_206' title='bbox 539 2394 629 2437; x_wconf 89' lang='lat' dir='ltr'>annos</span> <span class='ocrx_word' id='word_1_207' title='bbox 652 2395 743 2455; x_wconf 89' lang='lat' dir='ltr'>prope</span> <span class='ocrx_word' id='word_1_208' title='bbox 765 2376 842 2435; x_wconf 88' lang='lat' dir='ltr'>mille</span> <span class='ocrx_word' id='word_1_209' title='bbox 858 2385 940 2436; x_wconf 86' lang='lat' dir='ltr'>vates</span> <span class='ocrx_word' id='word_1_210' title='bbox 962 2376 1012 2436; x_wconf 92' lang='lat' dir='ltr'>ille</span> <span class='ocrx_word' id='word_1_211' title='bbox 1027 2375 1212 2445; x_wconf 81' lang='lat' dir='ltr'>Homerusas</span> 
     </span>
     <span class='ocr_line' id='line_1_27' title="bbox 170 2459 1171 2539; baseline -0.003 -18"><span class='ocrx_word' id='word_1_212' title='bbox 170 2478 226 2521; x_wconf 92' lang='lat' dir='ltr'>non</span> <span class='ocrx_word' id='word_1_213' title='bbox 240 2459 364 2517; x_wconf 87' lang='lat' dir='ltr'>cessarit</span> <span class='ocrx_word' id='word_1_214' title='bbox 376 2460 485 2520; x_wconf 92' lang='lat' dir='ltr'>minora</span> <span class='ocrx_word' id='word_1_215' title='bbox 502 2477 625 2537; x_wconf 91' lang='lat' dir='ltr'>corpora</span> <span class='ocrx_word' id='word_1_216' title='bbox 641 2459 799 2519; x_wconf 91' lang='lat' dir='ltr'>mortalium</span> <span class='ocrx_word' id='word_1_217' title='bbox 815 2477 899 2536; x_wconf 86' lang='lat' dir='ltr'>quam</span> <span class='ocrx_word' id='word_1_218' title='bbox 910 2461 1005 2537; x_wconf 88' lang='lat' dir='ltr'>prisca</span> <span class='ocrx_word' id='word_1_219' title='bbox 1020 2462 1171 2539; x_wconf 90' lang='lat' dir='ltr'>conqueri.</span> 
     </span>
     <span class='ocr_line' id='line_1_28' title="bbox 169 2540 1173 2621; baseline 0.003 -20"><span class='ocrx_word' id='word_1_220' title='bbox 169 2542 262 2601; x_wconf 85' lang='lat' dir='ltr'>Naevi</span> <span class='ocrx_word' id='word_1_221' title='bbox 283 2540 421 2601; x_wconf 89' lang='lat' dir='ltr'>Pollionis</span> <span class='ocrx_word' id='word_1_222' title='bbox 437 2542 652 2621; x_wconf 88' lang='lat' dir='ltr'>amplitudinem</span> <span class='ocrx_word' id='word_1_223' title='bbox 667 2543 785 2602; x_wconf 90' lang='lat' dir='ltr'>annales</span> <span class='ocrx_word' id='word_1_224' title='bbox 804 2559 860 2601; x_wconf 93' lang='lat' dir='ltr'>non</span> <span class='ocrx_word' id='word_1_225' title='bbox 880 2543 1010 2619; x_wconf 89' lang='lat' dir='ltr'>tradunt,</span> <span class='ocrx_word' id='word_1_226' title='bbox 1033 2544 1085 2603; x_wconf 88' lang='lat' dir='ltr'>sed</span> <span class='ocrx_word' id='word_1_227' title='bbox 1103 2545 1173 2620; x_wconf 87' lang='lat' dir='ltr'>quia</span> 
     </span>
     <span class='ocr_line' id='line_1_29' title="bbox 171 2620 1172 2705; baseline 0.003 -22"><span class='ocrx_word' id='word_1_228' title='bbox 171 2625 272 2704; x_wconf 92' lang='lat' dir='ltr'>populi</span> <span class='ocrx_word' id='word_1_229' title='bbox 288 2642 430 2687; x_wconf 83' lang='lat' dir='ltr'>concursu</span> <span class='ocrx_word' id='word_1_230' title='bbox 446 2644 539 2705; x_wconf 88' lang='lat' dir='ltr'>paene</span> <span class='ocrx_word' id='word_1_231' title='bbox 555 2628 741 2704; x_wconf 90' lang='lat' dir='ltr'>interemptus</span> <span class='ocrx_word' id='word_1_232' title='bbox 759 2636 854 2702; x_wconf 85' lang='lat' dir='ltr'>esset,</span> <span class='ocrx_word' id='word_1_233' title='bbox 873 2620 990 2705; x_wconf 83' lang='lat' dir='ltr'>&#39;prodigi</span> <span class='ocrx_word' id='word_1_234' title='bbox 1007 2629 1073 2687; x_wconf 84' lang='lat' dir='ltr'>rice</span> <span class='ocrx_word' id='word_1_235' title='bbox 1089 2626 1172 2686; x_wconf 91' lang='lat' dir='ltr'>habi-</span> 
     </span>
     <span class='ocr_line' id='line_1_30' title="bbox 170 2708 1171 2789; baseline 0.002 -22"><span class='ocrx_word' id='word_1_236' title='bbox 170 2720 237 2768; x_wconf 92' lang='lat' dir='ltr'>tum.</span> <span class='ocrx_word' id='word_1_237' title='bbox 261 2711 494 2787; x_wconf 89' lang='lat' dir='ltr'>procerissimum</span> <span class='ocrx_word' id='word_1_238' title='bbox 510 2710 652 2769; x_wconf 91' lang='lat' dir='ltr'>bominum</span> <span class='ocrx_word' id='word_1_239' title='bbox 666 2719 745 2769; x_wconf 90' lang='lat' dir='ltr'>aetas</span> <span class='ocrx_word' id='word_1_240' title='bbox 761 2719 858 2770; x_wconf 90' lang='lat' dir='ltr'>nostra</span> <span class='ocrx_word' id='word_1_241' title='bbox 875 2710 940 2769; x_wconf 92' lang='lat' dir='ltr'>divo</span> <span class='ocrx_word' id='word_1_242' title='bbox 955 2708 1073 2771; x_wconf 78' lang='lat' dir='ltr'>Claudio</span> <span class='ocrx_word' id='word_1_243' title='bbox 1091 2712 1171 2789; x_wconf 92' lang='lat' dir='ltr'>prin-</span> 
     </span>
     <span class='ocr_line' id='line_1_31' title="bbox 171 2792 1209 2874; baseline -0.001 -23"><span class='ocrx_word' id='word_1_244' title='bbox 171 2794 236 2870; x_wconf 89' lang='lat' dir='ltr'>cipe</span> <span class='ocrx_word' id='word_1_245' title='bbox 253 2792 412 2854; x_wconf 86' lang='lat' dir='ltr'>Gabbaram</span> <span class='ocrx_word' id='word_1_246' title='bbox 433 2796 546 2855; x_wconf 92' lang='lat' dir='ltr'>nomine</span> <span class='ocrx_word' id='word_1_247' title='bbox 569 2812 606 2852; x_wconf 84' lang='lat' dir='ltr'>ex</span> <span class='ocrx_word' id='word_1_248' title='bbox 621 2793 728 2853; x_wconf 79' lang='lat' dir='ltr'>Arabia</span> <span class='ocrx_word' id='word_1_249' title='bbox 751 2795 900 2857; x_wconf 84' lang='lat' dir='ltr'>advectum</span> <span class='ocrx_word' id='word_1_250' title='bbox 916 2806 995 2853; x_wconf 84' lang='lat' dir='ltr'>vr111</span> <span class='ocrx_word' id='word_1_251' title='bbox 1017 2794 1123 2874; x_wconf 89' lang='lat' dir='ltr'>pedum</span> <span class='ocrx_word' id='word_1_252' title='bbox 1140 2805 1209 2855; x_wconf 83' lang='lat' dir='ltr'>etro</span> 
     </span>
    </p>

    <p class='ocr_par' dir='ltr' id='par_1_10' title="bbox 128 2876 1255 3538">
     <span class='ocr_line' id='line_1_32' title="bbox 128 2876 1171 2957; baseline 0 -19"><span class='ocrx_word' id='word_1_253' title='bbox 128 2883 160 2938; x_wconf 73' lang='lat'>75</span> <span class='ocrx_word' id='word_1_254' title='bbox 169 2876 287 2937; x_wconf 90' lang='lat' dir='ltr'>totidem</span> <span class='ocrx_word' id='word_1_255' title='bbox 311 2879 456 2939; x_wconf 86' lang='lat' dir='ltr'>unciarum</span> <span class='ocrx_word' id='word_1_256' title='bbox 477 2878 556 2938; x_wconf 86' lang='lat' dir='ltr'>vidit.</span> <span class='ocrx_word' id='word_1_257' title='bbox 590 2878 673 2937; x_wconf 89' lang='lat' dir='ltr'>luere</span> <span class='ocrx_word' id='word_1_258' title='bbox 694 2876 746 2938; x_wconf 90' lang='lat' dir='ltr'>sub</span> <span class='ocrx_word' id='word_1_259' title='bbox 769 2878 835 2937; x_wconf 91' lang='lat' dir='ltr'>divo</span> <span class='ocrx_word' id='word_1_260' title='bbox 861 2877 993 2956; x_wconf 79' lang='lat' dir='ltr'>Angusto</span> <span class='ocrx_word' id='word_1_261' title='bbox 1019 2878 1171 2957; x_wconf 89' lang='lat' dir='ltr'>semipede</span> 
     </span>
     <span class='ocr_line' id='line_1_33' title="bbox 169 2960 1171 3041; baseline 0.004 -22"><span class='ocrx_word' id='word_1_262' title='bbox 169 2960 284 3034; x_wconf 82' lang='lat' dir='ltr'>addito,</span> <span class='ocrx_word' id='word_1_263' title='bbox 314 2980 433 3039; x_wconf 82' lang='lat' dir='ltr'>quorum</span> <span class='ocrx_word' id='word_1_264' title='bbox 457 2979 580 3041; x_wconf 87' lang='lat' dir='ltr'>corpora</span> <span class='ocrx_word' id='word_1_265' title='bbox 603 2964 665 3021; x_wconf 89' lang='lat' dir='ltr'>eius</span> <span class='ocrx_word' id='word_1_266' title='bbox 689 2962 818 3022; x_wconf 88' lang='lat' dir='ltr'>miraculi</span> <span class='ocrx_word' id='word_1_267' title='bbox 840 2964 931 3040; x_wconf 86' lang='lat' dir='ltr'>gratia</span> <span class='ocrx_word' id='word_1_268' title='bbox 954 2963 981 3021; x_wconf 91' lang='lat' dir='ltr'>iu</span> <span class='ocrx_word' id='word_1_269' title='bbox 1004 2962 1171 3024; x_wconf 91' lang='lat' dir='ltr'>conditorio</span> 
     </span>
     <span class='ocr_line' id='line_1_34' title="bbox 169 3045 1171 3107; baseline 0.002 -4"><span class='ocrx_word' id='word_1_270' title='bbox 169 3045 406 3106; x_wconf 84' lang='lat' dir='ltr'>Sallustianorum</span> <span class='ocrx_word' id='word_1_271' title='bbox 421 3046 647 3107; x_wconf 84' lang='lat' dir='ltr'>adseruabantur</span> <span class='ocrx_word' id='word_1_272' title='bbox 661 3046 817 3107; x_wconf 91' lang='lat' dir='ltr'>hortorum.</span> <span class='ocrx_word' id='word_1_273' title='bbox 841 3046 956 3105; x_wconf 87' lang='lat' dir='ltr'>Posioni</span> <span class='ocrx_word' id='word_1_274' title='bbox 972 3056 1001 3105; x_wconf 91' lang='lat' dir='ltr'>et</span> <span class='ocrx_word' id='word_1_275' title='bbox 1016 3046 1171 3106; x_wconf 88' lang='lat' dir='ltr'>Secundil-</span> 
     </span>
     <span class='ocr_line' id='line_1_35' title="bbox 169 3128 1171 3210; baseline 0.002 -23"><span class='ocrx_word' id='word_1_276' title='bbox 169 3128 214 3187; x_wconf 89' lang='lat' dir='ltr'>lae</span> <span class='ocrx_word' id='word_1_277' title='bbox 231 3137 312 3186; x_wconf 90' lang='lat' dir='ltr'>eraut</span> <span class='ocrx_word' id='word_1_278' title='bbox 327 3130 449 3189; x_wconf 91' lang='lat' dir='ltr'>uomina.</span> <span class='ocrx_word' id='word_1_279' title='bbox 472 3130 575 3190; x_wconf 88' lang='lat' dir='ltr'>eodem</span> <span class='ocrx_word' id='word_1_280' title='bbox 589 3130 724 3207; x_wconf 88' lang='lat' dir='ltr'>praeside</span> <span class='ocrx_word' id='word_1_281' title='bbox 739 3132 875 3190; x_wconf 90' lang='lat' dir='ltr'>minumus</span> <span class='ocrx_word' id='word_1_282' title='bbox 888 3130 973 3189; x_wconf 91' lang='lat' dir='ltr'>bomo</span> <span class='ocrx_word' id='word_1_283' title='bbox 989 3129 1060 3189; x_wconf 91' lang='lat' dir='ltr'>duos</span> <span class='ocrx_word' id='word_1_284' title='bbox 1074 3131 1171 3210; x_wconf 91' lang='lat' dir='ltr'>pedes</span> 
     </span>
     <span class='ocr_line' id='line_1_36' title="bbox 169 3210 1210 3291; baseline -0.002 -20"><span class='ocrx_word' id='word_1_285' title='bbox 169 3222 198 3271; x_wconf 88' lang='lat' dir='ltr'>et</span> <span class='ocrx_word' id='word_1_286' title='bbox 214 3210 337 3289; x_wconf 85' lang='lat' dir='ltr'>palmum</span> <span class='ocrx_word' id='word_1_287' title='bbox 353 3210 488 3290; x_wconf 79' lang='lat' dir='ltr'>Conopas</span> <span class='ocrx_word' id='word_1_288' title='bbox 503 3215 616 3272; x_wconf 91' lang='lat' dir='ltr'>nomine</span> <span class='ocrx_word' id='word_1_289' title='bbox 632 3215 660 3271; x_wconf 95' lang='lat' dir='ltr'>in</span> <span class='ocrx_word' id='word_1_290' title='bbox 676 3212 787 3272; x_wconf 88' lang='lat' dir='ltr'>deliciis</span> <span class='ocrx_word' id='word_1_291' title='bbox 807 3210 896 3273; x_wconf 89' lang='lat' dir='ltr'>iuliae</span> <span class='ocrx_word' id='word_1_292' title='bbox 912 3215 1006 3291; x_wconf 91' lang='lat' dir='ltr'>neptis</span> <span class='ocrx_word' id='word_1_293' title='bbox 1023 3216 1084 3275; x_wconf 90' lang='lat' dir='ltr'>eius</span> <span class='ocrx_word' id='word_1_294' title='bbox 1102 3214 1170 3291; x_wconf 77' lang='lat' dir='ltr'>tutu,</span> <span class='ocrx_word' id='word_1_295' title='bbox 1182 3226 1210 3269; x_wconf 84' lang='lat' dir='ltr'>ss</span> 
     </span>
     <span class='ocr_line' id='line_1_37' title="bbox 169 3293 1255 3373; baseline 0.005 -20"><span class='ocrx_word' id='word_1_296' title='bbox 169 3305 198 3353; x_wconf 92' lang='lat' dir='ltr'>et</span> <span class='ocrx_word' id='word_1_297' title='bbox 210 3293 310 3354; x_wconf 90' lang='lat' dir='ltr'>mulier</span> <span class='ocrx_word' id='word_1_298' title='bbox 325 3294 509 3355; x_wconf 83' lang='lat' dir='ltr'>Andromeda</span> <span class='ocrx_word' id='word_1_299' title='bbox 526 3296 627 3356; x_wconf 88' lang='lat' dir='ltr'>liberta</span> <span class='ocrx_word' id='word_1_300' title='bbox 643 3295 731 3355; x_wconf 87' lang='lat' dir='ltr'>iuliae</span> <span class='ocrx_word' id='word_1_301' title='bbox 745 3296 902 3373; x_wconf 79' lang='lat' dir='ltr'>Augustae.</span> <span class='ocrx_word' id='word_1_302' title='bbox 930 3298 1050 3357; x_wconf 83' lang='lat' dir='ltr'>Manium</span> <span class='ocrx_word' id='word_1_303' title='bbox 1066 3296 1171 3358; x_wconf 79' lang='lat' dir='ltr'>bianu-</span> <span class='ocrx_word' id='word_1_304' title='bbox 1254 3312 1255 3358; x_wconf 86' lang='lat' dir='ltr'>t</span> 
     </span>
     <span class='ocr_line' id='line_1_38' title="bbox 168 3374 1172 3456; baseline 0.007 -21"><span class='ocrx_word' id='word_1_305' title='bbox 168 3394 241 3435; x_wconf 88' lang='lat' dir='ltr'>mum</span> <span class='ocrx_word' id='word_1_306' title='bbox 258 3386 286 3435; x_wconf 87' lang='lat' dir='ltr'>et</span> <span class='ocrx_word' id='word_1_307' title='bbox 303 3374 340 3436; x_wconf 82' lang='lat' dir='ltr'>bl.</span> <span class='ocrx_word' id='word_1_308' title='bbox 359 3376 481 3437; x_wconf 82' lang='lat' dir='ltr'>Tullium</span> <span class='ocrx_word' id='word_1_309' title='bbox 500 3382 611 3456; x_wconf 86' lang='lat' dir='ltr'>equites</span> <span class='ocrx_word' id='word_1_310' title='bbox 628 3378 774 3439; x_wconf 86' lang='lat' dir='ltr'>Romanos</span> <span class='ocrx_word' id='word_1_311' title='bbox 789 3379 883 3439; x_wconf 87' lang='lat' dir='ltr'>binum</span> <span class='ocrx_word' id='word_1_312' title='bbox 899 3382 1058 3441; x_wconf 90' lang='lat' dir='ltr'>cubitorum</span> <span class='ocrx_word' id='word_1_313' title='bbox 1073 3384 1172 3442; x_wconf 87' lang='lat' dir='ltr'>fuisse</span> 
     </span>
     <span class='ocr_line' id='line_1_39' title="bbox 168 3458 1254 3538; baseline 0.01 -23"><span class='ocrx_word' id='word_1_314' title='bbox 168 3467 269 3516; x_wconf 89' lang='lat' dir='ltr'>auctor</span> <span class='ocrx_word' id='word_1_315' title='bbox 288 3470 333 3518; x_wconf 92' lang='lat' dir='ltr'>est</span> <span class='ocrx_word' id='word_1_316' title='bbox 353 3458 390 3518; x_wconf 89' lang='lat' dir='ltr'>bl.</span> <span class='ocrx_word' id='word_1_317' title='bbox 409 3460 521 3535; x_wconf 81' lang='lat' dir='ltr'>Varro,</span> <span class='ocrx_word' id='word_1_318' title='bbox 546 3470 574 3519; x_wconf 94' lang='lat' dir='ltr'>et</span> <span class='ocrx_word' id='word_1_319' title='bbox 598 3462 654 3538; x_wconf 92' lang='lat' dir='ltr'>ipsi</span> <span class='ocrx_word' id='word_1_320' title='bbox 676 3461 795 3522; x_wconf 88' lang='lat' dir='ltr'>vidimus</span> <span class='ocrx_word' id='word_1_321' title='bbox 819 3464 847 3521; x_wconf 93' lang='lat' dir='ltr'>in</span> <span class='ocrx_word' id='word_1_322' title='bbox 865 3464 967 3525; x_wconf 91' lang='lat' dir='ltr'>loculis</span> <span class='ocrx_word' id='word_1_323' title='bbox 984 3467 1171 3526; x_wconf 88' lang='lat' dir='ltr'>adservatos.</span> <span class='ocrx_word' id='word_1_324' title='bbox 1253 3534 1254 3537; x_wconf 8' lang='grc' dir='ltr'><strong>Ἴ</strong></span> 
     </span>
    </p>
   </div>
   <div class='ocr_carea' id='block_1_3' title="bbox 0 0 1276 3842">
    <p class='ocr_par' dir='ltr' id='par_1_11' title="bbox 0 0 1276 3842">
     <span class='ocr_line' id='line_1_40' title="bbox 0 0 1276 3842; baseline 0 0"><span class='ocrx_word' id='word_1_325' title='bbox 0 0 1276 3842; x_wconf 95' lang='lat' dir='ltr'> </span> 
     </span>
    </p>
   </div>
  </div>
 </body>
</html>
