2542 3842
140 112 200 203 ¹⁰².
478 122 507 205 οτ
527 110 625 171 durni
639 121 789 172 saccum

134 277 239 343 tabulis
261 295 295 339 ac
315 293 470 335 numeroso
493 285 575 335 suctu
590 276 692 351 trabit,
706 294 772 335 eum
800 276 829 335 in
848 276 1004 353 naufragos
1022 278 1145 343 urinan-=

133 364 207 423 tisve
223 363 358 439 impeturn
376 360 463 442 cepit.
493 360 587 419 sedai
604 362 771 434 invertatur,
796 359 978 437 elanguescit
991 360 1046 419 vis.
1083 379 1134 422 ex-

133 446 283 529 porrigunt
299 445 373 505 auim
389 462 422 505 se
437 444 604 522 resupinati.
636 452 735 503 cetera
759 461 834 521 quae
853 444 930 505 idem
943 440 1042 504 retulit
1054 462 1134 509 nran-

90 540 196 595 snstro
221 530 361 611 propiora
378 537 500 611 possunt
522 528 625 587 videri.
662 526 795 588 Carteiae
811 529 839 592 in
862 528 977 587 cetariis
999 527 1134 596 adsuetus

134 616 215 677 exire
232 614 332 676 emani
348 614 376 673 in
394 612 474 675 lacus
493 629 592 673 eorum
607 621 726 691 apertos
741 621 826 689 atque
841 610 881 671 ibi
892 612 1067 676 salsamenta
1081 631 1159 693 pos

133 698 291 783 palaris-
301 697 374 759 mire
392 694 523 759 omnibus
537 696 653 757 marinis
665 694 870 777 expetentibus
886 696 1006 757 odorem
1017 714 1134 777 quoque

134 800 244 857 eorum,
261 800 317 863 qua
332 780 368 845 de
383 798 471 841 causa
487 788 516 841 et
530 780 622 843 nassis
643 779 932 855 abnuendamue,
951 815 988 823 —
1011 798 1150 842 conver·-

133 866 165 926 tit
181 868 210 927 in
227 882 259 925 se
281 864 431 927 custodum
456 864 682 941 indignationem
703 862 874 926 adsiduitate
897 864 966 925 iurti
988 864 1132 926 inmodici.

133 968 240 1033 saepes
256 957 338 1013 erant
351 948 505 1025 obiectae,
524 948 580 1011 sed
594 948 648 1011 bas
669 947 894 1012 uuuscendebat
915 967 969 1027 per
987 947 1133 1023 arborem,

133 1053 189 1097 nee
206 1032 385 1113 deprehendi
405 1033 499 1113 potuit
525 1032 579 1093 nisi
602 1051 703 1095 canum
722 1032 892 1111 sagacitate.
920 1032 951 1093 bi
964 1032 1168 1094 redeuntemro

134 1119 345 1184 circumvasere
367 1125 472 1193 noctu,
500 1118 665 1197 concitique
693 1117 830 1178 custodes
853 1134 1002 1195 expavere
1025 1119 1134 1177 novita-

133 1212 200 1265 tem.
228 1203 349 1283 primurn
371 1201 493 1261 omnium
514 1200 899 1279 magnitudomauditacrat.
931 1200 1035 1261 deiude
1052 1202 1135 1263 color

134 1288 224 1351 muria
246 1284 328 1345 obliti
349 1284 441 1348 odore
464 1284 527 1347 diri.
559 1288 622 1362 quis
644 1285 683 1346 ibi
705 1283 852 1363 polypum*
866 1294 1069 1365 exspectasset
1086 1294 1135 1345 aut

134 1372 174 1431 ita
190 1365 407 1449 cognoscereet
424 1387 487 1430 curn
501 1378 629 1429 monstro
644 1369 782 1429 dimicare
796 1367 852 1428 sibi
863 1363 1041 1431 videbantur.
1057 1388 1134 1431 uam·
1158 1436 1171 1455 l

135 1473 191 1535 que
208 1464 237 1515 et
252 1453 357 1517 adflatu
377 1452 500 1514 terribili
520 1454 607 1513 canes
623 1451 738 1531 agebat,
760 1471 835 1512 nune
853 1454 991 1529 extremis
1004 1453 1135 1514 crinibus
1143 1467 1166 1509 rs

133 1538 314 1617 flagellatos,
336 1554 412 1597 nunc
431 1535 642 1597 robustioribus
665 1535 809 1598 bracchiis
831 1536 976 1597 clavarum
990 1538 1075 1597 modo
1094 1538 1135 1597 in·

92 1632 257 1695 mousson,
287 1638 435 1699 aegreque
463 1620 558 1681 multis
579 1615 748 1679 tridentibus
765 1619 881 1701 ¹conlici
904 1621 1007 1698 potuit.
1038 1618 1133 1682 osten·

136 1704 206 1769 dere
221 1702 342 1770 Lucullo
358 1712 444 1783 caput
464 1704 526 1763 eius
547 1700 606 1763 doli
622 1702 816 1779 magnitudine
831 1702 1031 1781 amphorarum
1055 1705 1132 1784 quiu-

135 1788 228 1849 decim
256 1804 349 1864 capax
372 1795 470 1864 atquc,
488 1795 517 1845 ut
542 1787 632 1867 ipsius
658 1784 746 1845 Trebi
771 1785 868 1856 uerbis
894 1794 972 1861 utar,
995 1786 1136 1849 barbas

136 1888 226 1951 quas
248 1870 308 1931 vix
331 1879 492 1948 utroque
514 1868 693 1931 bracchio
717 1870 912 1950 conplecti
935 1879 1041 1929 esset
1063 1872 1168 1933 cla-aa

134 1952 1136 2031 varummcdotorosas‚longaspedumtriceuum,ace·

135 2037 280 2102 tabulis
304 2038 386 2103 siue
411 2036 588 2101 caliculis
609 2036 806 2099 urnalibus
828 2038 991 2116 pelvium
1018 2038 1144 2114 modo,
1249 2055 1250 2108 f

135 2120 259 2182 dentis
281 2122 529 2201 magnitudini
557 2122 831 2199 respondentis.
865 2122 1006 2202 reliquiae
1034 2122 1135 2182 adser-

133 2202 374 2269 vatae'miraaulo
395 2207 564 2287 pependere
588 2205 684 2285 pondo
711 2218 789 2267 nce·
819 2206 942 2284 Saepias
963 2224 1081 2286 qnoque
1106 2215 1135 2265 et
1249 2141 1251 2284 b

135 2290 282 2371 lolligines
305 2291 434 2351 eiusdem
454 2288 655 2367 magnitudinis
676 2290 812 2370 expulsas
834 2292 863 2349 in
882 2290 956 2352 litus
973 2288 1045 2351 illud
1058 2288 1166 2353 idemne
1221 2323 1227 2333 =
1249 2287 1250 2372 l

134 2384 304 2439 auctorest.
334 2374 363 2430 in
389 2382 489 2433 nostro
509 2374 580 2432 mari
602 2374 750 2449 lolligines
771 2374 885 2452 quinum
902 2372 1063 2435 cubitorum
1085 2392 1129 2436 ca·
1249 2377 1250 2406 ¹

135 2461 259 2539 piuntur‚
275 2457 394 2533 saepiae
410 2454 513 2517 binum.
537 2474 631 2535 neque
648 2456 692 2516 bis
707 2456 812 2517 bimatu
827 2457 942 2534 longior
959 2459 1026 2520 vita.
1043 2462 1047 2469 ’
1188 2460 1196 2479 ’

92 2550 127 2605 94
201 2540 284 2617 (49.)
301 2530 487 2617 'Navigcram
508 2540 719 2601 similitudinem
746 2548 775 2599 et
800 2540 884 2601 aliam
904 2540 935 2601 in
955 2536 1130 2621 Propontide
1249 2533 1250 2604 l

134 2628 223 2687 visam
237 2621 291 2683 sibi
313 2622 438 2705 prodidit
453 2622 606 2685 blutianus:
631 2624 770 2683 ooncbarn
792 2643 859 2685 esse
879 2625 963 2684 acatd
977 2624 1062 2685 ruodo
1082 2639 1129 2685 ca·

134 2711 269 2783 cinctam,
292 2706 399 2773 inflexa
415 2725 530 2789 puppe,
551 2724 639 2785 prora
665 2716 799 2768 rostrata.
832 2710 862 2769 ln
884 2706 940 2769 bac
960 2710 1044 2770 condi
1063 2725 1170 2768 nau-ao

134 2790 238 2869 plium,
262 2791 365 2855 animal
382 2793 501 2873 saepiae
517 2790 625 2864 simile,
648 2790 765 2852 ludendi
784 2792 926 2852 societate
953 2792 1026 2852 sola.
1060 2792 1133 2852 duo-

132 2872 187 2939 bus
204 2874 261 2937 boc
282 2876 345 2939 fieri
364 2872 532 2955 generibus.
563 2874 716 2955 tranquillo
742 2876 816 2938 enim
831 2885 981 2937 uectorem
1000 2873 1135 2939 demissis

133 2958 265 3037 palmulis
281 2958 371 3021 ferire
387 2969 418 3021 ut
432 2961 530 3035 remis,
548 2960 571 3019 si
588 2976 659 3021 vero
677 2958 761 3021 flatus
776 2960 887 3036 invitet,
903 2959 1021 3022 easdem
1034 2962 1064 3019 in
1080 2977 1136 3019 usu
1249 2967 1250 3020 t

132 3041 322 3121 gubernaculi
343 3044 454 3125 porrigi
474 3042 618 3122 pandique
640 3042 894 3125 buccarum-sinus
919 3062 1015 3104 aurae.
1050 3043 1138 3104 buius
1249 3065 1250 3082 ¹

132 3126 310 3206 uoluptatem
330 3144 398 3189 esse
419 3134 450 3187 ut
465 3126 556 3201 ierat,
581 3127 657 3186 illius
673 3135 704 3185 ut
723 3136 823 3204 regat,
845 3126 988 3205 simulque
1005 3146 1069 3187 earn
1083 3126 1171 3193 ἀει-,ῃ

134 3211 276 3285 scandere
297 3212 325 3271 in
347 3210 403 3271 duo
421 3228 509 3271 sensu
528 3210 671 3285 carentia,
691 3210 746 3269 nisi
767 3210 843 3272 forte
859 3211 933 3270 tristi
949 3246 990 3260 -
1012 3210 1041 3271 id
1057 3212 1135 3272 enirn

134 3303 246 3353 constat
261 3328 302 3341 ψ
317 3293 411 3352 omine
428 3294 619 3371 navigantium
634 3292 754 3353 bumana
767 3293 914 3357 calamitas
931 3295 959 3353 in
976 3303 1132 3356 causaest.

90 3380 124 3435 95
194 3376 277 3455 (50.)
300 3376 441 3436 Locustae
457 3385 551 3437 crusta
565 3375 662 3453 fragili
671 3377 831 3438 muniuntur
842 3378 871 3439 in
885 3396 1040 3460 ecgenere
1054 3376 1135 3459 quad
