2542 3842
166 137 223 199 106
536 147 565 195 c.
589 146 686 195 nurru
704 123 854 195 eucuxbr
886 183 890 190 .

60 376 63 384 ¹
160 303 302 363 Berenice
323 301 395 362 urbe
411 300 657 378 Trogodytarum,
679 301 755 361 unde
775 299 875 361 stadiis
895 298 1029 377 quattuol·
1041 298 1158 361 milibus

160 384 319 445 Dcccxx
333 386 361 443 in
378 385 479 445 eadem
494 396 581 463 gente
596 384 778 445 Ptolemaide
791 384 918 461 oppido,
941 384 1019 460 quod
1039 384 1067 441 in
1083 401 1157 442 mar-

160 471 228 545 gine
243 468 322 527 rubri
341 469 427 528 maris
444 469 480 529 ad
502 471 610 547 primos
633 468 853 546 elephantorum
872 476 994 527 venatus
1014 467 1158 526 conditum
1263 500 1265 509 ·

161 561 223 626 est,
240 550 297 611 hoc
312 553 388 612 idem
404 561 468 611 aute
485 552 636 612 solstitium
652 551 847 628 quadragenis
862 551 955 627 quinis
971 550 1075 609 diebus
1091 550 1157 610 toti-

161 636 284 735 demque
299 644 402 713 postea
418 635 490 709 lieri,
507 643 536 693 et
553 651 606 711 per
621 652 673 693 eos
688 632 740 693 XC
757 634 818 693 dies
834 634 862 692 in
876 634 1026 693 meridiem
1041 632 1180 696 umbrass

119 730 171 784 184
182 720 247 779 iaci
273 737 371 777 rursus
387 720 414 776 in
431 718 532 777 Meroe
548 717 656 793 (insula
673 716 747 775 haec
770 726 913 793 caputque
931 718 1027 792 gentis
1038 715 1158 776 Aethio·

162 821 227 882 pum
242 802 367 880 quinque
382 801 495 860 milibus
512 801 631 860 stadium
644 817 659 859 a
672 800 793 873 Syene
785 818 814 857 ιιι
825 817 907 858 arnna
918 798 984 858 Nilo
1000 798 1167 877 habitatur)

160 886 206 945 bis
221 902 294 945 anuo
315 884 424 945 absumi
439 883 571 957 umbras,
595 883 659 943 sole
679 881 943 956 duodevicesimam
959 882 1032 941 tauri
1069 890 1160 942 artem

161 978 190 1029 et
208 967 478 1046 quartamdecimam
493 966 586 1025 leonis
605 969 765 1045 optinente.
792 964 825 1024 ln
838 964 918 1025 ludia
935 974 1024 1041 gente
1041 900 1160 1024 (Motum

160 1068 242 1111 mous
260 1058 305 1109 est
322 1048 432 1109 Maleus
456 1051 570 1109 nominc
591 1051 669 1110 iuxta
693 1067 777 1127 quem
798 1049 917 1140 umbrae
935 1056 1046 1109 aestate
1067 1049 1096 1107 iu
1110 1066 1158 1108 au·
1170 1068 1198 1107 ro

162 1143 267 1208 strum,
287 1132 426 1193 hiemem
441 1135 670 1231 septentrionem
692 1134 841 1192 iaciuntur.
851 1125 1036 1211 quindecim
1053 1140 1159 1193 tantum
1263 1175 1265 1217 ἱ

158 1217 294 1277 noctibus
306 1217 346 1277 ibi
359 1218 480 1298 adparet
494 1219 665 1296 septentrio.
690 1216 723 1276 ln
738 1215 840 1305 eadeqn
854 1215 934 1276 ludia
945 1214 1062 1290 Patalis,
1081 1215 1160 1275 cele·

161 1301 287 1362 berrimo
305 1310 431 1379 portu,
417 1301 462 1361 sol
478 1303 581 1362 dexter
596 1303 695 1376 oritur,
712 1295 854 1360 umbrae
845 1318 875 1356 ru
885 1299 1035 1358 meridiem
1046 1298 1159 1358 cadunt.

120 1395 170 1451 185
182 1383 416 1479 Septentrionem
431 1384 471 1442 ibi
487 1384 655 1444 Alexandro
669 1391 799 1441 morante
814 1382 978 1441 adnotatum
995 1382 1085 1478 prima
1100 1390 1160 1443 tan·

162 1478 219 1529 tum
235 1464 317 1545 parte
335 1467 428 1525 noctis
444 1466 565 1542 adspici.
594 1465 782 1539 Onesicritus,
802 1464 902 1524 dux'
875 1483 948 1539 erus,
964 1464 1082 1541 scripsit
1099 1465 1160 1543 qui·
1170 1486 1199 1526 15

162 1550 216 1611 bus
232 1552 261 1609 iu
276 1548 350 1609 loeis
364 1548 462 1609 lndiae
486 1547 603 1615 umbrae
624 1564 683 1606 uon
697 1548 754 1605 sint
777 1548 1003 1623 septentrionem
1019 1564 1076 1605 non
1093 1566 1161 1607 con·

163 1634 247 1711 spici,
264 1641 292 1690 et
308 1650 343 1691 ea
359 1632 425 1691 loca
442 1630 585 1709 appellari
600 1631 689 1704 ascia,
704 1647 760 1689 nec
774 1628 862 1689 horas
877 1629 1048 1690 dinumerari
1062 1628 1113 1687 ibi.

188 1712 198 1719 '
227 1715 276 1773 74.
301 1714 383 1793 (76.)
405 1713 442 1773 Et
464 1722 523 1774 tota
547 1712 744 1789 Trogodytice
770 1712 886 1773 umbras
906 1712 950 1772 bis
964 1712 1162 1790 quadraginta
1263 1729 1265 1742 ·

165 1799 290 1876 quinque
308 1796 409 1857 diebus
427 1798 456 1857 in
478 1813 554 1858 anuo
571 1795 787 1858 Eratosthenes
808 1797 837 1856 in
858 1798 1031 1857 contrarium
1053 1796 1161 1857 cadere
1263 1827 1265 1832 ·

185 1880 300 1941 rddidit.
1170 1902 1200 1939 ao

122 1899 182 2034 186
235 1964 284 2023 75.
305 1963 387 2042 (77.)
405 1964 453 2023 Sic
469 1964 500 2023 iit
514 1973 544 2023 ut
558 1964 638 2025 vario
655 1963 729 2024 lucis
744 1963 923 2023 incremento
940 1963 969 2022 in
983 1961 1084 2023 Meroe
1101 1964 1163 2023 lon·
1263 2023 1265 2038 ,

162 2047 298 2125 gissimus
322 2047 384 2107 dies
405 2046 460 2107 XII
479 2047 566 2109 horas
589 2048 809 2126 aequinoctialis
830 2056 859 2106 et
880 2056 948 2105 octo
969 2046 1060 2125 partis
1081 2047 1164 2105 unius
1263 2083 1265 2116 ;

163 2132 254 2191 horae
271 2129 405 2207 colligat,
427 2131 622 2192 Alexandriae
643 2148 716 2190 vero
730 2129 812 2191 Xllll
828 2129 932 2206 horas,
955 2131 984 2188 in
1000 2128 1081 2190 ltalia
1096 2129 1162 2206 XV,
1263 2123 1265 2148 '

50 2270 52 2273 .
125 2264 126 2269 ,
163 2216 193 2274 in
209 2214 352 2275 Britannia
365 2212 456 2291 XVll,
474 2214 648 2275 ubiaestate
665 2214 778 2276 lucidae
794 2222 897 2273 noctes
911 2213 980 2273 haut
993 2212 1079 2273 dubie
1096 2230 1163 2291 pro·

164 2300 276 2359 mittunt
296 2297 326 2357 id
348 2298 521 2375 quodcogit
541 2300 614 2358 ratio
633 2298 730 2372 credi,
751 2297 856 2357 solstiti
877 2296 981 2356 diebus
1002 2296 1162 2355 accedente
1172 2316 1203 2357 aa

165 2382 229 2439 sole
250 2380 373 2456 propius
388 2384 527 2438 verticem
547 2380 643 2439 mundi
663 2388 786 2454 angusto
807 2379 881 2437 lucis
902 2379 1008 2439 ambitu
1032 2378 1164 2439 subiecta

165 2473 265 2537 terrae
287 2462 438 2521 continuos
458 2462 521 2521 dies
544 2459 654 2523 habere
675 2462 754 2519 senis
776 2460 940 2535 mensibus,
962 2470 1123 2540 noctesque
1146 2480 1163 2521 e

124 2553 174 2609 187
187 2546 303 2605 diverso
321 2543 356 2603 ad
371 2543 499 2603 brumam
514 2551 636 2603 remoto.
670 2542 755 2615 Quod
772 2542 836 2602 lieri
850 2544 984 2603 ininsula
1001 2544 1093 2619 Thyle
1108 2544 1164 2619 Py·

164 2628 249 2691 theas
264 2624 454 2685 Massiliensis
474 2626 575 2686 scribit
597 2644 652 2685 sex
666 2626 776 2686 dierum
798 2628 980 2703 navigatione
996 2627 1025 2683 in
1044 2636 1178 2704 septen·-

165 2706 320 2769 trionem'a
335 2709 479 2769 Britannia
499 2711 638 2785 distante,
661 2709 775 2787 quidam
789 2726 860 2769 vero
882 2711 955 2768 etin
968 2709 1068 2784 Mona,
1087 2725 1202 2786 quaeao
1231 2721 1233 2724 ·
1263 2731 1265 2776 t

122 2794 252 2863 distat
273 2812 288 2852 a
306 2791 480 2854 Camalduno
496 2792 658 2854 Britanniae
681 2792 791 2871 oppido
807 2792 925 2853 circiter
945 2792 1078 2852 ducentis
1091 2792 1165 2853 mili-

165 2876 231 2953 bus,
247 2877 402 2937 adfirmant.
1263 2867 1265 2880 '

230 2960 279 3021 76.
297 2958 379 3038 (78.)
396 2958 566 3019 Umbrarum
583 2959 658 3018 hanc
670 2959 811 3021 radonem
828 2966 859 3017 et
872 2975 957 3035 quam
973 2964 1080 3016 vocant
1092 2974 1166 3034 gno-
1263 2989 1264 3036 ι

166 3042 300 3103 morricen
315 3042 422 3102 invenit
439 3041 635 3101 Anaximenes
649 3041 794 3114 Milesius,
817 3040 1021 3099 Anaximandri
1037 3040 1091 3116 (de
1107 3059 1166 3118 quo

135 3152 157 3187 ar
171 3125 306 3201 diximus)
330 3124 504 3202 discipulus,
529 3126 695 3202 primusque
720 3123 903 3197 horologium
926 3122 1003 3201 quod
1018 3122 1205 3200 appellantes

169 3206 365 3267 sciothericon
378 3206 596 3267 Lacedaemone
613 3207 747 3267 ostendit.

127 3298 178 3353 188
239 3290 288 3348 77.
306 3288 389 3366 (79.)
405 3287 501 3365 lpsum
517 3290 594 3350 diem
609 3290 657 3350 alii
675 3289 759 3349 aliter
774 3288 981 3349 observavere.
1013 3286 1168 3362 Babylonii

170 3373 244 3435 inter
265 3371 337 3430 duos
359 3370 430 3431 solis
456 3382 592 3451 exortus,
621 3372 817 3433 Athenienses
839 3373 913 3433 inter
934 3372 1007 3431 duos
1029 3388 1167 3447 occasus,
