2542 3842
155 172 212 234 134
525 182 556 235 c.
577 184 673 232 aurun
693 175 842 233 succuum

151 339 221 399 lluit.
239 340 332 400 tenuis
346 340 438 419 primo
453 354 510 399 nec
524 339 579 398 nisi
594 338 713 418 piscinis
730 340 894 399 conrivatus
905 340 1085 419 emissusque
1096 359 1146 403 na·

152 423 297 501 vigabilis,
314 424 396 484 sicuti
412 421 493 483 Tinia
508 431 537 482 et
553 421 651 483 Glanis
666 422 818 483 induentes
833 425 861 482 in
877 441 953 500 euru,
968 437 1146 485 novenorum

151 508 190 567 ita
212 506 501 585 conceptudierum,
527 506 552 567 si
575 524 633 567 non
656 506 791 567 adiuvent
807 507 924 567 imbres.
957 509 1018 569 Sed
1033 507 1146 568 Tiberis

152 599 275 669 propter
286 607 391 670 aspem
403 599 432 650 et
447 588 622 667 confragosa
633 610 671 650 ne
686 592 729 651 sic
744 591 858 671 quidem
872 600 1075 671 praeterquam
1089 602 1145 654 trae

48 712 51 715 -
152 673 238 733 bibus
252 676 349 734 velius
365 692 448 753 quarn
463 673 571 733 ratibus
587 674 675 751 louge
690 675 823 735 meabilis
837 675 943 750 fertur,
965 693 1020 753 per
1034 686 1168 741 centuni

152 758 356 837 quinquaginta
376 758 454 823 milia
476 775 611 835 passuum
632 774 690 817 nou
711 757 814 835 procul
832 758 950 818 Tiferno
970 758 1146 838 Perusiaque

152 849 182 900 et
198 840 351 916 Ocriculo,
373 840 515 900 Etruriam
530 840 566 901 ab
582 839 697 900 Umbris
714 858 748 900 ac
764 841 893 916 Sabinis,
916 858 985 902 mox
1001 844 1073 902 citra
1088 852 1146 902 tre·

152 924 246 984 decim
269 924 345 984 milia
366 941 501 1001 passuum
524 923 604 985 urbis
623 924 777 984 Veientem
797 943 896 1003 agrum
916 944 933 985 a
954 922 1146 1001 Crustumino,

110 1008 219 1075 54deiu
235 1007 403 1067 Fidenatem
422 1005 641 1087 Latinumquea
661 1007 801 1069 Vaticano
825 1009 975 1085 dirimens,
998 1010 1051 1069 sed
1073 1010 1147 1069 inira

152 1090 316 1150 Arretinum
328 1089 438 1151 Glanim
459 1089 572 1152 duobus
594 1100 623 1152 et
634 1092 823 1171 quadraginta
834 1092 1048 1169 duviisauctns,
1062 1110 1180 1172 prae-10

81 1187 85 1199 ’
153 1175 245 1253 cipuis
261 1183 355 1234 autem
369 1174 447 1235 Nare
464 1183 494 1235 et
510 1174 641 1253 Aniene,
666 1178 714 1256 qui
730 1187 760 1236 et
774 1179 838 1256 ipsc
854 1177 1025 1255 navigabilis
1040 1175 1147 1237 Latium

113 1311 118 1323 ,
150 1258 270 1318 includit
291 1276 307 1317 a
328 1267 432 1336 tergo,
456 1276 513 1319 nec
532 1260 624 1319 miuus
643 1269 740 1321 tamen
761 1263 844 1340 aquis
863 1278 899 1321 ao
920 1260 1104 1321 totiontibus
1118 1262 1148 1319 in

145 1341 253 1403 urbem
264 1341 423 1421 perductis,
440 1352 469 1403 et
480 1343 548 1403 ideo
561 1343 718 1423 quamlibet
728 1362 893 1421 magnarum
902 1346 1015 1404 navium
1027 1362 1066 1404 ex
1074 1343 1146 1404 ltalo

36 1500 38 1506 γ
151 1426 223 1485 mari
239 1442 348 1503 capax,
371 1443 468 1486 rerum
488 1428 517 1484 in
537 1435 598 1486 toto
615 1427 688 1488 orbe
704 1428 881 1487 nascentium
898 1436 1043 1488 mercator
1054 1428 1146 1506 placi·

154 1508 296 1582 dissimus,
315 1507 445 1585 pluribus
460 1526 552 1586 prope
569 1510 651 1569 solus
666 1526 750 1585 quarn
765 1512 857 1569 ceteri
873 1512 901 1569 iu
917 1510 1047 1569 omuibus
1062 1511 1180 1570 terricus

110 1598 250 1652 ttamnes
268 1592 409 1653 adcolitur
427 1592 641 1670 adspiciturque
660 1592 747 1652 villis.
773 1593 902 1672 nullique
925 1594 1075 1655 tuncrum
1096 1596 1146 1652 mi*

152 1694 203 1734 nus
221 1675 291 1734 licet
306 1676 424 1735 inclusis
440 1676 580 1753 utrimque
595 1675 744 1737 lateribus.
767 1694 824 1736 nec
838 1686 933 1739 tamen
947 1678 1011 1754 ipse
1027 1684 1146 1753 pugnat,

153 1775 322 1837 quamquam
341 1758 447 1817 creber
467 1775 502 1819 ac
525 1758 635 1819 subitus
655 1759 840 1820 incrementis
856 1769 885 1820 et
900 1778 1039 1839 nusquam
1053 1760 1147 1836 magis

151 1843 234 1919 aquis
259 1858 341 1919 quam
363 1842 390 1899 in
415 1842 478 1920 ipsa
493 1842 565 1901 urbe
582 1844 789 1920 stagnantibus.
820 1846 887 1923 quin
907 1846 992 1903 immo
1007 1852 1091 1903 vates
1105 1845 1145 1901 in·

4 1914 6 1918 ’
58 1991 64 1996 ,
151 1923 301 2001 tellegitur
322 1926 418 2003 potius
439 1944 474 1985 ac
495 1927 619 1986 monitor
640 1935 725 1987 auctu
746 1946 864 2007 semper
877 1928 1033 2004 religiosus
1048 1928 1181 1987 veriusac

72 2075 76 2085 f
110 2017 237 2087 aliquam
260 2026 375 2068 saevos.
406 2007 514 2071 Latium
535 2011 681 2089 antiquom
701 2010 834 2093 aTiheri
849 2009 983 2072 Circeios
1004 2020 1148 2085 seruatum

153 2099 197 2150 est
208 2090 328 2171 lilpass.
345 2091 366 2151 L
381 2092 568 2171 longitudine.
586 2104 643 2155 tam
657 2104 761 2155 tenues
776 2096 933 2175 primordio
948 2096 1051 2175 imperi
1065 2095 1148 2155 luere

151 2175 276 2236 radices.
306 2172 425 2238 Colonis
441 2196 531 2257 saepe
544 2180 657 2241 mutatis
673 2189 793 2240 tenuere
812 2181 861 2241 alii
875 2180 940 2241 aliis
955 2180 1147 2258 temporibus,

153 2258 349 2337 Aborigines,
376 2261 507 2339 Pelasgi,
531 2263 680 2339 Arcades,
707 2265 807 2339 Siculi,
830 2264 972 2339 Aurunci,
995 2263 1103 2339 Rutuli,
1118 2269 1149 2321 et

152 2343 226 2404 ultra
243 2343 375 2421 Circeios
389 2344 514 2421 Volsci,
527 2345 605 2421 Osci,
622 2345 775 2422 Ausones,
793 2348 868 2407 unde
884 2359 989 2408 nomeu
1002 2346 1063 2405 Lati
1079 2362 1182 2423 pro-ru

154 2427 243 2484 cessit
252 2425 296 2485 'ad
311 2426 395 2484 Lirim
411 2444 530 2485 amnem.
563 2428 594 2487 In
611 2430 754 2505 principio
772 2437 817 2488 cst
831 2428 912 2489 Ostia
928 2430 1042 2488 colonia
1056 2447 1074 2487 a
1088 2427 1145 2486 Ro·
1215 2455 1219 2464 ¹

153 2524 237 2567 mano
252 2525 324 2583 rege
341 2508 474 2583 deducta,
493 2509 628 2588 oppidum
643 2509 823 2585 Laurentum,
840 2510 922 2570 lucus
938 2510 1016 2571 lovis
1030 2509 1156 2586 ludige-v

153 2593 208 2666 tis,
232 2592 321 2651 amnis
338 2590 501 2667 Numicius,
521 2592 620 2652 Ardea
641 2592 774 2654 alianae
790 2593 890 2653 l'crsci
912 2604 1004 2656 matre
1020 2594 1144 2654 condita.

112 2674 146 2731 57
156 2675 222 2735 dein
237 2675 380 2754 quondam
391 2674 604 2753 Aphrodisium,
621 2675 735 2737 Antium
746 2676 872 2753 colonia,
883 2677 989 2738 Astura
1000 2678 1105 2737 humen
1116 2685 1147 2736 et

155 2760 265 2834 insula,
282 2758 383 2820 lluvius
397 2758 592 2839 Nymphaeus,
608 2758 724 2821 Clostra
737 2760 875 2837 Romana,
892 2759 988 2822 Circei
1002 2760 1145 2839 quondam
1155 2774 1183 2817 ao

155 2843 247 2903 insula
264 2844 393 2913 inmenso
408 2844 523 2922 quidem
539 2844 610 2904 mari
625 2846 810 2921 circumdata,
824 2854 856 2905 ut
872 2846 997 2905 creditur
1007 2845 1152 2919 Homero,

156 2934 185 2985 et
196 2945 271 2986 nunc
287 2928 414 3007 planitie.
440 2926 540 2989 Mirum
552 2938 597 2989 est
613 2930 691 3008 quod
707 2931 762 2990 hac
777 2929 814 2990 de
828 2948 861 2989 re
876 2929 992 2989 tradere
1004 2929 1146 2989 hominum

155 3012 274 3069 notitiae
290 3030 451 3087 possumus.
479 3012 706 3092 Theophrastus,
723 3014 770 3093 qui
781 3015 888 3092 primus
900 3023 1083 3074 externorum
1094 3012 1146 3071 ali·'

155 3110 213 3171 qua
228 3093 265 3153 de
280 3092 414 3155 Romanis
432 3097 594 3174 diligentius
610 3100 726 3176 scripsit
741 3099 820 3176 (uam
836 3096 1057 3176 Theopompus,
1079 3103 1145 3156 ante

92 3191 100 3201 ·
157 3194 341 3255 quemnemo
357 3182 529 3240 mentionem
546 3180 659 3256 habuit,
683 3181 784 3240 urbem
800 3182 943 3242 dumtaxat
961 3200 978 3241 a
993 3179 1083 3241 Gallis
1098 3191 1182 3240 caan

156 3268 234 3337 ptam
250 3260 329 3337 dixit,
346 3259 507 3323 clitarchus
522 3264 558 3323 ab
576 3280 612 3323 eo
628 3280 784 3341 proxumus
798 3265 973 3342 legationem
988 3272 1092 3323 tautum
1107 3260 1145 3319 ad

112 3340 349 3404 subterendum
360 3346 483 3420 missam,
499 3346 546 3406 hic
560 3348 616 3406 iarn
629 3347 695 3426 plus
712 3366 795 3427 quam
806 3357 836 3407 et
847 3348 949 3427 lama),
966 3346 1145 3408 Circeiorum

54 3480 58 3492 ,
155 3426 267 3488 insulae
286 3436 318 3490 et
333 3446 493 3490 menstruam
513 3433 610 3509 posuit
625 3431 718 3494 stadia
740 3433 887 3509 octogiuta
901 3433 931 3492 iu
947 3447 983 3491 eo
999 3427 1145 3490 volumine
