2542 3842
182 168 225 238 aa
529 176 559 224 o.
575 177 672 228 annau
688 174 838 226 secorbi

179 334 307 403 muribus
322 333 430 408 maior,
446 331 511 395 siue
525 331 636 407 oculis,
652 334 714 391 sine
727 329 803 409 pilu,
821 346 932 407 amnes
949 336 1057 390 tantruu
1073 330 1177 407 prorni-

180 429 257 484 nent.
301 420 375 483 banc
391 415 543 477 lambendo
559 416 698 495 paulatim
716 414 849 491 figurant.
893 414 1116 493 necquicquam
1132 432 1176 473 ru·

179 506 239 569 rius
256 502 341 581 quarn
355 503 518 581 parientem
532 501 633 561 videre
650 517 753 566 ursana.
791 500 859 560 ideo
874 516 969 559 mares
985 498 1177 577 quadragenis

140 596 187 653 lat
202 587 309 651 dicbus
325 587 430 661 latent,
454 585 577 645 feminae
601 584 749 663 quaternis
767 582 924 643 mansibus.
953 600 1067 661 specus
1081 584 1178 643 sinon

179 672 324 746 babuere3
348 688 496 752 ramorum,
512 668 702 745 fruticumque
726 669 864 744 congerie
887 666 1040 728 aedificant
1059 669 1198 745 inpane-s

179 755 289 819 trabrlis
308 754 447 819 imbribus
470 753 609 831 mollique
630 751 733 814 fronde
755 761 929 813 constratos.
960 752 1059 830 primis
1075 752 1177 814 diebus

179 840 226 901 bis
255 840 386 918 septenis
404 848 460 899 tarn
482 839 564 913 gravi
587 853 687 899 somno
712 844 876 915 premuntur
897 845 929 895 ut
949 854 987 897 ne
1008 836 1177 906 volneribus

180 923 294 1002 quidem
309 923 434 985 excitari
448 930 564 1001 queant.
608 930 675 982 tunc
689 921 791 981 mirum
803 922 832 981 iu
848 921 962 981 modum
977 929 1100 981 veterno
1115 923 1175 1001 pin·

144 1024 148 1031 '
179 1016 329 1085 fluescunt.
372 1006 414 1067 illi
431 1014 496 1065 sant
510 1006 612 1083 adipes
627 1004 862 1066 medicaminibus
876 1007 935 1083 apti
952 1015 1112 1085 contraque
1126 1006 1176 1067 de·

178 1092 295 1156 fluvium
315 1090 412 1169 capilli
432 1098 561 1151 tenaces
606 1089 696 1149 abiis
718 1089 821 1149 diebus
841 1090 970 1149 residunt
992 1107 1028 1149 ac
1049 1091 1176 1166 priorum
1187 1105 1210 1146 ιι

178 1174 284 1254 padum
306 1183 389 1237 suctu
411 1176 519 1243 virent,
552 1172 629 1233 fetus
651 1174 772 1249 rigentis
794 1174 981 1251 adprimendo
999 1175 1116 1252 pectori
1131 1174 1175 1234 io-

138 1270 266 1325 lassent
279 1276 336 1319 non
352 1258 409 1319 alio
425 1258 551 1320 incubitu
567 1274 652 1335 quarn
668 1257 704 1319 ad
721 1275 776 1317 ova
791 1257 938 1318 volucres.
970 1260 1072 1319 mirum
1087 1258 1175 1335 dicto,

179 1344 271 1407 credit
283 1342 503 1421 theophrastus
517 1359 570 1419 per
585 1342 661 1401 idem
676 1350 789 1420 tempus
801 1351 901 1403 coctas
914 1359 1030 1421 quoque
1043 1358 1176 1405 ursorum

179 1430 284 1501 carnis,
300 1429 324 1491 si
339 1427 540 1501 adserventur,
552 1426 730 1485 increscere.
757 1427 815 1487 cibi
825 1426 903 1485 nulla
916 1435 982 1485 tunc
994 1437 1174 1503 argumenta,

176 1530 232 1577 acc
249 1513 302 1573 nisi
317 1512 425 1572 umoris
437 1512 590 1571 minumum
605 1511 635 1571 in
650 1510 716 1570 alvo
731 1510 870 1586 inveniri,
887 1511 1034 1588 sanguinis
1049 1513 1172 1588 exiguas
1184 1526 1209 1569 ιι

137 1606 187 1661 129
199 1598 276 1655 circa
291 1591 379 1655 corda
393 1598 499 1655 tantum
510 1604 617 1671 guttas,
629 1592 745 1673 reliqna
760 1596 876 1674 corpori
891 1595 960 1655 nihil
975 1597 1082 1676 inesse.
1107 1613 1176 1674 pro·

177 1679 392 1754 coacervare,
415 1679 468 1739 sed
490 1697 586 1741 mares
606 1681 819 1756 praepingues,
843 1680 924 1739 cuius
944 1681 988 1739 rei
1012 1672 1099 1739 causa
1119 1698 1178 1739 non

177 1772 309 1841 prompta
333 1773 394 1837 est,
425 1764 533 1841 qnippe
555 1780 591 1823 ne
613 1779 715 1823 somno
736 1763 852 1840 quidem
874 1764 1029 1840 saginatis,
1058 1773 1179 1841 praeter

140 1867 175 1903 nr
187 1846 416 1923 quattuordecim
431 1847 511 1921 dias,
529 1857 559 1908 ut
573 1846 703 1905 diximus.
744 1856 889 1913 exeuntes
899 1846 1019 1907 herbam
1035 1848 1179 1926 quandam

175 1947 255 1991 arum
269 1932 383 1993 rnomine
407 1931 535 1991 laxandis
556 1931 699 1991 intestinis
713 1930 842 2009 alioquin
858 1933 1003 1991 concretis
1020 1931 1174 2007 devorant,
1186 1943 1214 1983 2⁰

175 2015 311 2093 circaque
327 2016 460 2075 surculos
476 2015 601 2075 dentium
615 2013 804 2092 praedomant
820 2033 948 2093 operam.
981 2016 1058 2077 oculi
1072 2033 1179 2075 eorum

132 2092 136 2102 ¹
175 2096 363 2175 hebetantur,
387 2118 443 2178 qus
465 2116 596 2161 nauare
613 2116 700 2159 eausa
715 2098 799 2158 favus
814 2108 956 2178 expetunt
969 2108 1001 2158 ut
1015 2100 1178 2180 convolne-

134 2188 186 2244 130
195 2192 286 2243 ratuni
303 2183 345 2245 ab·
357 2184 458 2263 apibus
474 2200 508 2245 os
522 2182 602 2243 levet
619 2184 757 2259 sanguine
772 2183 958 2260 gravedinem
973 2184 1060 2245 illam.
1090 2183 1179 2244 lnra·

174 2266 343 2328 lidissimum
357 2285 424 2329 urso
440 2276 537 2345 caput,
551 2267 629 2346 quod
645 2266 723 2326 leoni
739 2266 933 2329 fortissimum.
970 2268 1038 2328 ideo
1049 2278 1180 2344 urgente

172 2352 201 2410 ri
215 2352 433 2429 praecipitaturi
446 2369 480 2409 se
496 2369 534 2411 ex
548 2352 643 2429 aliqua
656 2368 729 2429 rupe
743 2351 873 2413 manibus
889 2370 925 2412 eo
943 2362 1047 2430 operto
1062 2354 1180 2411 iaciun-
1190 2368 1216 2409 as

173 2443 228 2509 ton
244 2452 388 2512 ac’saepe
402 2436 430 2493 iu
444 2435 551 2496 harena
565 2433 691 2511 colapho
708 2436 832 2495 infracto
848 2438 1050 2497 exanimantur.
1089 2454 1184 2495 cere·

173 2517 226 2577 bro
250 2518 421 2579 venabulum
441 2520 539 2579 inesse
561 2518 716 2596 Hispaniae
739 2520 875 2596 credunt,
898 2522 1124 2596 occisorumque
1149 2522 1186 2581 in

174 2602 350 2679 spectaculis
366 2604 461 2682 capita
477 2612 605 2665 cremant
626 2611 750 2677 testato,
772 2606 905 2681 quoniam
927 2613 1024 2682 potum
1046 2604 1075 2661 in
1097 2607 1186 2663 ursi·

131 2695 258 2749 lennem
273 2686 381 2746 rabiem
399 2697 474 2764 agat.
498 2686 700 2763 Ingrediuutur
715 2696 745 2748 et
758 2687 888 2766 bipedes.
924 2686 1060 2747 arborem
1072 2691 1186 2749 aversi

174 2770 324 2847 derepent.
340 2781 456 2831 'tauros
476 2790 514 2833 eu
536 2788 588 2831 ore
611 2770 805 2850 cornibusque
827 2788 926 2834 eorum
941 2770 1072 2836 omnibus
1088 2767 1220 2849 pedi-'a

173 2852 226 2913 bus
248 2857 383 2933 suspensi
404 2856 535 2936 pondere
561 2855 689 2932 fatigant.
725 2874 782 2917 nec
796 2856 881 2917 alteri
896 2855 1057 2917 animalium
1070 2858 1099 2927 in
1115 2874 1185 2917 ma·

173 2938 275 2998 leiloio.
289 2938 407 3001 stultitia
429 2940 587 3001 sollertior.
632 2939 790 3001 Annalibus
809 2950 935 3001 notatam
950 2948 996 3001 est
1010 2938 1048 2999 lt.
1065 2940 1186 3002 Pisone

137 3084 146 3093 ,
170 3020 208 3081 la
229 3022 356 3084 blessala
378 3042 455 3084 coss.
477 3042 503 3085 a.
527 3024 554 3084 d.
577 3036 665 3083 x1111.
688 3023 827 3085 kalendas
856 3024 992 3085 Octobris
1016 3023 1186 3085 Domitium

60 3132 62 3136 v
171 3104 394 3166 Ahenobarbum
416 3108 539 3169 aedilem
562 3107 690 3167 curulem
708 3125 793 3169 ursos
815 3107 983 3171 Numidicos
1007 3118 1123 3169 centurn
1149 3118 1187 3169 et

161 3188 291 3246 ,totidem
318 3200 474 3250 venatores
496 3191 658 3269 Aethiopas
680 3194 709 3250 in
732 3193 812 3251 circo
834 3192 961 3253 dedisse.
983 3194 1095 3252 miror
1126 3194 1224 3252 ad-es

172 3272 277 3329 iecorm
302 3270 468 3333 Numidicos
498 3275 606 3351 luisse,
641 3292 705 3334 cam
727 3276 756 3333 in
774 3275 876 3336 Africa
894 3294 991 3337 ursum
1011 3292 1069 3335 non
1089 3278 1186 3353 gigni

52 3369 57 3379 “
173 3362 295 3411 θθῐὶῦῑθῑ.

130 3442 205 3503 len·
254 3434 304 3500 37.
329 3436 413 3514 (55.)
436 3438 599 3497 conduntur
614 3440 709 3499 bieme
724 3452 755 3501 et
769 3442 880 3503 Pontici
894 3461 1007 3519 noma,
1023 3443 1188 3505 dumtaxat

773 3575 783 3613 i
