2542 3842
171 139 213 199 52
515 148 546 197 c.
563 150 659 197 emur
676 148 825 196 sacuam

171 302 296 379 virgulta
309 303 459 384 silvasque
471 306 645 383 penetravit,
657 305 800 363 acerrimo
815 305 900 361 cursu
911 301 1003 361 lertur
1012 300 1092 359 velut
1104 298 1165 359 abs·

171 387 315 447 condente
330 388 534 465 turpitudinem
558 388 636 449 loco.
670 387 734 446 dum
751 388 881 464 sequitur
895 385 982 445 insilit
1008 383 1092 459 saltu,
1112 400 1165 461 quc

128 472 200 534 tliu
214 470 282 547 lupa
301 487 359 529 nou
378 472 473 531 utitur.
506 473 681 531 volneratus
699 470 902 529 observatione
924 470 996 528 'mira
1013 486 1165 547 percusso-

170 572 232 613 rem
245 556 326 613 novit
343 564 374 614 et
387 557 416 615 in
431 556 607 634 quanmlibet
619 554 798 613 multitudiue
809 554 930 631 adpetit.
962 569 1104 611 eumvero
1121 552 1167 631 qui

170 638 260 699 telum
272 639 389 716 quidem
399 642 518 715 miserit,
532 641 586 700 sed
603 649 697 698 tamen
713 656 769 698 non
779 638 986 711 vulneraverit,
1001 644 1190 713 conreptumc

171 731 351 799 rotatumque
361 726 463 783 sternit
480 742 536 783 neo
548 724 690 783 voluerat.
708 740 771 782 cnm
787 739 840 801 pro
854 721 955 781 catulis
967 722 1026 781 leta
1042 722 1165 795 dimicat,

171 805 322 865 oculorum
336 808 429 866 aciem
445 808 566 867 traditur
580 807 711 883 deligere
729 808 756 866 in
772 816 887 878 terram,
909 823 945 865 ne
958 804 1101 864 venabula
1119 820 1166 862 er-

129 893 165 949 ⁵2
176 899 324 966 pavescat.
362 900 464 950 cetero
488 892 565 951 dolis
586 899 686 949 carent
707 898 737 950 et
752 890 934 967 suspicione,
958 908 1013 949 aec
1036 888 1109 947 limis
1128 890 1166 945 io-

173 982 287 1033 tuentur
307 974 400 1033 oeulis
422 976 573 1053 aspicique
593 974 679 1033 simili
694 975 779 1034 modo
795 973 903 1033 nolunt.
938 972 1075 1032 creditum
1092 981 1167 1031 esta

172 1058 313 1117 moriente
333 1057 446 1117 bumum
460 1059 586 1119 morderi
608 1059 812 1136 lacrimamque
834 1058 893 1117 leto
911 1058 981 1117 dari.
1009 1056 1199 1133 aequemus
1251 1082 1252 1101 2

172 1141 241 1215 tale,
256 1150 312 1201 tam
327 1158 447 1201 saevom
468 1142 572 1203 animal
588 1152 714 1202 rotarum
731 1140 819 1201 orbes
834 1142 999 1201 circumacti
1006 1157 1166 1217 currusque

172 1225 273 1285 inanes
293 1234 322 1283 et
340 1225 568 1301 gallinaceorum
589 1227 696 1286 cristae
716 1235 877 1303 cantusque
900 1227 985 1285 etiam
1004 1226 1096 1300 magis
1111 1233 1166 1283 ter·

172 1318 246 1383 rent,
268 1309 321 1368 sed
339 1327 472 1371 maxume
487 1312 580 1388 ignes.
603 1309 822 1388 Aegritudiuem
841 1309 938 1370 fastidi
950 1318 1056 1370 mutum
1071 1309 1167 1381 sentit,

172 1394 200 1452 in
214 1411 271 1471 qua
291 1393 423 1453 medetur
439 1396 467 1453 ei
485 1394 669 1468 contumelia,
689 1396 717 1454 iu
738 1393 846 1454 rabiem
868 1403 972 1471 agente
995 1394 1168 1452 adnexarum

172 1473 293 1537 lascivia
306 1476 459 1542 simiarum.
489 1487 621 1554 gustatus
634 1478 738 1537 deiude
754 1480 872 1554 sanguis
889 1481 917 1537 in
934 1477 1063 1537 remedio
1080 1484 1135 1535 est.
1178 1488 1202 1527 tu
1252 1512 1253 1569 p

83 1545 92 1557 ’
130 1569 165 1623 53
237 1558 322 1635 (20.)
349 1558 476 1621 Leonum
497 1562 581 1620 simul
602 1562 723 1639 plurium
747 1579 870 1639 pugnam
898 1561 1006 1621 Romae
1032 1562 1169 1639 princeps
1252 1572 1253 1579 ’

172 1642 250 1704 dedit
272 1642 417 1704 Scaevola
439 1643 469 1702 P.
493 1643 569 1703 lilius
590 1646 619 1703 in
640 1644 730 1703 curuli
750 1644 915 1719 aedilitate,
939 1654 1050 1703 centum
1075 1654 1170 1703 autem

172 1724 331 1785 iubatorum
346 1728 454 1802 primus
468 1729 591 1786 omniurn
607 1726 638 1786 L.
655 1727 745 1801 Sulla,
770 1728 817 1804 qui
838 1738 940 1805 postea
966 1730 1090 1787 dictator
1107 1728 1170 1801 luit,

172 1811 201 1869 iu
215 1816 359 1883 praetura.
391 1818 458 1886 post
472 1829 536 1869 eum
557 1810 713 1888 Pompeius
732 1809 852 1886 Magnus
872 1812 900 1869 iu
918 1813 997 1871 circo
1013 1824 1070 1884 ne,
1093 1812 1121 1869 in
1137 1813 1171 1871 iis

53 1897 55 1900 ·
172 1889 333 1953 iubatorum
348 1902 470 1968 coortu,
487 1891 598 1953 caesar
613 1895 736 1955 dictator
750 1906 843 1954 ocoo.
1109 1928 1116 1935 -
1180 1914 1202 1953 a
1253 1927 1254 1971 2

130 1984 166 2037 54
226 1973 324 2052 ¹(21.)
348 1973 463 2055 capere
480 1995 533 2037 eos
549 1977 630 2038 arderi
646 1988 709 2038 erat
723 1978 865 2056 quondam
883 1979 993 2056 operis,
1015 1979 1172 2059 foveisque

172 2076 315 2121 maxume.
357 2062 519 2139 principato
546 2058 649 2123 Claudi
671 2080 755 2123 casus
776 2064 914 2123 rationem
936 2063 1035 2141 docuit
1060 2064 1171 2140 puden·

173 2143 238 2205 dam
253 2161 346 2221 paene
362 2145 429 2206 talis
443 2145 526 2206 ierac
542 2148 667 2222 nomine,
682 2148 809 2225 pastoris
825 2166 842 2206 e
858 2146 1079 2223 Gaetulisvsago
1102 2165 1171 2207 con·

172 2236 217 2288 tra
231 2228 391 2304 ingruentis
407 2230 542 2307 impetum
557 2230 692 2306 obiecto,
721 2232 799 2309 quod
820 2231 1017 2310 spectaculum
1042 2234 1070 2289 io
1085 2230 1170 2290 bare·

171 2313 374 2389 namprotinus
382 2312 515 2373 tralatum
523 2322 578 2388 est,
590 2316 640 2373 vir
653 2315 785 2375 credibili
796 2314 882 2375 medo
894 2324 1080 2392 torpescente
1091 2323 1170 2374 uota
1183 2326 1207 2365 2⁵

173 2395 223 2455 illa
236 2395 367 2466 feritate,
393 2397 521 2471 quamvis
543 2395 600 2455 levi
616 2399 723 2458 iniectu
746 2408 850 2477 operto
879 2399 989 2475 capite,
1005 2400 1054 2458 ita
1074 2407 1104 2458 nt
1118 2398 1172 2457 de·

173 2479 314 2552 vinciatur
327 2492 385 2534 nou
400 2495 576 2555 repugnans.
605 2482 743 2541 videlicet
757 2483 847 2541 omnis
862 2484 906 2541 via
923 2491 1035 2541 constat
1052 2484 1079 2541 ln
1101 2498 1173 2541 ocu-

174 2563 221 2633 lis,
248 2575 307 2636 quo
319 2560 411 2620 minus
425 2563 526 2621 mirum
542 2566 610 2635 sita
624 2563 795 2639 Lysimacho
816 2563 973 2625 Alexandri
993 2568 1072 2625 iussn
1088 2567 1176 2627 sinum

131 2641 287 2710 scisciano
308 2645 515 2721 strangulatum
529 2646 654 2706 leonem.
691 2646 762 2725 lugo
785 2649 907 2710 subdidit
929 2666 981 2707 eos
1005 2652 1174 2729 primusque

175 2726 285 2789 Romae
301 2728 337 2787 ed
351 2747 466 2790 currum
483 2731 573 2789 iunxit
586 2730 625 2789 it.
641 2730 792 2809 Antonius,
815 2742 843 2791 et
857 2732 972 2810 quidem
986 2734 1064 2795 civili
1079 2734 1175 2811 bello,
1185 2752 1208 2794 su

174 2828 239 2869 cum
252 2811 415 2873 dimicatum
431 2822 512 2873 esset
525 2816 555 2873 iu
569 2814 726 2875 Pharsaliis
742 2816 868 2894 campis,
890 2834 947 2876 non
969 2820 1030 2877 sine
1047 2828 1175 2879 ostento

174 2895 309 2971 quodam,
316 2904 448 2973 tempore
458 2915 623 2975 generosos
633 2900 750 2977 spiritus
763 2901 858 2978 iugum
864 2900 960 2961 subire
973 2902 1026 2961 illo
1037 2902 1175 2981 prodigio

172 2979 365 3054 significante.
397 2998 461 3041 nam
475 2983 552 3060 qnod
574 2984 612 3042 ita
633 2992 735 3043 vectos
757 2994 801 3045 est
820 3002 883 3045 cum
897 2986 980 3045 mima
1002 2985 1175 3062 Cytheride,

174 3080 265 3141 super
280 3072 407 3124 monstra
423 3068 508 3125 etiam
522 3066 634 3127 illarum
651 3066 851 3128 calamitatium
864 3069 925 3129 luit.
953 3071 1060 3146 primns
1076 3081 1177 3133 autem

172 3145 319 3205 bominum
335 3146 450 3207 leonem
466 3168 550 3209 mauu
566 3160 690 3211 tractore
708 3170 794 3211 susus
815 3161 845 3212 et
867 3153 1023 3214 ostendere
1039 3174 1175 3217 mensue-
1186 3172 1210 3211 es

173 3228 281 3288 lactum
294 3228 394 3291 Hanno
417 3233 616 3309 eclarissimis
638 3234 798 3295 Poenorum
824 3230 950 3297 traditur‘
965 3237 1176 3317 damnatusque

174 3311 226 3372 illo
242 3322 427 3389 argumento,
450 3317 582 3392 quoniam
603 3317 673 3377 nibil
688 3335 745 3377 nou
760 3338 950 3398 persuasurus
965 3320 1009 3379 vir
1025 3330 1081 3379 tam
1105 3324 1176 3383 arti-

173 3393 238 3453 licis
260 3395 357 3471 ingeni
378 3395 545 3471 videbator,
567 3409 597 3457 et
617 3400 692 3461 male
714 3403 793 3463 credi
808 3402 926 3464 libertas
948 3405 975 3463 ei
997 3404 1042 3463 oui
1065 3413 1178 3467 tantum
