2542 3842
324 129 332 137 ’
355 86 436 193 ιιι.
458 135 901 213 msu.vn11.a-o.(2-5.)
933 155 936 158 ·
1091 132 1131 195 87

126 299 277 362 imbutis
295 307 325 359 et
339 299 552 375 magnitudinis,
571 316 627 359 nec
643 300 798 379 pauciores
820 302 849 358 in
870 298 1024 361 Santonum
1043 294 1130 361 litore

127 386 262 460 interque
278 382 406 471 reliquas
427 382 602 461 elephantos
623 392 652 443 et
667 384 774 443 arietes
794 384 920 444 candore
940 394 1047 445 tuntum
1063 402 1126 445 cor·
1258 454 1259 457 Ἴ

127 468 213 529 nibus
235 459 431 542 adsimulatis,
447 465 590 527 Nereidas
606 483 679 527 vero
694 468 808 527 multas.
833 467 986 528 Turranius
1003 470 1128 567 prodidit
1141 482 1173 535 11

128 551 282 631 expulsam
302 550 445 610 beluam'
436 569 465 610 m
480 550 620 612 Gaditano
641 552 726 611 litore
745 552 826 611 cuius
845 553 921 612 inter
942 553 1012 612 duas
1030 555 1131 631 pinnas

103 637 245 697 uultimae
261 635 372 695 caudae
387 634 484 695 cubita
502 635 631 695 sedecim
648 636 779 735 fuissent,
791 634 892 695 dentes
909 636 1038 697 eiusdem
1051 650 1130 715 cxx,

128 720 254 786 maxumi
277 718 457 779 dodrantium
478 738 630 795 mensura,
660 722 773 781 minumi
798 720 987 799 semipedum.
1023 721 1132 781 Beluae

127 823 175 864 ιιι
168 802 342 863 'dicebatur
359 805 492 882 exposita
507 804 598 863 fuisse
614 804 799 865 Andromeda
815 822 882 863 ossa
897 804 1007 865 Romae
1027 806 1131 887 adpor-

127 896 188 948 tata
204 905 251 946 ιιι.
258 888 366 965 oppido
380 886 507 948 Iudaeae
525 887 597 966 lope
621 889 747 949 ostendit
770 890 844 947 inter
866 888 978 967 reliqua
995 888 1132 949 miracula

129 973 160 1031 in
174 971 322 1033 aedilitate
339 990 392 1031 sua
406 971 444 1045 Μ.
461 973 589 1032 Scaurus
603 972 783 1050 longitudine
795 974 900 1071 pedum
911 986 968 1047 xo,
985 972 1132 1033 altitudine

90 1069 119 1112 ao
131 1064 277 1117 costarum
292 1054 408 1117 Indicos
423 1055 597 1135 elephantos
616 1057 797 1133 excedente,
820 1058 920 1136 spinae
943 1057 1132 1117 crassitudine

128 1140 338 1219 sesquipedali.

193 1224 222 1285 6.
240 1225 306 1302 (5.)
327 1223 473 1284 Balaam
492 1233 522 1283 et
542 1225 683 1284 innostra
700 1226 788 1285 maria
810 1232 971 1303 penetrant.
1002 1225 1031 1283 in
1046 1220 1128 1284 Gadi-
1141 1233 1174 1287 la

125 1317 197 1371 tauo
210 1326 323 1369 oceano
340 1325 398 1367 non
413 1318 483 1368 ιιιι
492 1308 620 1367 brumam
632 1310 763 1388 conspici
781 1308 967 1385 castroduni,
983 1306 1068 1387 condi
1084 1324 1131 1372 ιι-

129 1401 188 1453 tem
203 1392 289 1453 statis
303 1382 508 1470 temporibus
499 1411 528 1452 m
543 1390 706 1471 quodam
682 1411 744 1451 sinu
761 1392 878 1471 placido
901 1402 930 1451 et
946 1392 1047 1471 capaci
1061 1391 1132 1451 mire

93 1492 120 1535 ιι
129 1476 284 1553 gaudentis
299 1476 340 1540 ibi
356 1493 471 1555 parere.
489 1476 546 1537 hoc
561 1478 637 1535 scire
654 1492 749 1554 orcas,
766 1477 899 1537 infestam
913 1476 957 1536 his
973 1476 1088 1537 beluam
1103 1482 1133 1535 et

131 1560 214 1621 cuiu's
222 1561 325 1658 imago
347 1560 424 1619 nulla
439 1562 708 1639 repraesentatione
729 1561 850 1661 exprimi
867 1562 961 1640 possit
975 1560 1031 1620 alia
1049 1574 1133 1639 quam

131 1645 227 1705 caruis
252 1645 399 1704 inmensae
425 1645 560 1705 dentibus
585 1646 776 1716 truculentae
819 1647 980 1723 inrumpunt
1002 1660 1075 1720 ergo
1099 1661 1130 1705 ιι
1141 1652 1175 1707 13

129 1738 265 1790 secreta
273 1747 310 1788 ιι
328 1729 436 1788 vitulos
460 1747 560 1789 earum
580 1738 628 1789 ιιι
656 1720 732 1791 letas
752 1731 802 1790 vel
824 1732 975 1789 etiamnum
998 1726 1133 1806 gravidae

129 1813 279 1892 lancinant
290 1830 398 1888 morsu,
410 1814 584 1891 inctmsuque
600 1830 655 1873 ceu
667 1812 881 1875 Liburnicarum
895 1812 998 1873 rostris
1013 1812 1132 1871 fodiunt.

69 1914 76 1921 ·
102 1895 201 1957 abillae
217 1897 253 1956 ad
267 1896 380 1957 lienum
386 1898 550 1973 inmobiles,
562 1896 598 1957 ad
605 1898 845 1977 repugnandum
837 1907 946 1959 inertes
960 1907 989 1956 et
1002 1896 1133 1975 pondere

130 1997 184 2041 suo
201 1989 349 2054 menatae,
366 1990 435 2041 tune
449 1981 566 2058 quidem
581 1990 611 2039 et
624 1991 709 2041 utera
726 1998 832 2059 graves
843 1980 1015 2059 pariendive
1029 1981 1134 2057 poeuis
1219 2046 1220 2053 p

131 2064 286 2137 inualidae,
303 2062 397 2139 solum
424 2065 561 2124 auxilium
579 2080 690 2123 novere
714 2066 742 2123 in
764 2064 851 2123 altum
877 2064 1036 2141 profugere
1057 2071 1134 2122 etse
1219 2110 1220 2113 .

130 2158 194 2209 toto
210 2148 370 2207 defendere
385 2164 507 2208 oceano.
541 2156 642 2207 contra
658 2164 746 2206 orcae
765 2164 922 2207 occurrere
940 2146 1073 2206 laborant
1088 2164 1133 2205 se·
1219 2162 1220 2171 ¹

133 2248 227 2310 seque
244 2246 396 2308 opponere
413 2240 444 2291 ct
459 2240 596 2291 caveatas
619 2232 759 2307 angustiis
774 2231 929 2307 trucidare,
952 2232 981 2289 in
1002 2229 1077 2290 vada
1088 2248 1134 2289 m·-

92 2332 242 2393 agnete,
268 2314 347 2375 saxis
368 2314 499 2375 inlidere.
531 2321 700 2393 spectantur
723 2333 758 2375 ea
779 2315 900 2394 proelia
918 2332 971 2375 ceu
992 2314 1062 2371 mari
1078 2314 1136 2392 ipsi
1200 2331 1204 2343 ·

131 2400 188 2461 sibi
204 2399 296 2475 irato,
318 2397 404 2459 nullis
427 2400 456 2458 in
475 2401 538 2459 sinu
559 2400 670 2476 ventis,
696 2398 829 2459 lluctibus
851 2416 923 2459 vero
942 2398 977 2459 ad
992 2395 1134 2457 anhelitus
1164 2408 1171 2413 '

131 2486 267 2561 ictusque
291 2484 505 2582 guantosinulli
521 2483 657 2544 'turbines
679 2484 808 2544 volvont.
850 2502 918 2544 orca
945 2492 974 2542 et
996 2483 1025 2540 in
1045 2488 1131 2559 portu
1142 2488 1178 2545 14

133 2566 305 2628 Ostiensi·
277 2586 340 2627 nisa
356 2578 403 2627 est
415 2561 582 2647 oppugnata
597 2586 613 2627 ι
630 2564 752 2630 Claudio
769 2569 911 2647 principe.
941 2572 1064 2626 venerat
1077 2574 1137 2624 tuna
1244 2566 1247 2571 ’

133 2652 350 2714 enaadlllcaute
362 2670 398 2711 eo
410 2662 529 2752 portum
543 2652 659 2713 invitata
670 2653 829 2729 naufragiis
839 2660 986 2727 tergorum
1000 2650 1135 2709 advecto·

95 2748 124 2791 aa
134 2752 225 2796 rome
243 2719 347 2811 tauta,
362 2738 528 2815 sudansque
541 2755 575 2797 se
591 2755 645 2813 per
657 2738 804 2829 conpluris
819 2736 883 2795 dies
893 2734 1049 2795 alveumin
1060 2727 1135 2793 vado
1172 2803 1177 2812 „

133 2819 299 2881 sulcaverat
314 2820 481 2880 attumulata
496 2820 661 2880 fluctibus'
653 2840 681 2879 m
703 2830 810 2881 tantum
833 2828 864 2877 ut
885 2818 1040 2893 circumagi
1055 2816 1135 2877 nullo

133 2902 221 2965 moda
237 2912 340 2981 posset
355 2912 401 2979 et,
422 2902 489 2965 dum
504 2905 634 2980 saginum
649 2906 852 2982 persequitur,
875 2903 904 2961 in
921 2900 988 2963 litus
1004 2900 1136 2960 fluctibus

134 2987 274 3066 propulsa
296 2988 437 3048 emineret
457 2982 546 3047 doaso
565 2986 683 3047 multum
711 3004 799 3065 supra
820 3002 911 3063 aquas
931 2986 1047 3045 carinae
1070 2985 1161 3047 vice‘

134 3072 281 3132 inversae
306 3072 459 3149 praetendi
472 3072 557 3131 iussit
571 3069 682 3131 Caesar
696 3071 802 3150 plagas
815 3070 982 3148 multiplicis
996 3068 1071 3127 inter
1083 3082 1134 3127 ora
1147 3077 1179 3130 15

98 3164 252 3231 eportet,
280 3156 489 3233 profectusque
511 3157 577 3233 ipse
603 3172 667 3214 cum
687 3154 879 3234 praetorianis
902 3151 1070 3215 cohortibus
1085 3167 1137 3251 po·

135 3238 206 3314 pme
231 3238 362 3299 Romano
383 3239 581 3317 spectaculum
601 3238 735 3316 praebuit
752 3238 870 3306 lanceas
890 3244 1071 3316 congerente
1087 3235 1137 3295 mi·

136 3320 189 3381 lite
203 3340 220 3381 ι
233 3323 355 3399 nangiis
371 3322 589 3399 adsultantibus,
611 3340 731 3403 quorum
746 3340 830 3385 unum
848 3325 940 3401 mergi
955 3321 1076 3383 vidimus
1091 3336 1137 3379 ιι·

136 3402 209 3465 flatu
218 3405 326 3468 beluae
341 3407 493 3487 oppletum
509 3408 609 3469 unda.
