2542 3842
294 181 376 227 nan.
398 180 489 229 aaran.
508 168 906 248 v1111.15·—16.(18-as.)
1059 168 1101 231 ab

96 352 162 401 rura
173 342 293 413 captura
305 343 350 395 est
364 334 575 411 avergiliarum
588 335 739 402 exortuad
753 336 859 404 arcturi
870 352 1020 397 oceasum.
1030 336 1099 395 reli-

98 435 157 497 quo
173 426 305 495 tempore
321 416 442 477 hiberno
455 418 545 477 latent
559 420 587 494 in
601 417 765 496 gurgitibus
780 419 843 477 imis
860 420 914 478 nisi
930 428 1034 497 tepore
1048 420 1100 479 ali-

99 520 158 581 quo
176 502 292 562 evocati
312 510 360 561 aut
376 501 553 580 pleniluniis.
584 503 777 580 pinguescunt
795 509 825 560 et
845 501 873 559 in
887 512 1034 562 tantumnt
1048 502 1098 563 de·
1173 496 1177 510 ’
1265 505 1266 542 ³

97 585 222 659 hiscant,
238 586 297 644 vita
314 584 483 660 longissima
501 585 544 645 his
562 584 669 647 bienni.

71 684 86 725 s
161 669 244 747 (21.)
261 668 374 729 Animal
390 678 434 727 est
447 686 566 747 parvom
579 671 743 748 scorpionis
754 670 864 747 effigie,
877 671 975 729 aranei
988 672 1094 747 magni·
1106 680 1141 734 54

97 753 206 812 tudine.
238 752 294 811 hoc
315 770 347 811 se
371 762 400 811 et
418 750 525 828 thynnd
551 762 580 813 et
604 755 632 811 ei
648 755 696 831 qui
716 753 831 831 gladius
851 762 971 814 vocatur
992 754 1097 813 crebro

98 835 227 914 delphini
245 836 467 911 magnitudinem
497 836 651 897 excedenti
672 837 725 896 snb
749 839 834 916 pinna
856 836 955 913 adfigit
981 837 1096 912 aculeo,

97 928 236 997 tantoque
259 918 381 983 infestat·
389 919 509 995 dolore,
533 920 604 981 utin
621 922 704 981 navis
725 937 936 1000 saepenumero
952 920 1095 981 exsiliant.

98 1001 177 1080 quod
193 1010 223 1063 et
238 1002 309 1063 alias
325 1003 434 1063 iaciunt
447 1004 569 1064 aliorum
583 1005 641 1063 vim
663 1006 797 1065 timentes
812 1004 937 1081 mugiles
953 1021 1096 1080 maxume,

59 1096 155 1147 rotam
179 1088 357 1165 praecipuae
378 1087 541 1147 velocitatis
561 1097 591 1148 ut
612 1098 777 1149 transversa
795 1089 909 1166 navigia
921 1088 1035 1148 iuterim
1051 1106 1096 1147 su·

98 1171 270 1248 periactent.
855 1233 858 1237 ,

163 1252 211 1312 16.
231 1251 314 1331 (22.)
338 1253 410 1315 Sunt
425 1263 455 1313 et
474 1256 503 1315 in
520 1255 575 1315 hac
595 1264 678 1332 parte
696 1264 814 1315 naturae
837 1256 967 1331 auguria,
988 1263 1052 1313 sunt
1068 1264 1139 1333 etos
1158 1295 1166 1307 .

82 1334 227 1415 -piscihns
242 1338 397 1415 praescita.
430 1337 529 1400 Siculo
546 1338 626 1399 bello
642 1339 805 1399 ambulante
817 1339 845 1397 in
861 1338 946 1411 litore
963 1339 1097 1415 Augusto

99 1420 191 1498 piscis
213 1439 229 1481 e
252 1421 323 1479 mari
344 1420 380 1481 ad
398 1421 493 1499 pedes
510 1423 571 1482 eius
590 1422 732 1499 exsilivit,
756 1439 814 1500 quo
829 1431 998 1499 argumento
1013 1430 1096 1481 rates

58 1518 87 1559 15
97 1503 279 1582 respondere
298 1502 459 1583 Neptunum
475 1515 585 1583 patrem
596 1505 752 1584 adoptante
767 1515 825 1565 tum
841 1506 896 1566 sibi
911 1507 1002 1566 Sexto
1013 1506 1096 1565 Pom·

98 1587 179 1667 peip,
194 1622 236 1632 -
250 1596 327 1648 tanta
344 1597 407 1649 erat
423 1589 533 1649 navalis
550 1592 594 1650 rei
609 1590 715 1666 gloria,
730 1622 771 1636 -
785 1589 838 1649 sub
853 1586 1095 1668 pedibusliaesa·

99 1672 140 1731 ris
154 1670 265 1731 futuros
281 1672 329 1749 qui
344 1673 433 1734 maria
443 1682 575 1750 tempore
590 1673 642 1733 illo
658 1682 800 1733 tenerent.

163 1753 246 1834 (23.)
269 1754 391 1815 Piscium
408 1756 532 1815 feminae
547 1759 672 1818 maiores
687 1775 772 1835 quam
786 1774 890 1817 mares.
924 1759 953 1817 in
970 1756 1139 1835 quodamto

98 1857 208 1915 genere
224 1840 337 1898 omnino
352 1857 409 1899 non
426 1849 490 1900 sunt
504 1858 608 1915 mares,
624 1843 700 1899 sicut
719 1842 747 1899 in
762 1841 901 1915 erythinis
923 1850 952 1899 et
968 1840 1096 1903 ohannis.

59 1942 88 1983 ao
99 1940 199 1984 omnes
216 1924 289 1985 enim
306 1924 368 1983 ovis
383 1925 520 2001 gravidae
538 1926 695 2003 capiuntur.
715 1924 864 2001 Vagantnr
875 1926 1018 2001 gregatim
1031 1924 1098 1984 iere

99 2007 238 2085 cuiusque
254 2007 372 2082 generis
389 2008 542 2083 squamosi.
567 2008 725 2085 ¹capiuntur
742 2017 807 2067 ante
830 2007 903 2067 solis
919 2016 1021 2065 ortum.
1038 2016 1097 2065 tum

98 2108 230 2150 maxume
247 2091 367 2167 piscium
385 2088 492 2149 iallitnr
511 2091 598 2148 visus.
629 2090 764 2150 noctibus
775 2091 869 2167 quies,
887 2098 916 2149 et
930 2088 1098 2149 inlustribus

99 2192 193 2251 aeque
217 2190 300 2250 quam
321 2172 367 2230 die
392 2182 519 2231 cernunt.
552 2172 639 2234 Aiunt
660 2182 690 2231 et
711 2174 736 2231 si
760 2182 869 2233 teratur
883 2189 993 2249 gurges
1008 2174 1095 2232 inter·

100 2276 167 2316 esse
185 2266 333 2333 capturae,
350 2256 445 2333 itaque
461 2256 551 2333 pluris
568 2257 695 2316 secundo
707 2266 801 2315 tractu
814 2257 879 2334 capi
891 2273 975 2333 quam
991 2257 1094 2333 primo.

59 2357 90 2411 re
101 2341 190 2401 Gustu
207 2339 266 2399 olei
284 2356 431 2413 maxume,
452 2339 518 2398 dein
532 2340 652 2399 modicis
673 2340 810 2400 imbribus
828 2340 954 2417 gaudent
971 2339 1096 2400 aluntur·

71 2495 75 2503 ⁵
100 2442 168 2501 que.
202 2423 309 2501 quippe
325 2430 354 2481 et
368 2422 541 2483 harundines
558 2416 687 2502 quamvis
700 2424 730 2483 in
744 2424 851 2503 palude
865 2433 1027 2503 prognatae
1038 2437 1097 2483 nou

98 2517 194 2569 tamen
218 2508 279 2567 sine
306 2504 397 2567 imbre
420 2507 598 2582 adulescunt,
628 2518 657 2569 et
671 2507 742 2567 alias
762 2506 934 2588 ubicumque
954 2508 1052 2587 pisces
1066 2507 1097 2565 in

100 2590 201 2652 eadem
218 2609 292 2670 aqua
309 2591 430 2667 adsidui,
454 2591 478 2651 si
493 2608 550 2651 non
565 2590 682 2666 adlluat,
696 2593 900 2653 exanimantur.

165 2674 247 2755 (24.)
265 2673 464 2752 Praegelidam
480 2675 604 2735 hiemem
619 2694 719 2735 omnes
735 2677 870 2750 sentiunt,
895 2674 950 2735 sed
966 2677 1138 2738 maxumeti

58 2782 88 2825 30
100 2757 150 2837 qui
167 2756 292 2835 lapidem
306 2760 334 2817 in
351 2761 446 2837 capite
462 2758 570 2821 habere
587 2761 803 2834 existumentur,
818 2768 849 2819 ut
869 2756 941 2836 lupi,
959 2756 1095 2835 chromis,

100 2840 232 2917 sciaena,
256 2842 367 2922 phagri.
399 2860 600 2921 cumasperae
616 2843 726 2902 hiemes
744 2840 839 2916 luere,
856 2841 936 2901 multi
951 2842 1032 2901 caeci
1049 2859 1095 2902 ca·

6 2946 10 3005 p
100 2926 223 3005 piuntur.
258 2927 355 3005 itaque
375 2922 420 2985 his
440 2926 585 2985 mensibus
609 2927 704 2987 iacent
721 2926 868 3003 speluncis
885 2923 1002 3000 conditi,
1022 2924 1097 2984 sieut

99 3012 128 3069 in
147 3011 325 3072 terrestrium
342 3026 451 3086 genere
466 3009 625 3084 retulimus,
640 3026 771 3070 maxume
786 3008 927 3087 hippurus
944 3018 973 3068 et
989 3006 1138 3093 cora-⁸4²?

100 3093 156 3153 cini
177 3093 272 3155 hieme
297 3110 353 3154 non
387 3094 462 3171 eapti
491 3102 694 3171 praeterquam
721 3092 802 3151 statis
824 3092 926 3153 diebus
946 3092 1046 3171 paucis
1067 3100 1098 3149 et

62 3176 203 3241 asiisdem
222 3195 357 3255 semper,
382 3176 451 3236 item
464 3194 581 3237 murena
599 3186 628 3235 et
645 3176 780 3253 cuphus,
800 3192 926 3254 conger,
942 3193 1051 3254 percae
1067 3183 1097 3233 et

101 3260 239 3321 saxatiles
267 3277 377 3321 omnes.
414 3268 493 3321 terra
509 3260 640 3339 quidem,
669 3260 726 3321 hoc
742 3268 788 3319 est
803 3260 878 3319 vado
902 3261 989 3319 maris
1010 3275 1095 3317 exca-

101 3351 181 3419 vato,
198 3342 283 3406 condi
301 3363 354 3423 per
364 3341 476 3403 hiemes
491 3344 683 3423 torpedinem,
697 3352 831 3422 psettam,
848 3344 958 3404 soleam
972 3341 1095 3401 tradunt.

166 3426 248 3511 (25.)
272 3426 392 3501 Quidam
406 3446 504 3489 rursus
522 3436 618 3489 aestus
634 3428 800 3507 inpatientia
815 3428 917 3489 mediis
932 3424 1139 3487 fervorssrususs
