<?xml version="1.0" encoding="UTF-8"?>
<!DOCTYPE html PUBLIC "-//W3C//DTD XHTML 1.0 Transitional//EN"
    "http://www.w3.org/TR/xhtml1/DTD/xhtml1-transitional.dtd">
<html xmlns="http://www.w3.org/1999/xhtml" xml:lang="en" lang="en">
 <head>
  <title>
</title>
<meta http-equiv="Content-Type" content="text/html;charset=utf-8" />
  <meta name='ocr-system' content='tesseract 3.04.00' />
  <meta name='ocr-capabilities' content='ocr_page ocr_carea ocr_par ocr_line ocrx_word'/>
</head>
<body>
  <div class='ocr_page' id='page_1' title='image "./cplinisecundina25plingoog_0340.png"; bbox 0 0 2542 3842; ppageno 0'>
   <div class='ocr_carea' id='block_1_1' title="bbox 141 151 791 227">
    <p class='ocr_par' dir='ltr' id='par_1_1' title="bbox 141 151 791 227">
     <span class='ocr_line' id='line_1_1' title="bbox 141 151 791 227; baseline -0.009 0"><span class='ocrx_word' id='word_1_1' title='bbox 141 164 161 227; x_wconf 79' lang='lat'>2</span> <span class='ocrx_word' id='word_1_2' title='bbox 338 151 368 174; x_wconf 38' lang='lat'>⁵*</span> <span class='ocrx_word' id='word_1_3' title='bbox 437 166 442 177; x_wconf 88' lang='grc'><em>“</em></span> <span class='ocrx_word' id='word_1_4' title='bbox 484 174 791 223; x_wconf 61' lang='lat' dir='ltr'>cameriensem</span> 
     </span>
    </p>
   </div>
   <div class='ocr_carea' id='block_1_2' title="bbox 52 328 1253 3507">
    <p class='ocr_par' dir='ltr' id='par_1_2' title="bbox 114 328 1177 1161">
     <span class='ocr_line' id='line_1_2' title="bbox 141 328 1142 406; baseline -0.005 -13"><span class='ocrx_word' id='word_1_5' title='bbox 141 332 228 406; x_wconf 82' lang='lat' dir='ltr'>nihil,</span> <span class='ocrx_word' id='word_1_6' title='bbox 252 330 314 391; x_wconf 86' lang='lat' dir='ltr'>sine</span> <span class='ocrx_word' id='word_1_7' title='bbox 331 329 477 404; x_wconf 89' lang='lat' dir='ltr'>doctrina,</span> <span class='ocrx_word' id='word_1_8' title='bbox 500 329 643 403; x_wconf 89' lang='lat' dir='ltr'>nonlari,</span> <span class='ocrx_word' id='word_1_9' title='bbox 667 347 724 389; x_wconf 92' lang='lat' dir='ltr'>non</span> <span class='ocrx_word' id='word_1_10' title='bbox 740 330 868 405; x_wconf 79' lang='lat' dir='ltr'>ingredi,</span> <span class='ocrx_word' id='word_1_11' title='bbox 886 346 942 389; x_wconf 94' lang='lat' dir='ltr'>non</span> <span class='ocrx_word' id='word_1_12' title='bbox 958 330 1056 404; x_wconf 87' lang='lat' dir='ltr'>vesci,</span> <span class='ocrx_word' id='word_1_13' title='bbox 1075 328 1142 388; x_wconf 89' lang='lat' dir='ltr'>bre·</span> 
     </span>
     <span class='ocr_line' id='line_1_3' title="bbox 141 411 1142 497; baseline -0.005 -21"><span class='ocrx_word' id='word_1_14' title='bbox 141 418 274 493; x_wconf 83' lang='lat' dir='ltr'>viterque</span> <span class='ocrx_word' id='word_1_15' title='bbox 296 430 353 472; x_wconf 95' lang='lat' dir='ltr'>non</span> <span class='ocrx_word' id='word_1_16' title='bbox 373 411 448 472; x_wconf 90' lang='lat' dir='ltr'>alind</span> <span class='ocrx_word' id='word_1_17' title='bbox 470 421 588 472; x_wconf 88' lang='lat' dir='ltr'>naturae</span> <span class='ocrx_word' id='word_1_18' title='bbox 609 423 714 489; x_wconf 90' lang='lat' dir='ltr'>sponte</span> <span class='ocrx_word' id='word_1_19' title='bbox 736 432 819 493; x_wconf 85' lang='lat' dir='ltr'>qnam</span> <span class='ocrx_word' id='word_1_20' title='bbox 838 412 920 472; x_wconf 83' lang='lat' dir='ltr'>dere.</span> <span class='ocrx_word' id='word_1_21' title='bbox 951 414 1047 497; x_wconf 90' lang='lat' dir='ltr'>itaque</span> <span class='ocrx_word' id='word_1_22' title='bbox 1063 413 1142 473; x_wconf 85' lang='lat' dir='ltr'>inulti</span> 
     </span>
     <span class='ocr_line' id='line_1_4' title="bbox 143 495 1141 595; baseline -0.004 -35"><span class='ocrx_word' id='word_1_23' title='bbox 143 501 282 560; x_wconf 80' lang='lat' dir='ltr'>exstitere</span> <span class='ocrx_word' id='word_1_24' title='bbox 297 498 356 595; x_wconf 42' lang='lat' dir='ltr'>qni·</span> <span class='ocrx_word' id='word_1_25' title='bbox 360 513 417 556; x_wconf 93' lang='lat' dir='ltr'>non</span> <span class='ocrx_word' id='word_1_26' title='bbox 430 496 513 556; x_wconf 88' lang='lat' dir='ltr'>nasci</span> <span class='ocrx_word' id='word_1_27' title='bbox 524 506 669 574; x_wconf 86' lang='lat' dir='ltr'>optumum</span> <span class='ocrx_word' id='word_1_28' title='bbox 681 495 837 557; x_wconf 78' lang='lat' dir='ltr'>censerent</span> <span class='ocrx_word' id='word_1_29' title='bbox 850 507 898 556; x_wconf 78' lang='lat' dir='ltr'>aut</span> <span class='ocrx_word' id='word_1_30' title='bbox 909 514 993 574; x_wconf 87' lang='lat' dir='ltr'>quam</span> <span class='ocrx_word' id='word_1_31' title='bbox 1006 499 1141 557; x_wconf 81' lang='lat' dir='ltr'>ocissime</span> 
     </span>
     <span class='ocr_line' id='line_1_5' title="bbox 114 580 1142 657; baseline -0.007 -11"><span class='ocrx_word' id='word_1_32' title='bbox 114 584 266 646; x_wconf 72' lang='lat' dir='ltr'>suboleri.</span> <span class='ocrx_word' id='word_1_33' title='bbox 310 580 356 643; x_wconf 87' lang='lat' dir='ltr'>uni</span> <span class='ocrx_word' id='word_1_34' title='bbox 379 580 558 641; x_wconf 87' lang='lat' dir='ltr'>animantium</span> <span class='ocrx_word' id='word_1_35' title='bbox 578 580 671 640; x_wconf 88' lang='lat' dir='ltr'>luctus</span> <span class='ocrx_word' id='word_1_36' title='bbox 696 590 740 641; x_wconf 87' lang='lat' dir='ltr'>est</span> <span class='ocrx_word' id='word_1_37' title='bbox 760 581 857 657; x_wconf 86' lang='lat' dir='ltr'>datus,</span> <span class='ocrx_word' id='word_1_38' title='bbox 887 582 935 642; x_wconf 88' lang='lat' dir='ltr'>uni</span> <span class='ocrx_word' id='word_1_39' title='bbox 960 582 1087 655; x_wconf 86' lang='lat' dir='ltr'>luxuria,</span> <span class='ocrx_word' id='word_1_40' title='bbox 1113 590 1142 639; x_wconf 91' lang='lat' dir='ltr'>et</span> 
     </span>
     <span class='ocr_line' id='line_1_6' title="bbox 144 658 1167 747; baseline -0.002 -21"><span class='ocrx_word' id='word_1_41' title='bbox 144 666 259 747; x_wconf 83' lang='lat' dir='ltr'>quidem</span> <span class='ocrx_word' id='word_1_42' title='bbox 278 662 531 725; x_wconf 77' lang='lat' dir='ltr'>innumerabilibus</span> <span class='ocrx_word' id='word_1_43' title='bbox 550 664 643 723; x_wconf 91' lang='lat' dir='ltr'>modis</span> <span class='ocrx_word' id='word_1_44' title='bbox 666 682 702 723; x_wconf 88' lang='lat' dir='ltr'>ac</span> <span class='ocrx_word' id='word_1_45' title='bbox 726 682 779 742; x_wconf 86' lang='lat' dir='ltr'>per</span> <span class='ocrx_word' id='word_1_46' title='bbox 799 658 911 741; x_wconf 71' lang='lat' dir='ltr'>singulo</span> <span class='ocrx_word' id='word_1_47' title='bbox 926 664 1069 738; x_wconf 82' lang='lat' dir='ltr'>mennbra,</span> <span class='ocrx_word' id='word_1_48' title='bbox 1093 666 1167 724; x_wconf 76' lang='lat' dir='ltr'>unis</span> 
     </span>
     <span class='ocr_line' id='line_1_7' title="bbox 144 748 1140 827; baseline -0.004 -16"><span class='ocrx_word' id='word_1_49' title='bbox 144 749 274 824; x_wconf 79' lang='lat' dir='ltr'>ambitio,</span> <span class='ocrx_word' id='word_1_50' title='bbox 290 751 337 809; x_wconf 90' lang='lat' dir='ltr'>uni</span> <span class='ocrx_word' id='word_1_51' title='bbox 352 748 485 820; x_wconf 86' lang='lat' dir='ltr'>avaritia,</span> <span class='ocrx_word' id='word_1_52' title='bbox 502 748 550 808; x_wconf 86' lang='lat' dir='ltr'>nni</span> <span class='ocrx_word' id='word_1_53' title='bbox 565 749 693 807; x_wconf 89' lang='lat' dir='ltr'>inmensa</span> <span class='ocrx_word' id='word_1_54' title='bbox 708 748 822 807; x_wconf 80' lang='lat' dir='ltr'>vivendi</span> <span class='ocrx_word' id='word_1_55' title='bbox 839 748 960 826; x_wconf 92' lang='lat' dir='ltr'>cupido,</span> <span class='ocrx_word' id='word_1_56' title='bbox 977 751 1023 807; x_wconf 93' lang='lat' dir='ltr'>uui</span> <span class='ocrx_word' id='word_1_57' title='bbox 1041 750 1140 827; x_wconf 82' lang='lat' dir='ltr'>super·</span> 
     </span>
     <span class='ocr_line' id='line_1_8' title="bbox 144 830 1139 909; baseline -0.005 -15"><span class='ocrx_word' id='word_1_58' title='bbox 144 836 236 908; x_wconf 88' lang='lat' dir='ltr'>stitio,</span> <span class='ocrx_word' id='word_1_59' title='bbox 265 834 313 892; x_wconf 91' lang='lat' dir='ltr'>nni</span> <span class='ocrx_word' id='word_1_60' title='bbox 334 830 500 909; x_wconf 86' lang='lat' dir='ltr'>sepulturae</span> <span class='ocrx_word' id='word_1_61' title='bbox 524 849 592 891; x_wconf 87' lang='lat' dir='ltr'>cura</span> <span class='ocrx_word' id='word_1_62' title='bbox 614 840 701 909; x_wconf 85' lang='lat' dir='ltr'>atque</span> <span class='ocrx_word' id='word_1_63' title='bbox 727 832 810 891; x_wconf 86' lang='lat' dir='ltr'>etiam</span> <span class='ocrx_word' id='word_1_64' title='bbox 832 840 899 909; x_wconf 87' lang='lat' dir='ltr'>post</span> <span class='ocrx_word' id='word_1_65' title='bbox 921 850 953 891; x_wconf 92' lang='lat' dir='ltr'>se</span> <span class='ocrx_word' id='word_1_66' title='bbox 976 833 1012 891; x_wconf 89' lang='lat' dir='ltr'>de</span> <span class='ocrx_word' id='word_1_67' title='bbox 1036 832 1139 891; x_wconf 81' lang='lat' dir='ltr'>lutuno.</span> 
     </span>
     <span class='ocr_line' id='line_1_9' title="bbox 144 914 1140 993; baseline -0.003 -16"><span class='ocrx_word' id='word_1_68' title='bbox 144 918 214 977; x_wconf 94' lang='lat' dir='ltr'>nulli</span> <span class='ocrx_word' id='word_1_69' title='bbox 232 918 290 976; x_wconf 88' lang='lat' dir='ltr'>vita</span> <span class='ocrx_word' id='word_1_70' title='bbox 311 915 458 993; x_wconf 81' lang='lat' dir='ltr'>fragilior,</span> <span class='ocrx_word' id='word_1_71' title='bbox 480 914 550 975; x_wconf 90' lang='lat' dir='ltr'>nulli</span> <span class='ocrx_word' id='word_1_72' title='bbox 572 934 668 974; x_wconf 88' lang='lat' dir='ltr'>rernm</span> <span class='ocrx_word' id='word_1_73' title='bbox 688 917 811 975; x_wconf 90' lang='lat' dir='ltr'>omnium</span> <span class='ocrx_word' id='word_1_74' title='bbox 833 915 921 975; x_wconf 92' lang='lat' dir='ltr'>libido</span> <span class='ocrx_word' id='word_1_75' title='bbox 943 918 1050 991; x_wconf 85' lang='lat' dir='ltr'>maior,</span> <span class='ocrx_word' id='word_1_76' title='bbox 1073 916 1140 977; x_wconf 88' lang='lat' dir='ltr'>nulli</span> 
     </span>
     <span class='ocr_line' id='line_1_10' title="bbox 144 998 1140 1081; baseline -0.002 -20"><span class='ocrx_word' id='word_1_77' title='bbox 144 1019 235 1081; x_wconf 85' lang='lat' dir='ltr'>pavor</span> <span class='ocrx_word' id='word_1_78' title='bbox 257 1000 428 1073; x_wconf 78' lang='lat' dir='ltr'>confusior,</span> <span class='ocrx_word' id='word_1_79' title='bbox 448 998 518 1058; x_wconf 92' lang='lat' dir='ltr'>nulli</span> <span class='ocrx_word' id='word_1_80' title='bbox 540 998 638 1058; x_wconf 91' lang='lat' dir='ltr'>rabies</span> <span class='ocrx_word' id='word_1_81' title='bbox 660 1001 765 1059; x_wconf 86' lang='lat' dir='ltr'>acrior.</span> <span class='ocrx_word' id='word_1_82' title='bbox 810 999 933 1079; x_wconf 86' lang='lat' dir='ltr'>denique</span> <span class='ocrx_word' id='word_1_83' title='bbox 958 1009 1058 1059; x_wconf 85' lang='lat' dir='ltr'>cetera</span> <span class='ocrx_word' id='word_1_84' title='bbox 1083 1002 1140 1061; x_wconf 87' lang='lat' dir='ltr'>aui·</span> 
     </span>
     <span class='ocr_line' id='line_1_11' title="bbox 143 1082 1177 1161; baseline -0.001 -16"><span class='ocrx_word' id='word_1_85' title='bbox 143 1085 246 1145; x_wconf 86' lang='lat' dir='ltr'>mantia</span> <span class='ocrx_word' id='word_1_86' title='bbox 263 1084 290 1143; x_wconf 97' lang='lat' dir='ltr'>in</span> <span class='ocrx_word' id='word_1_87' title='bbox 306 1099 358 1143; x_wconf 92' lang='lat' dir='ltr'>suo</span> <span class='ocrx_word' id='word_1_88' title='bbox 373 1100 484 1159; x_wconf 83' lang='lat' dir='ltr'>genere</span> <span class='ocrx_word' id='word_1_89' title='bbox 498 1082 593 1160; x_wconf 87' lang='lat' dir='ltr'>probe</span> <span class='ocrx_word' id='word_1_90' title='bbox 611 1082 729 1160; x_wconf 86' lang='lat' dir='ltr'>degunt.</span> <span class='ocrx_word' id='word_1_91' title='bbox 775 1084 948 1161; x_wconf 76' lang='lat' dir='ltr'>congregari</span> <span class='ocrx_word' id='word_1_92' title='bbox 965 1084 1096 1143; x_wconf 88' lang='lat' dir='ltr'>videmus</span> <span class='ocrx_word' id='word_1_93' title='bbox 1114 1094 1142 1144; x_wconf 87' lang='lat' dir='ltr'>et</span> <span class='ocrx_word' id='word_1_94' title='bbox 1151 1096 1177 1137; x_wconf 77' lang='lat'>1⁰</span> 
     </span>
    </p>

    <p class='ocr_par' dir='ltr' id='par_1_3' title="bbox 110 1166 1141 1497">
     <span class='ocr_line' id='line_1_12' title="bbox 110 1166 1141 1244; baseline 0 -15"><span class='ocrx_word' id='word_1_95' title='bbox 110 1207 113 1212; x_wconf 90' lang='lat'>·</span> <span class='ocrx_word' id='word_1_96' title='bbox 145 1178 221 1229; x_wconf 84' lang='lat' dir='ltr'>stare</span> <span class='ocrx_word' id='word_1_97' title='bbox 240 1176 338 1228; x_wconf 88' lang='lat' dir='ltr'>contra</span> <span class='ocrx_word' id='word_1_98' title='bbox 354 1166 510 1227; x_wconf 83' lang='lat' dir='ltr'>dissimilia.</span> <span class='ocrx_word' id='word_1_99' title='bbox 554 1166 670 1227; x_wconf 87' lang='lat' dir='ltr'>leonum</span> <span class='ocrx_word' id='word_1_100' title='bbox 685 1166 785 1228; x_wconf 86' lang='lat' dir='ltr'>lenitas</span> <span class='ocrx_word' id='word_1_101' title='bbox 802 1169 875 1227; x_wconf 92' lang='lat' dir='ltr'>inter</span> <span class='ocrx_word' id='word_1_102' title='bbox 896 1185 1001 1227; x_wconf 90' lang='lat' dir='ltr'>senon</span> <span class='ocrx_word' id='word_1_103' title='bbox 1017 1169 1141 1244; x_wconf 85' lang='lat' dir='ltr'>dimicat,</span> 
     </span>
     <span class='ocr_line' id='line_1_13' title="bbox 143 1250 1141 1332; baseline -0.002 -19"><span class='ocrx_word' id='word_1_104' title='bbox 143 1254 321 1332; x_wconf 83' lang='lat' dir='ltr'>serpentium</span> <span class='ocrx_word' id='word_1_105' title='bbox 336 1267 448 1311; x_wconf 90' lang='lat' dir='ltr'>morsus</span> <span class='ocrx_word' id='word_1_106' title='bbox 463 1268 521 1309; x_wconf 94' lang='lat' dir='ltr'>non</span> <span class='ocrx_word' id='word_1_107' title='bbox 535 1254 607 1328; x_wconf 89' lang='lat' dir='ltr'>petit</span> <span class='ocrx_word' id='word_1_108' title='bbox 621 1252 783 1331; x_wconf 89' lang='lat' dir='ltr'>serpentis,</span> <span class='ocrx_word' id='word_1_109' title='bbox 804 1271 841 1311; x_wconf 93' lang='lat' dir='ltr'>ne</span> <span class='ocrx_word' id='word_1_110' title='bbox 856 1254 942 1314; x_wconf 89' lang='lat' dir='ltr'>maris</span> <span class='ocrx_word' id='word_1_111' title='bbox 960 1252 1076 1331; x_wconf 89' lang='lat' dir='ltr'>quidem</span> <span class='ocrx_word' id='word_1_112' title='bbox 1091 1250 1141 1311; x_wconf 92' lang='lat' dir='ltr'>be·</span> 
     </span>
     <span class='ocr_line' id='line_1_14' title="bbox 144 1334 1140 1413; baseline -0.002 -16"><span class='ocrx_word' id='word_1_113' title='bbox 144 1338 210 1397; x_wconf 88' lang='lat' dir='ltr'>luae</span> <span class='ocrx_word' id='word_1_114' title='bbox 226 1355 260 1396; x_wconf 91' lang='lat' dir='ltr'>ao</span> <span class='ocrx_word' id='word_1_115' title='bbox 277 1337 375 1413; x_wconf 80' lang='lat' dir='ltr'>pisces</span> <span class='ocrx_word' id='word_1_116' title='bbox 390 1336 445 1393; x_wconf 91' lang='lat' dir='ltr'>nisi</span> <span class='ocrx_word' id='word_1_117' title='bbox 464 1336 492 1393; x_wconf 92' lang='lat' dir='ltr'>in</span> <span class='ocrx_word' id='word_1_118' title='bbox 506 1334 621 1396; x_wconf 84' lang='lat' dir='ltr'>diuersa</span> <span class='ocrx_word' id='word_1_119' title='bbox 636 1354 745 1413; x_wconf 82' lang='lat' dir='ltr'>genera</span> <span class='ocrx_word' id='word_1_120' title='bbox 761 1338 901 1397; x_wconf 86' lang='lat' dir='ltr'>saeviunt.</span> <span class='ocrx_word' id='word_1_121' title='bbox 934 1346 978 1412; x_wconf 81' lang='lat' dir='ltr'>at,</span> <span class='ocrx_word' id='word_1_122' title='bbox 1002 1334 1140 1411; x_wconf 85' lang='lat' dir='ltr'>Hercule,</span> 
     </span>
     <span class='ocr_line' id='line_1_15' title="bbox 145 1418 756 1497; baseline -0.007 -16"><span class='ocrx_word' id='word_1_123' title='bbox 145 1422 249 1481; x_wconf 91' lang='lat' dir='ltr'>bomini</span> <span class='ocrx_word' id='word_1_124' title='bbox 266 1418 395 1497; x_wconf 86' lang='lat' dir='ltr'>pluruma</span> <span class='ocrx_word' id='word_1_125' title='bbox 412 1436 449 1477; x_wconf 86' lang='lat' dir='ltr'>ex</span> <span class='ocrx_word' id='word_1_126' title='bbox 465 1418 579 1478; x_wconf 88' lang='lat' dir='ltr'>homine</span> <span class='ocrx_word' id='word_1_127' title='bbox 596 1428 660 1479; x_wconf 89' lang='lat' dir='ltr'>sunt</span> <span class='ocrx_word' id='word_1_128' title='bbox 674 1420 756 1479; x_wconf 86' lang='lat' dir='ltr'>mala.</span> 
     </span>
    </p>

    <p class='ocr_par' dir='ltr' id='par_1_4' title="bbox 118 1501 1253 2167">
     <span class='ocr_line' id='line_1_16' title="bbox 118 1501 1253 1589; baseline -0.002 -26"><span class='ocrx_word' id='word_1_129' title='bbox 118 1516 137 1570; x_wconf 81' lang='lat'><strong>6</strong></span> <span class='ocrx_word' id='word_1_130' title='bbox 207 1503 277 1581; x_wconf 80' lang='lat' dir='ltr'>Cap.</span> <span class='ocrx_word' id='word_1_131' title='bbox 294 1503 319 1561; x_wconf 88' lang='lat'>1.</span> <span class='ocrx_word' id='word_1_132' title='bbox 346 1501 384 1561; x_wconf 80' lang='lat' dir='ltr'>m</span> <span class='ocrx_word' id='word_1_133' title='bbox 397 1502 434 1575; x_wconf 87' lang='lat' dir='ltr'>de</span> <span class='ocrx_word' id='word_1_134' title='bbox 446 1502 630 1563; x_wconf 87' lang='lat' dir='ltr'>universitate</span> <span class='ocrx_word' id='word_1_135' title='bbox 648 1504 761 1581; x_wconf 88' lang='lat' dir='ltr'>quidem</span> <span class='ocrx_word' id='word_1_136' title='bbox 777 1506 895 1580; x_wconf 85' lang='lat' dir='ltr'>generis</span> <span class='ocrx_word' id='word_1_137' title='bbox 910 1502 1023 1564; x_wconf 84' lang='lat' dir='ltr'>hnmani</span> <span class='ocrx_word' id='word_1_138' title='bbox 1038 1519 1180 1581; x_wconf 70' lang='lat' dir='ltr'>magnate</span> <span class='ocrx_word' id='word_1_139' title='bbox 1252 1508 1253 1589; x_wconf 67' lang='lat' dir='ltr'>t</span> 
     </span>
     <span class='ocr_line' id='line_1_17' title="bbox 146 1586 1253 1665; baseline 0 -18"><span class='ocrx_word' id='word_1_140' title='bbox 146 1606 184 1649; x_wconf 84' lang='lat' dir='ltr'>ex</span> <span class='ocrx_word' id='word_1_141' title='bbox 204 1594 286 1665; x_wconf 85' lang='lat' dir='ltr'>parte</span> <span class='ocrx_word' id='word_1_142' title='bbox 310 1586 338 1645; x_wconf 89' lang='lat' dir='ltr'>in</span> <span class='ocrx_word' id='word_1_143' title='bbox 362 1586 504 1646; x_wconf 87' lang='lat' dir='ltr'>relatione</span> <span class='ocrx_word' id='word_1_144' title='bbox 524 1589 651 1662; x_wconf 82' lang='lat' dir='ltr'>gentium</span> <span class='ocrx_word' id='word_1_145' title='bbox 676 1586 806 1645; x_wconf 85' lang='lat' dir='ltr'>diximus.</span> <span class='ocrx_word' id='word_1_146' title='bbox 842 1587 951 1663; x_wconf 78' lang='lat' dir='ltr'>&#39;neque</span> <span class='ocrx_word' id='word_1_147' title='bbox 976 1589 1050 1646; x_wconf 93' lang='lat' dir='ltr'>enim</span> <span class='ocrx_word' id='word_1_148' title='bbox 1072 1591 1142 1647; x_wconf 88' lang='lat' dir='ltr'>ritus</span> <span class='ocrx_word' id='word_1_149' title='bbox 1252 1654 1253 1657; x_wconf 8' lang='grc' dir='ltr'><strong>Ἴ</strong></span> 
     </span>
     <span class='ocr_line' id='line_1_18' title="bbox 144 1667 1196 1749; baseline 0 -18"><span class='ocrx_word' id='word_1_150' title='bbox 144 1688 300 1746; x_wconf 87' lang='lat' dir='ltr'>moresque</span> <span class='ocrx_word' id='word_1_151' title='bbox 315 1687 388 1728; x_wconf 91' lang='lat' dir='ltr'>nunc</span> <span class='ocrx_word' id='word_1_152' title='bbox 403 1667 589 1728; x_wconf 88' lang='lat' dir='ltr'>tractabimus</span> <span class='ocrx_word' id='word_1_153' title='bbox 601 1670 763 1729; x_wconf 89' lang='lat' dir='ltr'>innumeros</span> <span class='ocrx_word' id='word_1_154' title='bbox 779 1688 813 1729; x_wconf 90' lang='lat' dir='ltr'>ao</span> <span class='ocrx_word' id='word_1_155' title='bbox 829 1669 947 1730; x_wconf 87' lang='lat' dir='ltr'>totidem</span> <span class='ocrx_word' id='word_1_156' title='bbox 962 1688 1056 1749; x_wconf 91' lang='lat' dir='ltr'>paene</span> <span class='ocrx_word' id='word_1_157' title='bbox 1074 1680 1144 1747; x_wconf 87' lang='lat' dir='ltr'>quot</span> <span class='ocrx_word' id='word_1_158' title='bbox 1192 1708 1196 1717; x_wconf 92' lang='lat'>·</span> 
     </span>
     <span class='ocr_line' id='line_1_19' title="bbox 145 1752 1141 1831; baseline 0.002 -18"><span class='ocrx_word' id='word_1_159' title='bbox 145 1763 210 1814; x_wconf 89' lang='lat' dir='ltr'>sunt</span> <span class='ocrx_word' id='word_1_160' title='bbox 230 1762 331 1812; x_wconf 89' lang='lat' dir='ltr'>coetus</span> <span class='ocrx_word' id='word_1_161' title='bbox 348 1752 491 1811; x_wconf 88' lang='lat' dir='ltr'>bominum</span> <span class='ocrx_word' id='word_1_162' title='bbox 500 1752 670 1830; x_wconf 81' lang='lat' dir='ltr'>,quaedam</span> <span class='ocrx_word' id='word_1_163' title='bbox 686 1762 781 1813; x_wconf 87' lang='lat' dir='ltr'>tamen</span> <span class='ocrx_word' id='word_1_164' title='bbox 798 1752 865 1813; x_wconf 88' lang='lat' dir='ltr'>haut</span> <span class='ocrx_word' id='word_1_165' title='bbox 882 1752 1036 1813; x_wconf 85' lang='lat' dir='ltr'>omittenda</span> <span class='ocrx_word' id='word_1_166' title='bbox 1055 1752 1141 1831; x_wconf 86' lang='lat' dir='ltr'>duco,</span> 
     </span>
     <span class='ocr_line' id='line_1_20' title="bbox 144 1834 1143 1937; baseline 0 -39"><span class='ocrx_word' id='word_1_167' title='bbox 144 1854 334 1915; x_wconf 78' lang='lat' dir='ltr'>maxumeque</span> <span class='ocrx_word' id='word_1_168' title='bbox 353 1836 467 1917; x_wconf 80' lang='lat' dir='ltr'>longius</span> <span class='ocrx_word' id='word_1_169' title='bbox 482 1837 584 1895; x_wconf 87' lang='lat' dir='ltr'>amari</span> <span class='ocrx_word' id='word_1_170' title='bbox 601 1836 780 1936; x_wconf 83' lang='lat' dir='ltr'>degentium,</span> <span class='ocrx_word' id='word_1_171' title='bbox 804 1838 832 1895; x_wconf 92' lang='lat' dir='ltr'>in</span> <span class='ocrx_word' id='word_1_172' title='bbox 848 1836 950 1915; x_wconf 88' lang='lat' dir='ltr'>quibus</span> <span class='ocrx_word' id='word_1_173' title='bbox 974 1834 1143 1937; x_wconf 81' lang='lat' dir='ltr'>prodigiose</span> 
     </span>
     <span class='ocr_line' id='line_1_21' title="bbox 146 1919 1184 1999; baseline 0.001 -18"><span class='ocrx_word' id='word_1_174' title='bbox 146 1922 240 1998; x_wconf 87' lang='lat' dir='ltr'>aliqua</span> <span class='ocrx_word' id='word_1_175' title='bbox 256 1929 287 1979; x_wconf 89' lang='lat' dir='ltr'>ct</span> <span class='ocrx_word' id='word_1_176' title='bbox 299 1919 478 1981; x_wconf 87' lang='lat' dir='ltr'>incredibilia</span> <span class='ocrx_word' id='word_1_177' title='bbox 491 1920 586 1979; x_wconf 89' lang='lat' dir='ltr'>multis</span> <span class='ocrx_word' id='word_1_178' title='bbox 603 1920 695 1979; x_wconf 87' lang='lat' dir='ltr'>visum</span> <span class='ocrx_word' id='word_1_179' title='bbox 713 1922 747 1979; x_wconf 92' lang='lat' dir='ltr'>iri</span> <span class='ocrx_word' id='word_1_180' title='bbox 764 1920 830 1980; x_wconf 86' lang='lat' dir='ltr'>heut</span> <span class='ocrx_word' id='word_1_181' title='bbox 846 1920 953 1982; x_wconf 87' lang='lat' dir='ltr'>dubito.</span> <span class='ocrx_word' id='word_1_182' title='bbox 989 1922 1052 1999; x_wconf 86' lang='lat' dir='ltr'>quis</span> <span class='ocrx_word' id='word_1_183' title='bbox 1068 1923 1143 1979; x_wconf 87' lang='lat' dir='ltr'>enim</span> <span class='ocrx_word' id='word_1_184' title='bbox 1153 1943 1184 1985; x_wconf 78' lang='lat' dir='ltr'>sc</span> 
     </span>
     <span class='ocr_line' id='line_1_22' title="bbox 146 1992 1253 2103; baseline -0.001 -39"><span class='ocrx_word' id='word_1_185' title='bbox 146 2005 306 2085; x_wconf 80' lang='lat' dir='ltr'>Aethiopas</span> <span class='ocrx_word' id='word_1_186' title='bbox 322 2012 473 2103; x_wconf 76' lang='lat' dir='ltr'>antequam</span> <span class='ocrx_word' id='word_1_187' title='bbox 484 1992 618 2063; x_wconf 77' lang='lat' dir='ltr'>cerberet</span> <span class='ocrx_word' id='word_1_188' title='bbox 630 2001 772 2065; x_wconf 83' lang='lat' dir='ltr'>credidit?</span> <span class='ocrx_word' id='word_1_189' title='bbox 792 2012 840 2065; x_wconf 90' lang='lat' dir='ltr'>aut</span> <span class='ocrx_word' id='word_1_190' title='bbox 853 2004 922 2083; x_wconf 89' lang='lat' dir='ltr'>qnid</span> <span class='ocrx_word' id='word_1_191' title='bbox 937 2022 994 2065; x_wconf 91' lang='lat' dir='ltr'>non</span> <span class='ocrx_word' id='word_1_192' title='bbox 1004 2004 1143 2065; x_wconf 87' lang='lat' dir='ltr'>miraculo</span> <span class='ocrx_word' id='word_1_193' title='bbox 1252 2022 1253 2089; x_wconf 67' lang='lat' dir='ltr'>p</span> 
     </span>
     <span class='ocr_line' id='line_1_23' title="bbox 148 2085 1144 2167; baseline -0.002 -18"><span class='ocrx_word' id='word_1_194' title='bbox 148 2099 208 2164; x_wconf 90' lang='lat' dir='ltr'>est,</span> <span class='ocrx_word' id='word_1_195' title='bbox 231 2090 434 2167; x_wconf 89' lang='lat' dir='ltr'>cumprimum</span> <span class='ocrx_word' id='word_1_196' title='bbox 457 2090 486 2147; x_wconf 93' lang='lat' dir='ltr'>in</span> <span class='ocrx_word' id='word_1_197' title='bbox 508 2089 635 2148; x_wconf 85' lang='lat' dir='ltr'>notitiam</span> <span class='ocrx_word' id='word_1_198' title='bbox 657 2085 758 2148; x_wconf 81' lang='lat' dir='ltr'>veuit?</span> <span class='ocrx_word' id='word_1_199' title='bbox 788 2106 870 2167; x_wconf 90' lang='lat' dir='ltr'>quam</span> <span class='ocrx_word' id='word_1_200' title='bbox 892 2089 979 2149; x_wconf 91' lang='lat' dir='ltr'>multa</span> <span class='ocrx_word' id='word_1_201' title='bbox 1002 2088 1065 2148; x_wconf 88' lang='lat' dir='ltr'>lieri</span> <span class='ocrx_word' id='word_1_202' title='bbox 1086 2106 1144 2148; x_wconf 91' lang='lat' dir='ltr'>non</span> 
     </span>
    </p>

    <p class='ocr_par' dir='ltr' id='par_1_5' title="bbox 121 2169 1253 2669">
     <span class='ocr_line' id='line_1_24' title="bbox 121 2169 1253 2253; baseline -0.004 -17"><span class='ocrx_word' id='word_1_203' title='bbox 121 2180 237 2253; x_wconf 82' lang='lat' dir='ltr'>‘iposse</span> <span class='ocrx_word' id='word_1_204' title='bbox 254 2174 419 2252; x_wconf 86' lang='lat' dir='ltr'>priusquam</span> <span class='ocrx_word' id='word_1_205' title='bbox 438 2174 493 2231; x_wconf 92' lang='lat' dir='ltr'>sint</span> <span class='ocrx_word' id='word_1_206' title='bbox 508 2172 584 2232; x_wconf 82' lang='lat' dir='ltr'>facta</span> <span class='ocrx_word' id='word_1_207' title='bbox 604 2169 784 2232; x_wconf 75' lang='lat' dir='ltr'>iudicantur?</span> <span class='ocrx_word' id='word_1_208' title='bbox 819 2172 944 2233; x_wconf 87' lang='lat' dir='ltr'>Naturae</span> <span class='ocrx_word' id='word_1_209' title='bbox 962 2190 1031 2233; x_wconf 87' lang='lat' dir='ltr'>vero</span> <span class='ocrx_word' id='word_1_210' title='bbox 1048 2190 1144 2232; x_wconf 84' lang='lat' dir='ltr'>rerum</span> <span class='ocrx_word' id='word_1_211' title='bbox 1252 2234 1253 2247; x_wconf 42' lang='lat'>,</span> 
     </span>
     <span class='ocr_line' id='line_1_25' title="bbox 146 2255 1143 2337; baseline -0.004 -20"><span class='ocrx_word' id='word_1_212' title='bbox 146 2259 191 2317; x_wconf 84' lang='lat' dir='ltr'>vis</span> <span class='ocrx_word' id='word_1_213' title='bbox 212 2266 299 2337; x_wconf 86' lang='lat' dir='ltr'>atque</span> <span class='ocrx_word' id='word_1_214' title='bbox 313 2259 448 2316; x_wconf 91' lang='lat' dir='ltr'>maiestas</span> <span class='ocrx_word' id='word_1_215' title='bbox 466 2258 493 2314; x_wconf 94' lang='lat' dir='ltr'>in</span> <span class='ocrx_word' id='word_1_216' title='bbox 511 2257 643 2315; x_wconf 89' lang='lat' dir='ltr'>omnibus</span> <span class='ocrx_word' id='word_1_217' title='bbox 662 2258 812 2317; x_wconf 85' lang='lat' dir='ltr'>momentis</span> <span class='ocrx_word' id='word_1_218' title='bbox 834 2255 890 2319; x_wconf 86' lang='lat' dir='ltr'>lide</span> <span class='ocrx_word' id='word_1_219' title='bbox 913 2264 1009 2333; x_wconf 88' lang='lat' dir='ltr'>caret,</span> <span class='ocrx_word' id='word_1_220' title='bbox 1037 2258 1061 2314; x_wconf 90' lang='lat' dir='ltr'>si</span> <span class='ocrx_word' id='word_1_221' title='bbox 1080 2258 1143 2335; x_wconf 87' lang='lat' dir='ltr'>quis</span> 
     </span>
     <span class='ocr_line' id='line_1_26' title="bbox 146 2338 1253 2419; baseline -0.003 -17"><span class='ocrx_word' id='word_1_222' title='bbox 146 2344 233 2404; x_wconf 91' lang='lat' dir='ltr'>modo</span> <span class='ocrx_word' id='word_1_223' title='bbox 255 2342 345 2419; x_wconf 92' lang='lat' dir='ltr'>partis</span> <span class='ocrx_word' id='word_1_224' title='bbox 367 2342 429 2398; x_wconf 90' lang='lat' dir='ltr'>eius</span> <span class='ocrx_word' id='word_1_225' title='bbox 451 2356 487 2397; x_wconf 90' lang='lat' dir='ltr'>ac</span> <span class='ocrx_word' id='word_1_226' title='bbox 508 2356 565 2398; x_wconf 92' lang='lat' dir='ltr'>non</span> <span class='ocrx_word' id='word_1_227' title='bbox 582 2348 669 2399; x_wconf 83' lang='lat' dir='ltr'>totam</span> <span class='ocrx_word' id='word_1_228' title='bbox 692 2340 892 2417; x_wconf 85' lang='lat' dir='ltr'>conplectatur</span> <span class='ocrx_word' id='word_1_229' title='bbox 907 2342 1009 2400; x_wconf 86' lang='lat' dir='ltr'>animo</span> <span class='ocrx_word' id='word_1_230' title='bbox 1040 2358 1075 2399; x_wconf 91' lang='lat' dir='ltr'>ne</span> <span class='ocrx_word' id='word_1_231' title='bbox 1093 2358 1181 2419; x_wconf 76' lang='lat' dir='ltr'>paca</span> <span class='ocrx_word' id='word_1_232' title='bbox 1252 2338 1253 2367; x_wconf 60' lang='lat'>³</span> 
     </span>
     <span class='ocr_line' id='line_1_27' title="bbox 145 2423 1143 2506; baseline -0.004 -21"><span class='ocrx_word' id='word_1_233' title='bbox 145 2443 240 2486; x_wconf 76' lang='lat' dir='ltr'>sones</span> <span class='ocrx_word' id='word_1_234' title='bbox 262 2442 297 2483; x_wconf 91' lang='lat' dir='ltr'>ac</span> <span class='ocrx_word' id='word_1_235' title='bbox 318 2424 432 2499; x_wconf 78' lang='lat' dir='ltr'>tigrium</span> <span class='ocrx_word' id='word_1_236' title='bbox 448 2424 707 2506; x_wconf 82' lang='lat' dir='ltr'>pantherarumque</span> <span class='ocrx_word' id='word_1_237' title='bbox 730 2424 857 2483; x_wconf 83' lang='lat' dir='ltr'>maculas</span> <span class='ocrx_word' id='word_1_238' title='bbox 877 2432 907 2483; x_wconf 89' lang='lat' dir='ltr'>et</span> <span class='ocrx_word' id='word_1_239' title='bbox 925 2433 967 2483; x_wconf 89' lang='lat' dir='ltr'>tot</span> <span class='ocrx_word' id='word_1_240' title='bbox 982 2423 1143 2485; x_wconf 88' lang='lat' dir='ltr'>animalium</span> 
     </span>
     <span class='ocr_line' id='line_1_28' title="bbox 147 2506 1143 2587; baseline 0 -20"><span class='ocrx_word' id='word_1_241' title='bbox 147 2512 273 2587; x_wconf 86' lang='lat' dir='ltr'>picturas</span> <span class='ocrx_word' id='word_1_242' title='bbox 294 2522 521 2579; x_wconf 85' lang='lat' dir='ltr'>conmemoreun,</span> <span class='ocrx_word' id='word_1_243' title='bbox 548 2522 668 2583; x_wconf 84' lang='lat' dir='ltr'>parvom</span> <span class='ocrx_word' id='word_1_244' title='bbox 689 2506 772 2566; x_wconf 85' lang='lat' dir='ltr'>dictu</span> <span class='ocrx_word' id='word_1_245' title='bbox 793 2507 879 2566; x_wconf 90' lang='lat' dir='ltr'>sed</span> <span class='ocrx_word' id='word_1_246' title='bbox 871 2524 1027 2566; x_wconf 85' lang='lat' dir='ltr'>inmensum</span> <span class='ocrx_word' id='word_1_247' title='bbox 1048 2516 1143 2567; x_wconf 87' lang='lat' dir='ltr'>aestu-</span> 
     </span>
     <span class='ocr_line' id='line_1_29' title="bbox 146 2585 1253 2669; baseline -0.001 -19"><span class='ocrx_word' id='word_1_248' title='bbox 146 2592 288 2665; x_wconf 84' lang='lat' dir='ltr'>matioue,</span> <span class='ocrx_word' id='word_1_249' title='bbox 307 2598 350 2649; x_wconf 88' lang='lat' dir='ltr'>tot</span> <span class='ocrx_word' id='word_1_250' title='bbox 364 2589 491 2665; x_wconf 79' lang='lat' dir='ltr'>gentium</span> <span class='ocrx_word' id='word_1_251' title='bbox 512 2585 676 2663; x_wconf 80' lang='lat' dir='ltr'>sermones,</span> <span class='ocrx_word' id='word_1_252' title='bbox 700 2598 741 2648; x_wconf 94' lang='lat' dir='ltr'>tot</span> <span class='ocrx_word' id='word_1_253' title='bbox 759 2590 889 2667; x_wconf 78' lang='lat' dir='ltr'>linguae,</span> <span class='ocrx_word' id='word_1_254' title='bbox 912 2599 988 2651; x_wconf 85' lang='lat' dir='ltr'>tanta</span> <span class='ocrx_word' id='word_1_255' title='bbox 1006 2590 1144 2669; x_wconf 90' lang='lat' dir='ltr'>loquendi</span> <span class='ocrx_word' id='word_1_256' title='bbox 1252 2616 1253 2669; x_wconf 65' lang='lat' dir='ltr'>q</span> 
     </span>
    </p>

    <p class='ocr_par' dir='ltr' id='par_1_6' title="bbox 120 2672 1253 3256">
     <span class='ocr_line' id='line_1_30' title="bbox 120 2672 1143 2749; baseline -0.001 -15"><span class='ocrx_word' id='word_1_257' title='bbox 120 2675 290 2749; x_wconf 75' lang='lat' dir='ltr'>svariet&#39;as,</span> <span class='ocrx_word' id='word_1_258' title='bbox 308 2683 338 2732; x_wconf 91' lang='lat' dir='ltr'>nt</span> <span class='ocrx_word' id='word_1_259' title='bbox 352 2680 490 2733; x_wconf 85' lang='lat' dir='ltr'>externus</span> <span class='ocrx_word' id='word_1_260' title='bbox 505 2672 600 2731; x_wconf 89' lang='lat' dir='ltr'>alieno</span> <span class='ocrx_word' id='word_1_261' title='bbox 617 2690 710 2749; x_wconf 83' lang='lat' dir='ltr'>psene</span> <span class='ocrx_word' id='word_1_262' title='bbox 725 2690 781 2732; x_wconf 92' lang='lat' dir='ltr'>non</span> <span class='ocrx_word' id='word_1_263' title='bbox 796 2672 1055 2733; x_wconf 85' lang='lat' dir='ltr'>sithominisvice.</span> <span class='ocrx_word' id='word_1_264' title='bbox 1088 2676 1143 2733; x_wconf 90' lang='lat' dir='ltr'>iarn</span> 
     </span>
     <span class='ocr_line' id='line_1_31' title="bbox 146 2756 1253 2865; baseline 0.001 -49"><span class='ocrx_word' id='word_1_265' title='bbox 146 2761 176 2817; x_wconf 92' lang='lat' dir='ltr'>in</span> <span class='ocrx_word' id='word_1_266' title='bbox 202 2758 278 2817; x_wconf 89' lang='lat' dir='ltr'>lacie</span> <span class='ocrx_word' id='word_1_267' title='bbox 302 2758 441 2836; x_wconf 86' lang='lat' dir='ltr'>voltuque</span> <span class='ocrx_word' id='word_1_268' title='bbox 466 2765 566 2816; x_wconf 89' lang='lat' dir='ltr'>nostro</span> <span class='ocrx_word' id='word_1_269' title='bbox 592 2774 655 2815; x_wconf 81' lang='lat' dir='ltr'>cuni</span> <span class='ocrx_word' id='word_1_270' title='bbox 676 2758 729 2816; x_wconf 86' lang='lat' dir='ltr'>sint</span> <span class='ocrx_word' id='word_1_271' title='bbox 751 2756 853 2817; x_wconf 87' lang='lat' dir='ltr'>decem</span> <span class='ocrx_word' id='word_1_272' title='bbox 878 2766 926 2817; x_wconf 87' lang='lat' dir='ltr'>aut</span> <span class='ocrx_word' id='word_1_273' title='bbox 952 2756 1037 2839; x_wconf 88' lang='lat' dir='ltr'>paulo</span> <span class='ocrx_word' id='word_1_274' title='bbox 1062 2758 1181 2835; x_wconf 85' lang='lat' dir='ltr'>plurnac</span> <span class='ocrx_word' id='word_1_275' title='bbox 1252 2786 1253 2865; x_wconf 62' lang='lat' dir='ltr'>q</span> 
     </span>
     <span class='ocr_line' id='line_1_32' title="bbox 147 2840 1253 2941; baseline -0.001 -40"><span class='ocrx_word' id='word_1_276' title='bbox 147 2842 289 2941; x_wconf 82' lang='lat' dir='ltr'>membra,</span> <span class='ocrx_word' id='word_1_277' title='bbox 311 2840 404 2901; x_wconf 90' lang='lat' dir='ltr'>nullas</span> <span class='ocrx_word' id='word_1_278' title='bbox 420 2842 490 2901; x_wconf 88' lang='lat' dir='ltr'>duas</span> <span class='ocrx_word' id='word_1_279' title='bbox 505 2842 533 2899; x_wconf 93' lang='lat' dir='ltr'>in</span> <span class='ocrx_word' id='word_1_280' title='bbox 547 2848 590 2899; x_wconf 86' lang='lat' dir='ltr'>tot</span> <span class='ocrx_word' id='word_1_281' title='bbox 607 2840 719 2901; x_wconf 88' lang='lat' dir='ltr'>milibus</span> <span class='ocrx_word' id='word_1_282' title='bbox 735 2840 877 2900; x_wconf 86' lang='lat' dir='ltr'>hominum</span> <span class='ocrx_word' id='word_1_283' title='bbox 893 2840 1064 2901; x_wconf 79' lang='lat' dir='ltr'>indiscretas</span> <span class='ocrx_word' id='word_1_284' title='bbox 1083 2842 1143 2900; x_wconf 89' lang='lat' dir='ltr'>eili-</span> <span class='ocrx_word' id='word_1_285' title='bbox 1252 2868 1253 2915; x_wconf 67' lang='grc' dir='ltr'><strong>ι</strong></span> 
     </span>
     <span class='ocr_line' id='line_1_33' title="bbox 147 2925 1144 3004; baseline -0.003 -18"><span class='ocrx_word' id='word_1_286' title='bbox 147 2928 211 3003; x_wconf 80' lang='lat' dir='ltr'>gies</span> <span class='ocrx_word' id='word_1_287' title='bbox 227 2928 386 3001; x_wconf 85' lang='lat' dir='ltr'>exsistere,</span> <span class='ocrx_word' id='word_1_288' title='bbox 404 2926 482 3004; x_wconf 88' lang='lat' dir='ltr'>quod</span> <span class='ocrx_word' id='word_1_289' title='bbox 498 2943 545 2999; x_wconf 82' lang='lat' dir='ltr'>ars</span> <span class='ocrx_word' id='word_1_290' title='bbox 561 2925 662 2985; x_wconf 89' lang='lat' dir='ltr'>nulla&#39;</span> <span class='ocrx_word' id='word_1_291' title='bbox 654 2942 682 2983; x_wconf 83' lang='lat' dir='ltr'>nn</span> <span class='ocrx_word' id='word_1_292' title='bbox 699 2926 797 3003; x_wconf 85' lang='lat' dir='ltr'>paucis</span> <span class='ocrx_word' id='word_1_293' title='bbox 814 2942 931 2985; x_wconf 89' lang='lat' dir='ltr'>numero</span> <span class='ocrx_word' id='word_1_294' title='bbox 950 2934 1080 3004; x_wconf 88' lang='lat' dir='ltr'>praestet</span> <span class='ocrx_word' id='word_1_295' title='bbox 1097 2926 1144 2984; x_wconf 88' lang='lat' dir='ltr'>ad·</span> 
     </span>
     <span class='ocr_line' id='line_1_34' title="bbox 146 3008 1145 3091; baseline -0.001 -21"><span class='ocrx_word' id='word_1_296' title='bbox 146 3011 292 3070; x_wconf 81' lang='lat' dir='ltr'>sectando</span> <span class='ocrx_word' id='word_1_297' title='bbox 337 3008 400 3068; x_wconf 87' lang='lat' dir='ltr'>Nec</span> <span class='ocrx_word' id='word_1_298' title='bbox 425 3018 520 3069; x_wconf 83' lang='lat' dir='ltr'>tanen</span> <span class='ocrx_word' id='word_1_299' title='bbox 541 3026 599 3086; x_wconf 77' lang='lat' dir='ltr'>ego</span> <span class='ocrx_word' id='word_1_300' title='bbox 622 3010 649 3067; x_wconf 94' lang='lat' dir='ltr'>in</span> <span class='ocrx_word' id='word_1_301' title='bbox 672 3009 820 3091; x_wconf 89' lang='lat' dir='ltr'>plerisque</span> <span class='ocrx_word' id='word_1_302' title='bbox 843 3026 943 3070; x_wconf 87' lang='lat' dir='ltr'>eorum</span> <span class='ocrx_word' id='word_1_303' title='bbox 967 3010 1145 3087; x_wconf 81' lang='lat' dir='ltr'>obstringam</span> 
     </span>
     <span class='ocr_line' id='line_1_35' title="bbox 147 3090 1144 3172; baseline 0 -19"><span class='ocrx_word' id='word_1_304' title='bbox 147 3094 233 3153; x_wconf 87' lang='lat' dir='ltr'>iidem</span> <span class='ocrx_word' id='word_1_305' title='bbox 247 3109 355 3167; x_wconf 89' lang='lat' dir='ltr'>meam,</span> <span class='ocrx_word' id='word_1_306' title='bbox 377 3094 531 3170; x_wconf 88' lang='lat' dir='ltr'>potiusque</span> <span class='ocrx_word' id='word_1_307' title='bbox 547 3093 584 3152; x_wconf 90' lang='lat' dir='ltr'>ad</span> <span class='ocrx_word' id='word_1_308' title='bbox 597 3103 732 3153; x_wconf 87' lang='lat' dir='ltr'>auctores</span> <span class='ocrx_word' id='word_1_309' title='bbox 750 3090 891 3170; x_wconf 82' lang='lat' dir='ltr'>relegabo</span> <span class='ocrx_word' id='word_1_310' title='bbox 908 3095 955 3172; x_wconf 90' lang='lat' dir='ltr'>qni</span> <span class='ocrx_word' id='word_1_311' title='bbox 972 3093 1063 3154; x_wconf 87' lang='lat' dir='ltr'>dubiis</span> <span class='ocrx_word' id='word_1_312' title='bbox 1079 3094 1144 3153; x_wconf 90' lang='lat' dir='ltr'>red·</span> 
     </span>
     <span class='ocr_line' id='line_1_36' title="bbox 147 3176 1183 3256; baseline 0.001 -20"><span class='ocrx_word' id='word_1_313' title='bbox 147 3177 250 3237; x_wconf 86' lang='lat' dir='ltr'>deutur</span> <span class='ocrx_word' id='word_1_314' title='bbox 272 3176 418 3250; x_wconf 88' lang='lat' dir='ltr'>omnibns,</span> <span class='ocrx_word' id='word_1_315' title='bbox 441 3177 528 3236; x_wconf 89' lang='lat' dir='ltr'>modo</span> <span class='ocrx_word' id='word_1_316' title='bbox 550 3194 588 3235; x_wconf 89' lang='lat' dir='ltr'>ne</span> <span class='ocrx_word' id='word_1_317' title='bbox 608 3178 646 3235; x_wconf 84' lang='lat' dir='ltr'>sit</span> <span class='ocrx_word' id='word_1_318' title='bbox 669 3176 783 3236; x_wconf 81' lang='lat' dir='ltr'>fastidio</span> <span class='ocrx_word' id='word_1_319' title='bbox 808 3176 938 3237; x_wconf 81' lang='lat' dir='ltr'>Graecos</span> <span class='ocrx_word' id='word_1_320' title='bbox 958 3178 1042 3256; x_wconf 89' lang='lat' dir='ltr'>sequi</span> <span class='ocrx_word' id='word_1_321' title='bbox 1066 3187 1183 3237; x_wconf 80' lang='lat' dir='ltr'>tantoss</span> 
     </span>
    </p>

    <p class='ocr_par' dir='ltr' id='par_1_7' title="bbox 52 3258 1148 3507">
     <span class='ocr_line' id='line_1_37' title="bbox 52 3258 868 3335; baseline 0.001 -17"><span class='ocrx_word' id='word_1_322' title='bbox 52 3297 55 3310; x_wconf 87' lang='lat'>.</span> <span class='ocrx_word' id='word_1_323' title='bbox 148 3262 258 3319; x_wconf 88' lang='lat' dir='ltr'>maiore</span> <span class='ocrx_word' id='word_1_324' title='bbox 274 3274 373 3317; x_wconf 89' lang='lat' dir='ltr'>eorum</span> <span class='ocrx_word' id='word_1_325' title='bbox 388 3258 536 3335; x_wconf 77' lang='lat' dir='ltr'>diligentia</span> <span class='ocrx_word' id='word_1_326' title='bbox 550 3260 599 3320; x_wconf 83' lang='lat' dir='ltr'>vel</span> <span class='ocrx_word' id='word_1_327' title='bbox 614 3278 682 3320; x_wconf 88' lang='lat' dir='ltr'>cura</span> <span class='ocrx_word' id='word_1_328' title='bbox 699 3262 868 3320; x_wconf 84' lang='lat' dir='ltr'>vetustiore.</span> 
     </span>
     <span class='ocr_line' id='line_1_38' title="bbox 121 3340 1147 3423; baseline 0.005 -24"><span class='ocrx_word' id='word_1_329' title='bbox 121 3352 138 3405; x_wconf 84' lang='lat'><strong>9</strong></span> <span class='ocrx_word' id='word_1_330' title='bbox 212 3342 240 3400; x_wconf 81' lang='lat'>2.</span> <span class='ocrx_word' id='word_1_331' title='bbox 258 3341 322 3421; x_wconf 81' lang='lat'><strong>(2.)</strong></span> <span class='ocrx_word' id='word_1_332' title='bbox 344 3340 420 3399; x_wconf 79' lang='lat' dir='ltr'>ldsse</span> <span class='ocrx_word' id='word_1_333' title='bbox 435 3342 604 3416; x_wconf 77' lang='lat' dir='ltr'>Scytharum</span> <span class='ocrx_word' id='word_1_334' title='bbox 619 3360 744 3419; x_wconf 75' lang='lat' dir='ltr'>genera,</span> <span class='ocrx_word' id='word_1_335' title='bbox 767 3344 925 3423; x_wconf 84' lang='lat' dir='ltr'>etquidem</span> <span class='ocrx_word' id='word_1_336' title='bbox 948 3344 1047 3423; x_wconf 89' lang='lat' dir='ltr'>plura,</span> <span class='ocrx_word' id='word_1_337' title='bbox 1073 3360 1147 3423; x_wconf 87' lang='lat' dir='ltr'>quac</span> 
     </span>
     <span class='ocr_line' id='line_1_39' title="bbox 107 3424 1148 3507; baseline 0.004 -24"><span class='ocrx_word' id='word_1_338' title='bbox 107 3424 325 3507; x_wconf 47' lang='lat' dir='ltr'>&amp;temporibus</span> <span class='ocrx_word' id='word_1_339' title='bbox 346 3424 474 3483; x_wconf 85' lang='lat' dir='ltr'>humanis</span> <span class='ocrx_word' id='word_1_340' title='bbox 499 3433 688 3485; x_wconf 84' lang='lat' dir='ltr'>vescerentur</span> <span class='ocrx_word' id='word_1_341' title='bbox 711 3426 905 3487; x_wconf 84' lang='lat' dir='ltr'>indicarimus.</span> <span class='ocrx_word' id='word_1_342' title='bbox 945 3426 972 3489; x_wconf 92' lang='lat' dir='ltr'>id</span> <span class='ocrx_word' id='word_1_343' title='bbox 996 3429 1088 3507; x_wconf 87' lang='lat' dir='ltr'>ipsum</span> <span class='ocrx_word' id='word_1_344' title='bbox 1106 3428 1148 3487; x_wconf 60' lang='lat' dir='ltr'>tus</span> 
     </span>
    </p>
   </div>
   <div class='ocr_carea' id='block_1_3' title="bbox 0 0 1277 3842">
    <p class='ocr_par' dir='ltr' id='par_1_8' title="bbox 0 0 1277 3842">
     <span class='ocr_line' id='line_1_40' title="bbox 0 0 1277 3842; baseline 0 0"><span class='ocrx_word' id='word_1_345' title='bbox 0 0 1277 3842; x_wconf 95' lang='lat' dir='ltr'> </span> 
     </span>
    </p>
   </div>
  </div>
 </body>
</html>
