2542 3842
173 156 214 219 80
518 168 825 219 o.rnrn1sncnnn1

13 321 14 352 ¹
173 337 236 388 rent
257 346 313 387 nec
333 326 595 404 reciprocationem
620 325 769 402 longitudo
794 327 821 384 in
846 326 973 386 exilitate
991 344 1091 405 caeca,
1113 336 1165 389 tor-

174 420 256 473 rente
271 410 372 490 rapido
379 411 530 470 minaciter
539 408 758 485 subterfluente,
768 409 888 469 alteram
898 410 1073 471 decubuisse
1086 422 1166 491 utque

129 500 227 561 mlta
245 497 365 575 pltcranl
383 494 571 573 proculcatae
588 505 818 573 supergressam.
843 492 931 553 liaris
944 511 1027 573 quam
1039 513 1165 557 maxume

174 582 279 655 simos,
296 579 393 656 longis
414 577 530 639 auribus
549 577 754 655 intractisque,
780 578 865 636 armis
880 595 964 655 quam
978 579 1166 641 villosissimis

172 664 304 745 probant.
342 665 509 723 leminarnm
530 663 734 738 generositatis
762 662 873 737 insigne
896 663 1017 722 laciniae
1041 666 1189 743 corpori-s

172 749 226 808 bus
243 767 259 808 a
276 749 392 807 ceruioe
408 746 492 805 binae
509 744 717 822 dependentes.
750 743 814 803 Non
835 746 965 805 omnibus
984 764 1101 823 cornua,
1118 748 1167 809 sed

88 849 91 856 ·
172 832 277 913 quibus
291 841 367 906 sunt,
389 832 418 888 in
433 830 477 891 bis
493 838 522 889 et
538 830 640 889 indicia
662 846 798 888 annorum
814 846 868 907 per
887 831 1063 892 incrementa
1079 832 1165 893 nodo·

171 934 242 976 rum.
271 916 375 976 mutilis
392 914 475 974 lactis
490 915 581 973 maior
596 912 725 972 ubertas.
755 912 872 973 auribus
895 932 945 974 eas
969 917 1092 993 spinare,
1113 933 1166 977 non

172 1000 303 1076 naribus,
334 1016 542 1076 necunquam
566 997 642 1057 iebri
672 1016 773 1057 carere
795 996 955 1057 Archelaus
982 1008 1083 1059 auctor
1114 1010 1164 1061 est.

171 1081 240 1145 ideo
258 1083 391 1145 fortassis
407 1084 499 1142 anima
516 1081 560 1142 bis
577 1100 661 1159 qnam
677 1080 780 1141 ovibus
795 1082 942 1141 ardentior
957 1083 1166 1164 calidioresque
1177 1102 1199 1143 ro

129 1168 369 1247 bosconcubitns.
399 1166 525 1226 Tradunt
546 1175 575 1225 et
594 1175 680 1227 noctu
697 1168 867 1235 nonminus
888 1184 1010 1227 cernere
1033 1171 1166 1247 quamin-
1258 1234 1259 1255 ,

171 1254 275 1314 terdiu.
299 1252 376 1327 ideo,
388 1253 412 1310 si
424 1253 569 1329 caprinum
580 1252 662 1311 iecur
675 1260 839 1325 vescantur,
849 1253 960 1310 restitui
976 1254 1167 1330 vespertinam
1224 1275 1230 1293 s
1258 1256 1259 1259 ’

171 1340 263 1397 aciem
278 1335 322 1395 bis
338 1350 413 1415 quos
428 1336 598 1413 nyctalopas
613 1344 728 1394 vocant.
760 1336 789 1394 in
805 1332 906 1394 Cilicia
922 1337 1057 1415 circaque
1076 1338 1167 1411 Syrtis

170 1422 242 1481 villo
265 1420 362 1480 tonsili
382 1421 552 1479 vestiuntur.
585 1436 687 1497 capras
712 1419 740 1477 in
771 1434 907 1478 occasum
930 1420 1034 1479 declivi
1056 1420 1120 1480 sole
1141 1422 1167 1480 in

171 1507 287 1585 pascuis
308 1512 414 1579 negant
437 1504 568 1563 contueri
587 1504 662 1562 inter
684 1520 750 1561 sese
768 1503 819 1562 sed
839 1520 957 1582 aversas
973 1506 1082 1578 iacere,
1101 1504 1165 1564 reli·
1177 1517 1202 1559 tt

173 1591 236 1667 quis
256 1596 351 1645 autem
373 1588 452 1646 boris
475 1586 614 1646 adversas
640 1595 669 1644 et
693 1588 767 1646 inter
782 1589 981 1662 cognationes.
1016 1587 1170 1665 Dependet

128 1673 311 1737 aesomnium
326 1681 422 1729 mento
436 1669 521 1729 villus
536 1688 621 1747 quem
634 1687 769 1729 aruncum
783 1679 898 1728 vocant.
929 1670 986 1729 hoc
1002 1674 1026 1730 si
1043 1674 1106 1749 quis
1120 1672 1168 1731 ad·

171 1753 345 1833 prehensam
361 1769 502 1829 exgrege
517 1770 599 1811 unam
610 1752 713 1827 trabat,
730 1763 846 1812 ceterae
861 1761 1013 1829 stupentes
1026 1764 1169 1831 spectant.

170 1838 198 1897 id
210 1838 298 1913 ,etiam
316 1838 443 1911 evenire,
462 1854 524 1895 curn
539 1836 678 1914 quandam
693 1836 811 1895 herbam
828 1835 922 1913 aliqua
939 1854 976 1895 ex
991 1837 1033 1895 eis
1045 1854 1169 1899 momor-

172 1922 254 1981 derit.
291 1919 405 1979 ldorsus
422 1930 518 1980 earum
536 1919 632 1979 arbori
648 1920 782 1979 exitialis.
810 1920 914 1979 olivam
929 1920 1082 1979 lambendo
1098 1936 1202 2001 quom
1260 1921 1261 2009 l

173 2024 228 2087 quc
241 2006 369 2065 sterilem
378 2007 494 2079 iaciunt,
506 2022 599 2082 eaque
611 2023 649 2063 ex
662 2022 748 2063 causa
759 2003 906 2063 Minervae
917 2021 974 2063 non
985 2004 1168 2067 inmolantur.
1260 2028 1261 2033 ¹

128 2100 181 2153 205
251 2091 299 2149 51.
318 2092 401 2169 (77.)
425 2090 507 2149 Suilli
525 2092 642 2167 peeoris
664 2088 820 2148 admissura
841 2107 856 2148 a
883 2088 999 2148 iasonio
1020 2089 1055 2149 ad
1071 2094 1170 2169 aequi·
1260 2160 1261 2169 χ

171 2176 295 2235 noctium
316 2192 449 2247 nemum,
479 2182 558 2233 aetas
587 2182 692 2232 octavo
707 2190 821 2250 mense,
847 2171 1013 2251 quibusdam
1033 2174 1068 2232 ‘in
1096 2173 1171 2233 locis
1260 2196 1261 2203 ¹

172 2260 257 2320 etiarn
282 2269 403 2338 quarto,
428 2276 519 2335 usque
542 2257 578 2315 ad
598 2268 732 2316 octavom
754 2275 864 2317 annum.
896 2266 994 2335 part-us
1016 2257 1060 2316 bis
1084 2273 1168 2330 anno,

171 2354 285 2421 tempus
307 2353 390 2401 utero
414 2350 547 2417 quattuor
566 2358 712 2416 mensum,
740 2358 873 2400 numerus
894 2340 1061 2399 fecunditati
1078 2340 1112 2399 ad
1126 2341 1168 2397 ri·
1180 2355 1206 2397 aa

172 2445 278 2499 cenos,
305 2425 357 2482 sed
382 2425 508 2483 educare
541 2432 687 2501 nequeunt
707 2434 763 2483 tam
787 2424 902 2483 multos.
937 2424 1172 2484 diebus'decem

173 2512 249 2571 circa
270 2506 398 2565 brumam
420 2506 514 2566 statim
536 2506 668 2566 dentatos
685 2508 764 2567 nasci
779 2506 908 2584 Nigidius
930 2508 1024 2575 tradit.
1057 2508 1171 2585 inplen-

171 2605 282 2653 tnruno
298 2593 385 2665 coitu,
403 2592 451 2674 qui
467 2600 496 2651 et
511 2593 671 2667 geminatur
686 2600 807 2669 propter
824 2591 990 2651 facilitatem
1006 2590 1171 2651 aboriendi.

171 2675 345 2750 remedium,
375 2694 412 2734 nc
433 2676 522 2753 prima
544 2674 694 2733 subatione
717 2692 811 2753 neque
839 2683 903 2734 ante
930 2674 1066 2735 flaccidas
1090 2676 1172 2735 auris

128 2761 278 2823 amonitus
303 2759 361 2819 liat,
394 2778 488 2819 mares
516 2776 572 2817 non
600 2758 672 2818 ultra
695 2760 835 2818 trimatum
860 2769 1009 2836 generant.
1043 2759 1209 2819 lentunen

172 2854 322 2904 senectute
346 2845 443 2904 iessae
468 2842 607 2903 cubantes
638 2850 752 2902 coeunt.
788 2860 921 2903 comesse
943 2844 1020 2903 letus
1041 2842 1086 2903 bis
1113 2860 1174 2902 non

170 2938 216 2987 est
232 2929 403 3007 prodigium.
431 2930 491 2987 suis
504 2928 580 2987 letus
598 2926 742 2987 sacrificio
760 2927 805 2988 die
821 2930 919 3006 quinto
938 2945 1025 3006 purus
1042 2936 1098 3004 est,
1118 2946 1174 3006 pe·

172 3015 248 3072 coris
265 3013 311 3071 die
337 3022 484 3093 septumo,
503 3012 587 3071 bovis
602 3014 759 3071 tricesimo.
796 3008 992 3071 Coruncanius
1021 3011 1174 3071 ruminalis

170 3097 279 3156 hostias
301 3096 394 3155 donec
420 3096 551 3156 bidentes
577 3096 680 3156 lierent
705 3112 791 3173 puras
815 3098 940 3174 negavit.
981 3098 1055 3155 Sues
1081 3096 1174 3155 oculo

172 3182 276 3239 amisso
302 3190 400 3256 putant
422 3183 479 3239 cito
503 3182 662 3257 exstingui,
680 3180 786 3259 alioqui
807 3182 864 3239 vita
885 3178 919 3239 ad
942 3180 1106 3258 quindecim
1121 3194 1213 3239 anau

171 3280 239 3339 nos,
263 3263 430 3341 quibusdam
452 3272 481 3322 et
505 3268 634 3337 vicenos.
667 3282 766 3323 verum
781 3264 953 3339 alienantur,
977 3273 1006 3323 et
1029 3264 1101 3323 alias
1118 3264 1175 3323 ob·

128 3349 303 3408 tltlnoxium
321 3364 412 3422 genus
435 3348 559 3423 morbis,
581 3350 701 3423 anginae
718 3365 847 3407 maxume
864 3358 892 3408 et
912 3358 1046 3407 strumae.
1082 3348 1177 3408 index

173 3430 231 3486 snis
252 3428 392 3489 invalidae
415 3447 501 3489 cruor
523 3434 551 3489 in
573 3432 671 3491 radice
694 3442 791 3492 saetae
816 3433 904 3493 dorso
921 3434 1058 3509 evolsae,
1082 3442 1177 3511 caput
