2542 3842
170 184 230 248 178
534 189 564 239 0.
582 189 678 237 mm
693 188 841 237 sncunnt

127 363 178 418 111
244 348 292 409 16.
312 346 395 426 (30.)
411 342 457 405 Ex
472 344 596 405 adverso
611 344 695 404 huius
718 345 789 404 situs
805 342 948 403 Britannia
970 341 1062 402 insula
1086 341 1164 403 clara

170 433 289 495 Graecis
308 430 472 507 nostrisque
493 429 674 489 monimentis
694 428 770 487 inter
789 428 1015 505 septentrionem
1035 434 1065 486 et
1085 427 1163 485 occi·

169 518 285 578 dentem
301 515 394 589 iacet,
417 512 604 588 Germaniae,
623 510 750 587 Galliae,
774 510 945 589 Hispaniae,
961 508 1050 569 multo
1064 526 1163 569 maxu-

167 602 221 659 mis
237 598 373 675 Europae
390 595 518 674 partibus
534 613 638 672 magno
653 594 806 659 intervallo
823 594 955 655 adversa.
985 592 1092 652 Albion
1106 593 1164 670 ipsi

168 698 273 743 nomen
286 682 348 757 init,
366 673 430 739 cuin
443 677 605 738 Britanniae
622 686 797 738 vocarentur
808 694 907 737 omnes
923 677 960 738 de
977 675 1079 753 quibus
1095 691 1186 737 moxs

167 765 255 847 paulo
276 765 414 826 dicemus.
454 760 534 821 llaec
555 758 639 821 abest
663 778 679 819 a
703 759 863 820 Gesoriaco
892 755 1067 818 Morinorum
1092 763 1163 834 gen2

167 852 204 909 tis
227 849 312 908 litore
336 860 476 923 proxumo
497 843 620 903 traiectu
636 842 658 901 b
674 842 713 901 bl.
741 844 1163 920 111111111111111ῑῑῑνῖῑι,

166 930 270 993 LXXV
284 928 313 989 Μ
327 927 450 1003 Pytheas
467 935 496 987 et
509 925 636 987 Isidorus
653 926 777 1001 tradunt,
795 927 911 1003 triginta
926 942 1019 1005 prope
1041 928 1096 986 iarn
1113 945 1162 990 an·

167 1018 211 1076 nis
226 1013 355 1075 notitiam
378 1013 439 1071 eius
457 1009 592 1070 11111111
610 1011 696 1071 armis
717 1026 775 1069 non
791 1009 864 1069 ultra
879 1010 1054 1071 vicinitatem
1071 1010 1162 1070 silvae

72 1148 75 1153 .
167 1097 345 1158 Caledoniae
370 1093 606 1173 propagantibus.
636 1093 767 1172 Agrippa
789 1093 995 1171 longitudinem
1015 1091 1198 1153 11000111

168 1199 247 1261 pass.
272 1198 356 1255 esse,
379 1178 555 1239 latitudinem
575 1174 650 1238 000
671 1176 701 1237 11
721 1176 823 1239 credit.
854 1177 974 1237 eandem
995 1175 1161 1253 Hiberniae,

126 1265 239 1332 103sed
262 1262 468 1340 longitudinem
491 1258 540 1321 00
563 1259 593 1321 bl
612 1279 692 1339 pass.
707 1261 856 1320 minorem.
894 1260 989 1337 Super
1004 1278 1067 1319 earn
1088 1260 1163 1321 baec

167 1352 222 1409 sita
241 1348 323 1408 abest
339 1345 510 1406 brevissimo
526 1346 646 1405 transitu
664 1362 680 1405 a
696 1343 820 1404 Silurum
834 1352 922 1421 gente
938 1342 1021 1403 XXX
1031 1342 1066 1413 ι111
1082 1361 1160 1423 pass.

166 1432 353 1510 Reliquorum
376 1425 580 1490 11111οΧΧ11
601 1426 764 1487 licircuitn
784 1427 908 1504 amplior
926 1427 1065 1504 proditur.
1097 1436 1163 1486 sunt

167 1524 262 1577 autern
280 1511 329 1573 XL
352 1509 483 1572 Oreades
508 1510 628 1569 modicis
649 1511 723 1568 inter
743 1527 779 1568 se
802 1509 947 1571 discretae
971 1510 1087 1587 spatiis,
1107 1509 1161 1571 Vll
1172 1524 1198 1565 15

166 1596 333 1671 Acmodae,
347 1592 430 1655 XXX
443 1592 613 1668 llaebudes,
631 1601 660 1651 et
673 1594 749 1651 inter
763 1591 927 1653 Hiberniam
942 1611 977 1653 ac
990 1592 1163 1655 Britanniam

166 1681 268 1754 bione,
285 1677 434 1755 blonapia,
450 1677 567 1751 Ricina,
583 1676 702 1751 Vectis,
719 1675 843 1752 Limnos,
860 1675 986 1752 Andros,
1002 1677 1075 1737 inira
1089 1693 1171 1739 vero.

166 1764 278 1824 Seminis
296 1768 324 1821 et
336 1761 478 1835 Axantos,
498 1768 526 1820 et
541 1759 576 1819 ab
593 1760 719 1820 adverso
730 1760 760 1819 iu
775 1759 973 1821 Germanicum
987 1777 1065 1820 mare
1080 1778 1162 1839 spar-

166 1863 217 1906 sae
230 1845 364 1906 Glaesiae
380 1862 452 1927 quas
467 1842 630 1903 Electridas
646 1842 751 1903 Graeci
766 1845 947 1903 recentiores
962 1843 1161 1922 appellavere,

124 1939 176 1994 104
186 1929 262 2008 quod
285 1928 324 1987 lbi
342 1928 482 1987 electrum
499 1935 679 1987 nasceretur.
708 1925 813 1987 Ultima
829 1929 952 1986 omnium
966 1945 1040 2005 qnae
1054 1943 1198 1986 memo-ao

109 2014 159 2087 ,gp
170 2022 267 2073 rantur
280 2010 389 2087 Thyle,
406 2012 434 2072 in
452 2028 507 2089 qua
524 2011 651 2072 solstitio
666 2009 759 2070 nullas
775 2028 842 2069 esse
857 2009 1161 2086 noctisindicavimns,

167 2097 264 2156 cancri
279 2096 390 2171 signum
407 2095 472 2156 sole
487 2103 665 2169 transeunte,
682 2092 837 2173 nullosque
854 2103 952 2153 contra
967 2110 1021 2172 per
1035 2093 1163 2154 brumam

165 2179 239 2239 dies.
265 2178 322 2238 boo
340 2177 453 2256 qnidam
479 2180 557 2238 senis
578 2176 725 2238 mensibus
743 2178 885 2238 continuis
902 2177 964 2236 lieri
980 2175 1161 2238 arbitrantur.
1263 2243 1264 2248 η

166 2262 299 2325 Timaeus
316 2261 470 2321 historicus
486 2261 659 2322 aBritannia
679 2262 835 2320 introrsum
850 2278 904 2319 sex
919 2260 1028 2321 dierum
1045 2261 1161 2335 naviga·
1263 2297 1264 2318 2

165 2347 245 2405 tione
264 2343 369 2404 abesse
387 2345 456 2404 dicit
476 2344 596 2404 insulam
611 2344 719 2403 Mictim
732 2345 762 2400 in
777 2359 833 2419 qua
850 2341 1000 2402 candidum
1015 2342 1161 2420 plumbum
1171 2363 1197 2404 as

166 2427 329 2507 proveniat.
357 2427 393 2485 ad
415 2442 478 2483 eam
495 2425 645 2483 Britannos
662 2422 788 2482 vitilibus
804 2426 924 2499 navigiis
943 2426 1023 2484 corio
1042 2427 1162 2485 circum·

167 2509 238 2569 sutis
253 2508 400 2581 navigare.
433 2506 503 2565 Sunt
524 2507 572 2583 qui
588 2516 617 2564 et
632 2506 705 2564 alias
721 2506 860 2581 prodant,
884 2506 1052 2581 Scandiam,
1075 2507 1162 2568 Dum·

104 2592 106 2597 '
165 2608 246 2664 narn,
262 2588 375 2665 Bergos
390 2606 606 2665 maxumamquo
623 2588 746 2646 omnium
761 2585 904 2664 Nerigon,
921 2606 959 2647 ex
974 2605 1029 2665 qua
1043 2590 1071 2647 in
1085 2588 1162 2665 ’111-

143 2683 147 2691 ’
166 2674 216 2733 len
229 2672 390 2748 navigetur.
423 2669 451 2730 A
466 2670 559 2746 Thyle
574 2672 656 2730 nnius
675 2671 732 2730 diei
747 2671 1024 2747 navigatione-mare
1040 2688 1162 2733 conone·

165 2766 223 2817 tum
239 2774 255 2817 a
272 2755 416 2815 nonnullis
432 2752 566 2814 Cronium
581 2753 754 2832 appellatur.
1172 2764 1198 2805 11
1262 2781 1264 2806 i

124 2851 175 2904 105
241 2840 289 2900 17.
307 2839 391 2917 (31.)
408 2836 499 2901 Gallia
522 2839 612 2898 omnis
630 2835 750 2898 Comata
768 2854 824 2897 nno
841 2838 955 2897 nomine
970 2837 1117 2918 appellata
1132 2840 1162 2897 in

166 2924 223 2997 tria
238 2923 412 3000 populorum
427 2940 535 2998 genera
550 2922 699 2997 dividitur,
725 2920 854 2980 amnibus
869 2939 1001 2981 maxume
1016 2922 1159 2981 distincta.

166 3024 183 3067 a
200 3005 307 3066 Scalde
323 3006 358 3065 ad
372 3007 535 3084 Sequanam
550 3004 687 3082 Belgica,
702 3004 738 3064 ab
760 3021 796 3064 eo
813 3003 851 3085 ad
863 3003 1032 3064 Garumnam
1048 3001 1161 3065 Celtica

165 3088 326 3165 eademque
345 3087 559 3165 lugdunensis,
581 3089 649 3148 inde
670 3088 706 3147 ed
726 3087 868 3163 Pyrenaei
886 3089 990 3147 montis
1007 3105 1161 3147 excursum

167 3172 353 3249 Aquitanica,
378 3169 547 3232 Aremorica
571 3179 637 3231 ante
663 3172 748 3231 dicta.
784 3170 953 3230 Universam
975 3170 1197 3241 1111117111,

168 3252 197 3313 ll
214 3270 349 3331 passuum
366 3250 512 3332 Agrippa,
530 3253 684 3318 (talliarum
697 3256 773 3313 inter
788 3252 919 3314 libenum
935 3262 964 3313 et
981 3255 1160 3327 Pyrenaeum

168 3346 253 3413 atque
270 3352 409 3393 oceanum
426 3355 461 3396 ao
479 3338 582 3397 montis
599 3335 765 3397 Cebennam
780 3344 810 3396 et
823 3336 912 3408 luris,
929 3336 1031 3413 quibus
1046 3335 1159 3395 Narbo·

167 3434 287 3495 nensem
312 3415 432 3479 Galliam
459 3420 601 3497 excludit,
631 3420 838 3498 longitudinem
864 3415 1159 3500 0000111111-
